4106 6184
646 152 785 209 i287

1893 145 2083 204 MARII
2109 135 2473 204 VICTORINI
2503 146 2661 204 AFRI

3711 165 3808 225 1288

637 277 886 340 agentes,
915 273 968 322 et
1009 271 1229 336 agentes
1260 277 1358 333 pro
1395 262 1683 319 omnibus:
1721 277 1827 318 non
1853 265 1993 319 enim
2026 272 2228 319 tantum
2260 266 2312 324 Α
2337 272 2391 318 et
2415 263 2530 318 sine
2558 260 2760 316 macula
2790 268 2844 315 et
2869 258 2987 315 sine
3013 271 3143 330 ruga
3174 275 3187 313 :
3213 257 3323 315 haec
3340 259 3465 316 enim
3485 265 3809 330 alieruntdctor.

639 375 741 430 pro
773 359 944 420 nobis,
976 357 1070 411 sed
1100 356 1260 412 etiam
1292 372 1392 427 pro
1432 357 1572 422 aliis,
1605 372 1739 426 quos
1784 365 2060 412 correctos
2091 358 2239 412 vide-

638 466 781 505 mus.
812 449 879 504 Et
909 464 1128 520 agamus
1154 449 1354 520 gratias
1393 448 1515 503 cui?
1549 447 1698 502 Patri
1726 459 1771 502 et
1799 447 1932 513 Deo,
1967 449 2059 504 sed
2093 449 2240 503 Patri

640 551 696 599 et
725 542 837 597 Deo
863 542 915 596 in
944 543 1161 597 nomine
1188 541 1399 598 Domini
1423 556 1645 612 agamus
1671 544 1889 611 gratias.
1921 540 2069 596 Tunc
2094 543 2237 597 enim

637 634 839 704 gratias
870 642 1018 688 recte
1048 634 1278 704 agimus,
1321 633 1364 687 si
1403 650 1507 687 nun
1547 641 1732 687 nostro
1772 633 2011 701 nomine,
2049 633 2142 688 sed
2186 633 2238 688 in

638 727 858 782 nomine
909 725 1104 782 Christi
1161 727 1268 780 Deo
1327 725 1526 795 gratias
1578 726 1806 795 agimus.
1868 724 2098 780 Necesse
2158 734 2238 781 est

639 821 809 886 enim,
846 828 901 875 et
934 819 1000 875 de
1032 818 1135 874 hoc
1163 818 1280 888 ipso
1297 817 1440 889 quod
1475 833 1572 872 uos
1598 818 1809 873 liberati
1842 834 2048 884 sumus,
2091 827 2145 874 et
2173 818 2241 875 de

641 930 708 971 co
735 913 877 986 quod
897 913 1155 984 Spiritum
1178 912 1487 982 recipimus,
1517 926 1737 982 agamus
1750 911 1950 982 gratias
1972 911 2080 965 Deo
2105 928 2117 964 ε
2146 911 2241 967 sed

647 1019 773 1066 tunc
807 1019 976 1074 recte,
1012 1007 1059 1063 si
1090 1009 1142 1062 in
1177 1006 1393 1061 nomine
1419 1005 1620 1062 Christi
1649 1005 1858 1074 agimus
1889 1003 1997 1059 Deo
2023 1003 2241 1073 gratias.

712 1104 880 1160 Vnus.
910 1103 1002 1157 2i.
1040 1131 1112 1142 ——
1140 1101 1375 1172 Subjecti
1403 1099 1615 1153 invicem
1640 1101 1691 1152 in
1720 1099 1900 1152 timore
1922 1096 2132 1151 Christi.
2159 1096 2245 1152 lu-

641 1200 842 1262 vicem,
874 1195 925 1250 id
950 1202 1032 1250 est
1059 1193 1196 1248 alter
1221 1207 1321 1262 pro
1348 1191 1553 1246 altero:
1587 1190 1638 1242 in
1671 1190 1849 1243 timore
1873 1186 2064 1242 Christi
2094 1189 2147 1242 in
2176 1203 2243 1244 eo

640 1291 784 1362 quod
832 1291 1084 1344 timemus
1123 1286 1436 1341 Christum:
1483 1291 1541 1338 ut
1577 1282 1779 1338 dictum
1826 1283 1988 1338 timor
2030 1281 2244 1338 Domini

644 1385 856 1440 initium
900 1395 1099 1437 sensus
1129 1380 1234 1453 (1).

710 1476 874 1532 Vens.
895 1475 986 1540 22,
1014 1474 1107 1539 25,
1135 1472 1314 1526 24.——
1335 1470 1578 1527 Mulieres
1615 1471 1734 1526 viris
1761 1471 1866 1526 suis
1903 1468 2120 1524 subdita:
2141 1467 2242 1522 sint

646 1570 777 1626 sicut
795 1567 1033 1623 Domino.
1060 1566 1235 1623 Etiam
1257 1574 1523 1636 prtecepta
1542 1563 1739 1619 dantur
1764 1562 2096 1622 mulieribus.
2113 1558 2241 1632 quid

2343 358 2582 412 mitatcm
2614 364 2670 411 ct
2696 355 2955 409 maculam
2984 361 3039 407 ct
3062 368 3276 419 rugam;
3298 354 3470 421 quibus
3487 371 3589 412 cum
3606 373 3716 416 caret
3728 382 3814 421 cor-

2341 465 2461 520 pus,
2493 449 2654 518 viget,
2686 447 2862 514 ﬂoret,
2891 447 3145 501 decorum
3169 454 3270 500 est.
3301 446 3398 501 Sed
3424 457 3589 517 prater
3612 451 3816 527 ltrcadje-

2341 542 2417 597 cit
2433 553 2519 596 aut
2546 540 2741 611 aliquid
2766 540 3040 614 ejusmodi,
3070 539 3120 594 id
3139 539 3275 594 estsi
3301 539 3414 610 quid
3437 542 3528 596 tale
3553 546 3682 599 etiam
3704 561 3763 603 est
3781 563 3821 607 ut

2343 653 2535 692 nomen
2560 637 2782 700 habeat;
2815 635 2904 689 sed
2921 645 2973 688 ut
2993 636 3059 689 sit
3074 644 3252 690 sancta
3272 647 3313 687 et
3328 636 3629 692 immaculata.
3658 641 3821 714 Hocegit

2343 732 2585 787 Christus
2612 739 2670 785 ut
2715 730 2786 785 sit
2813 729 3054 784 Ecclesia
3089 739 3145 783 et
3169 737 3347 784 sancta
3384 740 3433 785 et
3459 731 3750 789 inunaculata.
3774 737 3824 794 lu

2343 833 2525 878 sancta
2556 824 2608 876 in
2634 821 2790 888 co,id
2825 821 3063 892 estquod
3094 821 3303 875 lavacro
3332 836 3470 890 aqua:
3499 825 3697 879 ctvcrbo
3720 843 3826 883 mun-

2344 917 2528 972 datur:
2547 915 2904 980 immaculata,
2931 914 3072 985 quod
3099 914 3216 968 sine
3243 916 3435 968 [uacula
3459 924 3532 969 cst
3555 926 3600 970 et
3613 917 3707 972 sine
3722 935 3826 990 ruga.

2415 1009 2579 1066 Vens.
2631 1009 2722 1065 28.
2770 1039 2840 1050 —
2890 1007 2974 1062 lla
3016 1020 3064 1064 et
3121 1007 3429 1072 viridebeut
3473 1010 3654 1081 diligere
3700 1029 3830 1069 uxores

2342 1120 2463 1159 suas
2491 1104 2616 1158 sicut
2640 1120 2788 1157 suum
2815 1119 3001 1174 corpus
3033 1100 3133 1173 (1).
3158 1100 3310 1156 Paria
3341 1110 3580 1172 praecepta
3602 1104 3732 1160 etiam
3754 1108 3832 1162 viro

2343 1199 2559 1265 dantur,
2582 1206 2641 1252 ut
2659 1212 2863 1252 uxores
2889 1211 3013 1251 suas
3043 1194 3300 1266 diligant;
3323 1204 3375 1248 ut
3403 1212 3552 1256 suum.
3580 1195 3733 1266 inquit,
3757 1216 3834 1253 cor-

2344 1309 2460 1364 pus.
2494 1292 2582 1349 Sic
2611 1291 2753 1346 enim
2787 1297 2841 1344 et
2869 1287 3088 1343 historia
3122 1287 3470 1358 generationis
3493 1287 3835 1358 ostendit,un

2343 1387 2412 1444 de
2437 1386 2535 1442 viri
2561 1393 2709 1440 costa
2732 1382 2947 1440 hemina
2980 1381 3189 1437 cliecta.
3223 1381 3357 1451 Ergo
3385 1379 3456 1436 sic
3479 1396 3668 1435 uxorem
3691 1381 3834 1451 diligat,

2342 1483 2493 1552 quasi
2519 1497 2668 1537 suum
2696 1496 2898 1546 corpus.
2937 1477 3036 1544 Qui
3061 1492 3270 1530 uxorem
3291 1491 3429 1530 suout
3457 1474 3636 1544 diligit,
3661 1489 3703 1528 se
3723 1475 3839 1542 ipsum

2344 1575 2529 1646 diligit.
2553 1573 2754 1629 Eadem
2781 1573 3007 1642 repetit:
3032 1571 3076 1623 si
3099 1569 3242 1625 enim
3268 1583 3330 1624 ex
3353 1581 3563 1637 corpore
3588 1572 3736 1622 nostra
3751 1582 3842 1619 uror

639 1677 732 1718 eas
745 1658 1182 1732 oporteatfacere
1199 1667 1253 1713 et
1269 1657 1561 1729 quomodo.
1579 1655 1710 1710 Nam
1733 1654 1863 1726 quid
1880 1670 1973 1711 eas
1997 1661 2238 1721 onor-teat

2348 1679 2464 1735 est,
2490 1668 2576 1740 qui
2606 1683 2814 1721 uxorem
2850 1682 2996 1720 suout
3033 1663 3202 1732 diligit
3228 1703 3242 1724 ,
3273 1678 3325 1716 se
3353 1661 3510 1729 ipsum
3544 1659 3704 1730 diligit.
3729 1658 3844 1713 Etsic

637 1754 835 1819 facere,
854 1752 990 1808 dixit
1013 1753 1134 1807 viris
1150 1751 1257 1805 suis
1277 1750 1492 1805 subdita:
1505 1749 1625 1806 sint.
1643 1747 1962 1816 Quomodo?
1983 1748 2115 1802 sicut
2137 1745 2246 1801 Do-

638 1849 798 1914 mino,
817 1847 901 1902 vel
917 1846 1056 1901 sicut
1071 1845 1312 1900 Christo:
1334 1851 1390 1898 ut
1413 1844 1480 1897 ita
1503 1843 1609 1898 sint
1631 1843 1736 1897 illis
1753 1840 1871 1906 viri,
1890 1841 2038 1911 quasi
2058 1855 2241 1895 earum

635 1939 908 1997 dominus.
934 1940 1156 2010 Denque
1181 1938 1254 1993 ita
1274 1952 1394 1994 esse
1412 1979 1426 2003 ,
1456 1938 1737 1991 irationem
1766 1934 1960 1990 reddit.
1989 1935 2244 1998 Quoniam

636 2034 873 2104 vircaput
887 2042 962 2088 est
975 2033 1147 2086 uxoris
1163 2030 1264 2103 (2),
1289 2034 1420 2085 sicut
1446 2039 1491 2084 et
1521 2029 1752 2084 Christus
1781 2039 1934 2097 caput
1965 2038 2037 2082 est
2067 2027 2246 2080 Eccle-

632 2127 725 2182 sia:
752 2141 771 2180 :
798 2127 908 2196 ipse
930 2124 1154 2180 salvator
1184 2123 1414 2190 corporis
1447 2123 1546 2195 (3).
1601 2122 1690 2177 Sic
1741 2121 1904 2176 etiam
1953 2121 2036 2174 vir
2084 2128 2246 2188 caput

634 2229 720 2276 est
769 2219 972 2274 uxoris.
1013 2217 1080 2271 Et
1131 2227 1186 2271 ut
1239 2215 1470 2271 Ecclesia
1518 2215 1720 2270 subdita
1761 2224 1835 2270 est
1872 2213 2078 2268 Christo
2136 2211 2236 2283 (’t),

632 2311 708 2365 ita
734 2320 782 2366 et
803 2309 1043 2365 mulieres
1071 2308 1289 2364 subdita:
1314 2309 1369 2363 in
1395 2304 1650 2372 omnibus,
1682 2305 1940 2362 modesta:
1967 2321 2029 2361 ac
2058 2305 2244 2360 mode-

639 2410 772 2457 rata:
813 2401 866 2456 in
899 2401 1166 2456 omnibus.

710 2494 873 2549 Vens.
900 2495 995 2561 25,
1021 2495 1191 2550 26.—
1208 2493 1334 2560 Viri,
1357 2493 1553 2565 diligite
1579 2508 1765 2548 uxores
1796 2502 2005 2558 vestras,
2029 2492 2160 2546 sicut
2195 2499 2242 2544 et

542 2581 552 2588 ’
639 2583 870 2642 Christus
883 2588 1059 2643 dilexit
1074 2586 1378 2654 Ecclesium,
1399 2597 1445 2640 et
1458 2588 1779 2656 semetipsum
1795 2587 2004 2640 tradidit
2016 2603 2109 2654 pro
2124 2585 2238 2652 illa,

637 2694 694 2738 ut
707 2700 819 2739 eam
838 2683 1176 2753 sanctiﬁcaret
1193 2682 1445 2737 mundam
1459 2683 1509 2736 iu
1526 2683 1728 2736 lauacro
1743 2697 1887 2749 aqua:
1903 2681 1956 2734 in
1973 2680 2118 2735 verbo
2133 2679 2236 2751 (5).

637 2774 871 2832 Transiit
898 2775 965 2829 ad
993 2777 1167 2844 viros,
1203 2785 1260 2831 ut
1285 2774 1400 2848 pari
1421 2775 1579 2832 modo
1600 2775 1917 2847 praeciperet
1955 2774 2085 2828 viris
2111 2771 2239 2844 quid

649 2871 913 2944 agendum
929 2886 1051 2928 cum
1068 2871 1343 2927 uxoribus.
1365 2869 1790 2940 Diligite.inquit,
1803 2883 1998 2925 uxores
2011 2879 2236 2923 vestras.

636 2961 832 3018 Reddit
877 2962 1141 3016 rationem
1182 2960 1252 3016 de
1276 2960 1468 3016 eodem
1498 2960 1782 3030 exemplo;
1833 2961 1992 3026 sicut,
2040 2960 2234 3031 inquit,

636 3054 882 3111 Christus
901 3055 1095 3110 dilexit
1119 3053 1666 3109 Ecclesiam.Etenim
1693 3061 1853 3124 caput
1877 3064 1964 3109 est
1992 3030 2235 3108 mulieris
2263 3030 2309 3095 ο

633 3149 738 3217 vir,
773 3157 828 3204 et
848 3159 1007 3218 caput
1037 3156 1120 3203 est
1146 3146 1404 3202 Ecclesiae
1427 3147 1674 3202 Christus
1699 3163 1712 3199 :
1741 3153 1796 3202 et
1821 3147 1961 3202 sicut
1987 3144 2234 3201 Christus

643 3241 863 3298 tradidit
883 3240 1230 3311 semetipsum
1251 3255 1348 3310 pro
1362 3238 1596 3294 Ecclesia
1625 3248 1681 3292 ut
1707 3253 1824 3294 eam
1851 3236 2230 3302 sanctiﬁcaret,

635 3333 718 3391 sic
743 3345 798 3390 et
819 3333 908 3389 hic
929 3333 1011 3389 vir
1034 3347 1130 3404 pro
1153 3332 1241 3386 illa
1264 3331 1440 3386 omnia
1467 3330 1735 3402 patienter
1762 3331 2029 3386 sustinere
2050 3329 2232 3394 debet,

635 3437 696 3483 ut
724 3443 845 3484 eam
874 3426 1194 3483 sanctiﬁcet.
1217 3425 1536 3481 Perseverat
1557 3434 1733 3480 tamen
1752 3424 1878 3493 quid
1901 3424 2230 3493 praestiterit,

632 3521 884 3578 Christus
932 3520 1247 3585 Ostendere,
1298 3517 1440 3590 quod
1470 3517 1819 3588 semetipsum
1873 3515 2123 3582 tradidit,
2175 3523 2235 3570 ut

632 3616 922 3672 mandaret
967 3614 1020 3670 in
1063 3614 1279 3668 lavacro
1317 3628 1469 3684 aqua:
1508 3622 1563 3667 et
1607 3612 1659 3666 in
1703 3611 1867 3666 verbo
1912 3610 2229 3665 Ecclesiam.

633 3706 832 3779 Utique
852 3705 1179 3775 accipiamus
1200 3705 1517 3770 Ecclesiam,
1542 3719 1757 3760 omnem
1777 3702 2012 3770 ﬁdelem,
2042 3713 2096 3758 et
2117 3719 2234 3758 om-

633 3816 757 3857 nem
785 3803 874 3871 qui
899 3799 1170 3869 baptisma
1197 3798 1405 3868 accepit
1433 3816 1445 3850 :
1487 3798 1541 3852 in
1573 3797 1676 3854 ﬁde
1702 3797 1997 3852 assumitur
2028 3797 2234 3852 scilicet

632 3903 688 3950 et
714 3893 933 3949 lavacro
960 3906 1112 3962 aqua:
1148 3900 1203 3946 et
1229 3890 1571 3945 invocatione
1594 3891 1771 3946 verbi.
1802 3889 1929 3945 Haec
1957 3890 2024 3945 ad
2057 3891 2230 3946 virum

631 3987 775 4043 circa
807 4000 1029 4041 uxorem
1059 3983 1511 4056 quemadmodum
1550 3985 1849 4040 revocanda
1880 3986 2007 4053 sint,
2041 4001 2230 4056 parum

631 4081 836 4137 clarum
869 4087 996 4135 est:
1041 4079 1213 4148 potuit
1245 4085 1424 4132 tamen
1459 4075 1627 4132 videri
1662 4078 1713 4131 id
1741 4077 1884 4147 quod
1929 4077 1995 4132 ad
2041 4079 2233 4134 simili-

633 4171 872 4228 tudinem
923 4169 1086 4226 dabat
1133 4170 1186 4224 in
1231 4178 1384 4240 parte
1427 4167 1707 4239 superiore
1759 4169 2073 4236 convenire,
2132 4169 2232 4226 hac

633 4277 787 4339 parte
834 4267 977 4322 circa
1017 4265 1260 4336 mysterii
1308 4265 1670 4318 narrationem
1711 4279 1834 4320 esse
1879 4265 2228 4336 completum.

634 4361 1018 4419 Verumtamen
1047 4359 1208 4415 etiam
1249 4358 1352 4414 hoc
1378 4372 1591 4428 quoque
1619 4359 1662 4413 si
1691 4373 2005 4414 revocemus
2031 4359 2096 4414 ad
2131 4359 2227 4413 viri

629 4454 967 4527 patientiam,
995 4461 1054 4506 ut
1089 4466 1148 4506 se
1179 4450 1355 4506 tradat
1393 4423 1776 4522 pro-muliere,
1820 4459 1874 4505 et
1904 4450 2080 4505 omnia
2108 4450 2226 4520 ejus
2252 4423 2305 4484 Β

628 4549 764 4604 ferat
788 4547 1131 4620 patiaturque
1156 4545 1317 4600 etiam
1350 4543 1630 4616 passiones
1663 4545 1922 4611 tolerans,
1953 4545 2040 4600 illa
2069 4561 2227 4601 mun-

628 4639 1067 4694 dabiturlavacro
1082 4646 1137 4694 et
1152 4635 1338 4703 verbo;
1364 4635 1414 4690 id
1433 4645 1515 4690 est
1537 4635 1757 4692 habebit
1777 4637 1918 4706 apud
1943 4637 2222 4693 Dominum

631 4732 1087 4802 puriﬁcationem;
1110 4745 1232 4786 cum
1261 4728 1403 4784 illam
1437 4743 1623 4798 puram
1659 4727 1856 4792 reddit,
1890 4740 1943 4784 et
1971 4731 2222 4799 patientia

630 4823 878 4880 idoneam
908 4824 1031 4878 facit
1058 4834 1114 4878 ut
1138 4823 1352 4878 lavacro
1378 4829 1433 4877 ct
1459 4822 1626 4877 verbo
1656 4820 2041 4878 sanctiﬁcetur.

703 4915 865 4971 Vens.
891 4916 982 4970 27.
1011 4946 1082 4958 —
1109 4915 1177 4972 Ut
1202 4915 1444 4988 praeberet
1491 4917 1599 4988 ipse
1623 4917 1720 4971 sibi
1745 4919 2019 4988 gloriosam
2049 4917 2226 4974 Eccle—

626 5011 777 5067 siam.
817 5008 921 5064 Pro
941 5009 1180 5065 Ecclesia
1198 5052 1213 5076 ,
1239 5009 1413 5080 inquit
1430 5050 1444 5074 ,
1473 5024 1531 5065 se
1552 5009 1701 5066 dedit
1727 5011 1972 5067 Christus
1991 5053 2008 5080 ,
2028 5020 2090 5066 ut
2115 5013 2228 5082 glo-

626 5107 826 5165 riosam
857 5103 961 5160 sibi
990 5102 1507 5160 faceretEcclesiam
1558 5120 1738 5171 suam;
1793 5107 1954 5162 etiam
2012 5123 2222 5178 puram,

701 5242 782 5375 (1)
801 5243 1000 5336 Psalm.
1015 5259 1109 5308 cx,
1127 5242 1212 5326 1
1226 5243 1543 5327 Ριιοεεηειιε,
1558 5241 1716 5314 Vulg.
1746 5242 1906 5302 habet
1930 5247 2210 5318 sapientior.

727 5317 787 5375 2)
823 5318 848 5368 \
866 5316 973 5375 ulg.
998 5333 1012 5371 :
1038 5311 1284 5370 mulieris.

717 5311 787 5390 [2)
818 5316 973 5390 Vulg.
998 5333 1012 5371 :
1038 5311 1284 5390 mulieris.

805 5385 972 5469 _Vu_lg.
1003 5385 1174 5469 addit,
1205 5389 1337 5469 ejus.

724 5461 777 5528 ιι)
805 5455 965 5529 Vulg.
995 5477 1010 5513 :
1054 5457 1160 5514 Sed
1195 5455 1325 5513 sicut
1353 5455 1588 5530 Ecclesia
1629 5461 1854 5530 subjecta
1879 5469 1952 5516 est
1993 5459 2212 5530 Christo,

630 5529 768 5587 itaet
789 5531 1029 5587 mulieres
1049 5531 1172 5586 uiris
1196 5531 1306 5585 suis
1331 5531 1386 5584 in
1410 5529 1657 5588 omnibus.

703 5599 786 5675 (5)
827 5601 985 5657 Deest
1003 5603 1118 5658 uiue
1135 5602 1276 5675 apud
1298 5601 1630 5675 Victorinum
1655 5601 1776 5661 heic
1795 5618 1845 5662 et
1869 5601 2009 5660 infra
2028 5603 2214 5663 confer

628 5672 773 5746 vulg.
801 5681 1021 5745 propter
1055 5672 1323 5732 variantes
1359 5672 1640 5732 Victorini.

2349 1773 2534 1835 postea
2557 1762 2831 1832 subjungit
2851 1758 3155 1828 exemplum
3184 1775 3196 1810 :
3219 1765 3266 1809 et
3288 1763 3430 1808 erunt
3451 1754 3545 1807 duo
3560 1753 3606 1805 in
3623 1767 3746 1805 carne
3760 1767 3842 1804 alia.

2419 1858 2584 1914 Vens.
2621 1857 2713 1911 29.
2746 1884 2818 1896 —
2870 1852 3036 1906 Nemo
3089 1851 3224 1904 enim
3273 1863 3486 1917 unquam
3541 1861 3665 1899 suam
3702 1858 3845 1896 carnem

2345 1954 2450 2008 odit
2480 1951 2578 2024 (2),
2609 1949 2697 2004 sed
2727 1947 2884 2002 nutrit
2911 1957 2956 2000 et
2987 1945 3119 2014 [ovet
3149 1942 3314 1996 illam.
3339 1940 3611 1995 Coulirmat
3632 1978 3644 2002 ,
3665 1934 3773 2005 quod
3792 1949 3848 1987 se-

2345 2045 2579 2102 cundum
2622 2051 2865 2097 naturam
2899 2047 2983 2094 est
3020 2037 3107 2091 hic
3140 2050 3324 2098 amor,
3358 2041 3414 2086 ut
3450 2044 3647 2086 carnem
3678 2034 3846 2080 nostram

2345 2140 2650 2210 diligamus.
2681 2136 2738 2192 Si
2765 2144 2944 2189 autem
2977 2147 3104 2187 caro
3135 2136 3322 2184 nostra
3349 2126 3553 2182 loemina
3579 2131 3663 2185 est,
3679 2119 3848 2188 etprima

2345 2231 2562 2288 flemina
2591 2228 2659 2284 de
2679 2242 2840 2283 carne
2885 2225 3018 2291 viri,
3048 2231 3102 2278 et
3145 2223 3223 2276 sic
3256 2219 3467 2276 {catilina
3502 2226 3557 2271 ut
3585 2213 3737 2269 eadem
3758 2221 3847 2263 uxor

2345 2324 2514 2395 ipsius
2543 2321 2726 2386 fuerit,
2750 2334 2872 2374 cum
2899 2331 3059 2372 nemo
3083 2329 3235 2370 suam
3259 2327 3473 2368 carnem
3499 2308 3669 2374 oderit,
3688 2303 3760 2357 sed
3778 2315 3851 2354 ma-

2343 2392 2422 2488 gis
2455 2415 2657 2471 nutriat
2683 2423 2738 2467 et
2768 2410 2982 2473 foveat;
3010 2409 3173 2464 debet
3201 2421 3333 2476 ergo
3359 2413 3412 2460 et
3440 2415 3639 2457 uxorem
3673 2397 3734 2451 sic
3763 2392 3847 2488 dilif

2341 2482 2498 2583 gere,
2521 2517 2579 2563 ut
2607 2522 2758 2563 suam
2781 2519 3024 2570 carnem,
3052 2504 3181 2556 sicut
3212 2509 3261 2554 et
3291 2495 3517 2552 Christus
3537 2489 3786 2546 Ecclesium.
3809 2482 3853 2537 El

2341 2605 2485 2660 circa
2512 2603 2683 2657 virum
2711 2598 2899 2655 eadem
2928 2603 3192 2666 przeccpta
3226 2599 3374 2657 sunt,
3397 2602 3513 2660 qua:
3533 2587 3656 2641 circa
3676 2591 3848 2635 uxorcnr

2343 2698 2435 2754 Sic
2460 2696 2601 2752 enim
2631 2695 2754 2748 data
2783 2690 2972 2760 religio
2998 2697 3083 2744 est
3109 2697 3273 2757 atque
3302 2681 3547 2746 formido,
3578 2687 3629 2732 ut
3651 2688 3757 2728 uxor
3777 2669 3854 2721 viro

2341 2791 2540 2845 serviat
2579 2787 2831 2858 quoniam
2874 2783 2954 2836 vir
2993 2778 3178 2836 uxoris
3227 2785 3390 2846 caput
3429 2781 3547 2835 est,
3582 2777 3633 2823 ut
3671 2759 3852 2820 Ecclesia

2340 2857 2634 2937 Christus:
2667 2881 2736 2934 ita
2768 2890 2912 2932 nunc
2940 2884 2993 2930 et
3021 2873 3140 2927 viro
3166 2871 3273 2927 hoc
3311 2874 3622 2940 prmceptmn
3656 2857 3857 2918 datur,ut

2339 2990 2564 3032 uxorem
2590 2988 2741 3028 suam
2768 2969 2973 3041 diligat,
3004 2962 3462 3038 quemadmodum
3484 2955 3702 3012 Christus
3719 2945 3854 3004 Eccle-

2339 3084 2494 3124 sram.
3833 3115 3839 3123 ι

2412 3148 2575 3204 Vens.
2625 3146 2716 3201 50,
2763 3173 2835 3184 —-—
2891 3140 3146 3209 Quoniam
3213 3134 3443 3191 membra
3489 3143 3649 3186 sumus
3695 3129 3855 3209 carpant

2337 3249 2468 3319 ejus.
2498 3244 2562 3297 Et
2595 3253 2754 3311 supra
2797 3239 2866 3293 ita
2895 3235 3096 3290 dictum
3127 3231 3374 3286 Ecclesia
3400 3238 3584 3282 omnes
3614 3225 3721 3276 sunt
3740 3207 3856 3268 sancti

2337 3314 2546 3404 fideles,
2573 3352 2694 3408 qua:
2719 3333 2961 3390 membra
2989 3336 3114 3386 sunt
3137 3326 3361 3392 Christi,
3396 3332 3450 3379 et
3482 3321 3537 3374 lit
3561 3328 3702 3408 unum
3720 3314 3856 3373 corpus

2335 3434 2537 3491 Christi
2581 3406 2820 3488 Ecclesia
2842 3470 2856 3493 ,
2889 3426 2977 3482 cui
3030 3431 3190 3492 caput
3245 3429 3332 3475 est
3374 3415 3631 3473 Christus.
3662 3406 3724 3460 De
3755 3410 3857 3455 came

2334 3526 2516 3598 ipsius,
2548 3534 2592 3579 et
2616 3525 2677 3578 de
2704 3521 2900 3578 ossibus
2925 3519 3062 3588 ejus.
3097 3513 3334 3569 Membra
3367 3523 3567 3569 sumus,
3601 3497 3755 3598 inquit.
3775 3506 3856 3598 θξιξ·

2336 3585 2435 3678 lies
2472 3621 2538 3676 de
2577 3619 2743 3687 ipsius
2781 3630 2943 3671 carne
2979 3610 3129 3668 etde
3157 3609 3278 3678 ejus
3318 3605 3553 3662 ossibus.
3584 3597 3686 3654 Nun
3718 3585 3858 3687 ita-hic

2335 3714 2706 3787 accipiendum
2748 3720 3001 3780 tanquam
3038 3705 3195 3777 hujus
3233 3701 3452 3767 carnis,
3485 3709 3634 3787 quam
3673 3683 3858 3787 induilf'l

2335 3807 2387 3861 in
2412 3775 2516 3876 qua
2544 3803 2814 3874 apparuit,
2843 3775 2941 3853 nos
2970 3775 3176 3867 partem
3208 3792 3512 3847 habeamus
3529 3782 3626 3857 (5),
3646 3785 3693 3835 et
3711 3775 3858 3876 dent-illis

2335 3901 2546 3958 ossibus
2566 3941 2581 3966 ,
2606 3913 2726 3969 qua:
2772 3908 2894 3949 ossa
2923 3890 3142 3946 fuerunt
3170 3889 3356 3943 carnis
3384 3883 3532 3953 ejus,
3565 3879 3614 3932 in
3641 3887 3730 3969 qua
3751 3865 3858 3969 (ξιιτν

2333 3957 2706 4062 stusapparitit
2723 4005 2736 4042 :
2755 3985 2848 4042 sed
2863 3982 3188 4054 accipiamus
3209 3980 3470 4033 deitatem
3492 3981 3645 4026 totam
3665 3957 3858 4062 ejusdem,

2333 4051 2560 4158 quaeest
2591 4081 2645 4136 in
2683 4078 2904 4150 spiritu,
2936 4074 3026 4131 ubi
3072 4074 3124 4128 in
3155 4071 3416 4126 omnibus
3457 4078 3614 4134 supra
3652 4051 3860 4158 ctBlumf‘

2334 4152 2386 4235 in
2408 4177 2719 4236 etelestibus
2746 4173 3038 4244 potentiam
3065 4166 3283 4224 deitatis
3313 4178 3429 4218 sum
3455 4158 3632 4221 habet,
3652 4152 3770 4207 circa
3788 4156 3862 4244 'spt-

2334 4273 2518 4336 ritum,
2533 4270 2674 4324 circa
2697 4242 2953 4329 mentem,
2976 4275 3133 4332 quam
3154 4264 3272 4314 νοῦν
3295 4251 3475 4312 Graeci
3492 4249 3686 4308 dicunt,
3706 4242 3862 4336 etaim

2335 4367 2586 4420 animam.
2621 4361 2716 4416 Hic
2740 4359 2899 4430 igitur
2919 4354 3170 4426 quoniam
3196 4360 3252 4407 et
3280 4362 3384 4404 nos
3416 4348 3532 4399 lucc
3557 4337 3848 4430 cadentilill’f

2333 4473 2474 4522 mus,
2492 4452 2856 4525 accipiendum
2875 4449 2944 4504 ita
2967 4455 3070 4514 est,
3087 4442 3230 4516 quod
3249 4439 3497 4496 membra
3518 4445 3690 4489 sumus
3705 4424 3863 4525 Chr-isti,

2334 4512 2386 4608 id
2415 4512 2499 4607 est
2531 4551 2583 4604 in
2610 4512 2914 4602 substantia
2953 4512 3210 4611 spiritali;
3243 4543 3300 4591 et
3327 4533 3397 4588 de
3418 4543 3582 4586 carne
3608 4512 3867 4617 ejusfde

2331 4645 2400 4701 de
2426 4644 2634 4707 anima;
2661 4648 2717 4696 ct
2740 4639 2808 4693 de
2827 4636 3059 4698 ossibus,
3089 4632 3141 4687 id
3165 4639 3247 4686 est
3274 4629 3400 4684 dico
3422 4623 3563 4697 quod
3591 4625 3705 4677 νοῦς
3728 4611 3867 4710 ἀῖςξιυξ

2329 4755 2526 4812 grmce.
2553 4736 2744 4793 Omnia
2785 4733 2927 4789 enim
2964 4731 3065 4784 ista
3096 4728 3296 4782 virtute
3337 4723 3432 4778 Dei
3473 4720 3526 4774 in
3571 4699 3868 4812 superiortlm:

2331 4802 2548 4904 spiritus
2576 4838 2732 4891 sunt;
2765 4828 2902 4882 sicut
2927 4831 2980 4880 et
3006 4823 3146 4877 idem
3172 4818 3371 4874 Paulus
3393 4814 3526 4869 dicit
3552 4810 3601 4864 in
3624 4802 3849 4904 epistulaa;

2332 4894 2839 4984 'lzhessalonicenses
2875 4917 3045 4988 prima
3089 4912 3166 4986 (4)
3209 4911 3378 4981 :ipse
3419 4904 3566 4963 enim
3607 4900 3732 4954 Deus
3768 4894 3869 4959 ῐιθειε

2333 5019 2631 5077 sanctilicet
2655 5031 2751 5070 vos
2775 5028 2869 5084 per
2895 5009 3105 5074 omnia;
3133 5014 3189 5062 ut
3215 5006 3302 5076 (5)
3336 5004 3552 5070 integer
3577 4993 3771 5065 spiritus
3791 4991 3872 5033 V85-

2335 5125 2417 5171 ter
2446 5123 2501 5168 et
2526 5110 2706 5166 anima
2732 5117 2788 5163 et
2809 5121 3006 5176 corpus
3034 5108 3296 5160 servetur.

2393 5207 2562 5265 Vens.
2585 5203 2677 5260 51.
2719 5230 2792 5242 -
2812 5198 3037 5269 Propter
3057 5198 3150 5250 hoc
3171 5191 3432 5262 relinquet
3457 5185 3540 5262 (6)
3565 5184 3706 5238 homo
3728 5180 3872 5246 palml

2393 5321 2472 5394 (1)
2495 5318 2660 5394 Vulg.
2683 5334 2696 5371 :
2717 5315 3165 5394 tucorporasua.

2385 5388 2467 5466 (‘2)
2492 5392 2649 5466 Vulg.
2671 5407 2685 5444 :
2717 5389 2851 5466 _0dio
2880 5388 3074 5442 habuit.

2395 5402 2445 5466 (2
2496 5402 2642 5462 Vulg.
2671 5407 2685 5444 :
2720 5402 2851 5444 uato
2880 5402 2908 5442 η

2395 5402 2473 5536 (ὃ)
2501 5463 2673 5520 Codd.
2707 5463 2908 5536 hahere.

2417 5535 2474 5606 4)
2502 5536 2633 5606 Cap.
2667 5549 2734 5599 v,
2765 5535 2857 5589 25.

2415 5606 2472 5666 5i
2498 5606 2666 5664 Codd.
2701 5615 2768 5662 et.

2416 5677 2472 5748 6)
2493 5677 2663 5736 Codd.
2694 5677 2956 5748 relinquit.

3682 4349 3727 4390 ιιι
3748 4324 3864 4383 liabe-
3962 4324 3963 4388 Ῐ

3729 4797 3810 4852 tnla
3825 4786 3868 4841 ad
3962 4827 3963 4860 ἦ
