4106 6184
303 288 440 347 1289

1231 282 1296 338 ΙΝ
1336 280 1722 340 EPISTULAM
1764 282 1855 335 Al)
1894 280 2226 338 EPHESIOS
2266 280 2470 337 LIBER
2502 283 2562 336 ΙΙ.

3465 286 3611 345 1290

296 411 344 456 et
369 410 600 464 matrem,
625 407 672 452 ct
695 397 974 451 adluerebit
995 397 1141 450 uxori
1163 412 1291 462 suat,
1316 407 1360 450 et
1379 407 1523 451 erunt
1548 397 1652 450 duo
1679 398 1729 449 in
1752 412 1904 449 carne
1930 406 1980 465 Α
2008 395 2132 449 dttm
2161 396 2398 466 alligent,
2425 398 2597 465 plenis
2620 397 2914 452 rationibus
2929 398 3172 464 exposui,
3195 400 3406 465 tradidi,
3429 400 3609 470 docui,

296 510 421 548 una.
449 492 560 547 Hoc
587 495 891 560 exemplum
921 489 986 543 de
1013 488 1210 544 Genesi
1235 498 1338 554 est,
1366 504 1473 559 quo
1500 489 1754 558 probatur
1778 496 1901 542 tan-

302 593 411 640 tam
453 598 574 640 esse
615 583 812 638 debere
851 580 1198 648 charitatem,
1231 583 1314 636 vel
1353 596 1475 636 esse
1520 581 1790 636 hominem
1832 580 1904 634 ita

297 677 515 734 charam
551 677 834 732 habentem
861 674 938 748 (ι)
971 689 1190 728 uxorem
1217 683 1273 728 ut
1295 681 1350 728 et
1377 683 1578 742 patrem
1602 683 1656 728 et
1678 682 1904 728 matrem

301 769 660 840 derelinquat,
680 778 732 824 et
755 766 959 821 haereat
980 765 1158 831 uxori,
1184 774 1236 819 et
1266 765 1374 820 sint
1401 765 1502 819 duo
1523 766 1577 818 in
1609 782 1708 818 uno
1731 780 1900 819 carne.

300 859 480 916 Multis
507 859 678 914 modis
700 857 858 913 docet
884 855 1228 926 conjunctum
1261 855 1433 910 virum
1459 857 1645 920 uxori;
1675 864 1728 909 et
1758 855 1909 925 ponit

301 954 374 1010 ita
404 968 525 1009 esse
551 951 773 1016 debere,
799 961 854 1004 ut
881 957 937 1004 et
959 949 1040 1003 vir
1069 963 1290 1003 uxorem
1322 948 1567 1018 diligeret
1598 947 1676 1020 (2)
1701 957 1755 1003 et
1778 963 1910 1002 uxor

305 1047 502 1101 virunt.
538 1045 649 1100 lloc
686 1045 755 1098 ita
779 1085 794 1110 ,
828 1053 884 1098 ιιι
912 1059 998 1099 res
1026 1053 1107 1097 est
1136 1041 1452 1112 simpliciter
1473 1083 1487 1107 ,
1518 1043 1596 1096 sic
1625 1050 1680 1096 et
1703 1059 1730 1094 a
1757 1041 1911 1096 nobis

305 1141 508 1196 dictum
540 1149 594 1194 et
624 1155 650 1190 a
687 1139 852 1192 Paulo
881 1155 893 1192 :
919 1146 1290 1192 verutntatnrn
1323 1138 1373 1190 in
1405 1151 1512 1204 quo
1544 1135 1622 1208 (5)
1656 1135 1912 1205 subjunc-

307 1244 418 1288 tum
449 1243 554 1298 est,
585 1231 825 1287 ostendit
848 1232 1008 1286 altius
1034 1242 1216 1302 patere
1241 1231 1400 1284 istam
1431 1230 1751 1285 sententiam
1783 1247 1795 1282 :
1821 1229 1916 1285 ad-

299 1325 471 1398 jungit
499 1327 666 1392 enim,
1077 1375 1084 1384 ,

376 1418 543 1473 Vnus.
631 1416 722 1473 52.
822 1445 895 1456 —
952 1414 1254 1486 Mysterium
1343 1417 1426 1486 (4)
1508 1415 1604 1469 hoc
1675 1432 1917 1487 magnum

308 1523 380 1569 est
421 1530 438 1567 :
471 1529 560 1585 ego
604 1522 775 1565 autent
812 1509 926 1564 dico
968 1511 1020 1564 in
1061 1507 1266 1564 Christo
1303 1520 1349 1564 et
1382 1511 1436 1564 in
1481 1509 1731 1564 Ecclesia.
1766 1509 1914 1564 Ultra

309 1623 467 1679 quam
520 1605 836 1676 simplicitas
899 1605 1012 1673 ipsa
1062 1604 1332 1659 iudicabat
1387 1604 1497 1674 (5),
1545 1619 1664 1659 esse
1717 1604 1917 1675 aliquid

310 1702 510 1757 Paulus
539 1700 805 1765 Ostendit,
837 1697 1053 1769 quando
1089 1699 1163 1752 ait
1208 1699 1504 1768 mysterium
1549 1699 1644 1752 hoc
1681 1716 1920 1770 maguunt

2009 489 2116 543 illic
2132 490 2231 558 (l),
2249 490 2537 544 ostendens
2555 504 2722 560 usque
2743 489 2807 542 ad
2833 490 3028 546 ccelmn
3047 490 3122 562 (τὶ)
3144 492 3431 560 nequitiam
3458 496 3616 563 spiri-

2011 581 2170 634 talem
2197 582 2480 636 mundana:
2495 591 2747 651 potentia:
2771 583 3002 636 maxime
3015 584 3248 652 operari,
3269 599 3387 638 cum
3404 587 3615 642 miseris

2008 675 2202 729 animis
2224 676 2366 747 quod
2387 677 2676 746 liantquasi
2695 677 2941 746 qutedam
2975 678 3190 732 nomina
3213 679 3609 750 pollicetur(5).

2085 767 2246 822 Vens.
2279 769 2364 822 ll.
2387 799 2458 808 —
2493 767 2709 840 PrOpter
2755 768 2851 821 hoc
2893 770 3108 840 accipite
3159 786 3302 823 arma
3346 771 3467 837 [idet
3503 771 3608 843 (4),

2011 869 2066 913 ut
2094 861 2302 932 possitis
2344 861 2578 914 resistere
2609 861 2661 912 in
2688 859 2773 912 die
2803 861 2958 913 malo.
3023 859 3113 914 llis
3164 861 3414 915 omnibus
3458 878 3621 932 supra

2012 953 2169 1008 dictis
2212 969 2332 1008 cum
2377 955 2538 1009 insint
2589 969 2797 1024 magnte
2840 953 3203 1016 difﬁcultates,
3258 963 3312 1008 et
3363 954 3622 1010 adversus

2015 1059 2254 1102 rectores
2285 1048 2442 1116 hujus
2470 1048 2650 1101 tnttndi
2683 1057 2734 1100 et
2768 1046 3107 1101 tenebrarum
3136 1047 3353 1112 harum;
3379 1059 3452 1112 et,
3479 1049 3621 1118 quod

2016 1149 2100 1195 est
2128 1143 2320 1208 majus,
2346 1139 2635 1194 adversum
2663 1139 2920 1208 Spiritalia
2950 1138 3198 1208 nequitia:
3227 1140 3276 1191 in
3305 1139 3490 1205 caelis;
3519 1142 3621 1206 his,

2018 1233 2254 1302 inquam.
2279 1233 2529 1286 omnibus
2557 1232 2813 1286 resistere
2841 1234 3091 1301 quoniam
3119 1247 3326 1302 magn-.c
3355 1241 3436 1285 est
3462 1231 3628 1286 virtu-

2021 1326 2111 1392 tis,
2136 1326 2532 1394 subjiciendum
2557 1324 2674 1389 luit,
2699 1341 2805 1394 qtto
2825 1323 2876 1378 id
2898 1324 3012 1379 ﬁeri
3034 1335 3247 1394 posset:
3279 1325 3514 1394 accipite.
3548 1325 3628 1379 itt-

2020 1421 2155 1488 quit,
2178 1435 2324 1472 arma
2343 1419 2488 1488 ﬁdei.
2516 1419 2642 1473 Sola
2671 1418 2812 1472 enim
2839 1417 2970 1471 ﬁdes
2997 1417 3049 1470 itt
3071 1415 3289 1472 Christo
3311 1418 3482 1470 munit
3507 1433 3626 1485 nos,

2023 1512 2096 1566 uti
2142 1528 2246 1566 non
2280 1513 2452 1567 valeat
2481 1514 2623 1567 circa
2667 1525 2763 1565 nos
2809 1511 3029 1564 istarum
3077 1520 3398 1579 potesnttum
3447 1510 3630 1565 mundi

2023 1610 2130 1664 ulla
2162 1610 2406 1664 tentatio.
2457 1610 2530 1664 Ita
2583 1609 2711 1663 illud
2744 1608 2886 1677 quod
2919 1607 3136 1661 difﬁcile
3178 1605 3460 1660 videbatur
3499 1607 3636 1660 resi-

2025 1712 2190 1768 stere,
2221 1704 2372 1757 facile
2401 1702 2596 1756 factum
2627 1710 2739 1766 est,
2770 1703 2812 1754 si
2848 1707 2898 1754 in
2929 1707 3193 1770 potestate
3219 1709 3300 1752 est
3329 1698 3470 1752 unde
3501 1699 3636 1753 resi-

313 1803 408 1860 est,
438 1802 492 1848 et
520 1802 697 1848 tamen
729 1808 835 1846 non
866 1791 1112 1861 apparuit
1140 1791 1265 1860 quid
1295 1791 1520 1862 intelligi
1564 1791 1723 1846 vellet
1753 1808 1766 1844 :
1799 1801 1920 1845 tan-
1955 1803 2000 1862 Β
2030 1804 2234 1849 stamus
2258 1812 2269 1846 :
2291 1804 2369 1849 est
2397 1804 2576 1848 autem
2607 1796 2655 1846 in
2687 1801 2981 1861 potestate;
3007 1793 3202 1859 quippe
3226 1791 3382 1843 ίίύιιιιι
3407 1790 3458 1844 in
3482 1789 3642 1844 Chri-

315 1886 594 1941 tutmnodo
625 1884 782 1939 aliam
823 1883 1323 1954 interpretatiOnem
1355 1884 1468 1954 ipse
1491 1883 1740 1952 subjecit,
1766 1893 1822 1938 nt
1850 1885 1930 1938 vir

319 1988 372 2032 et
422 1993 588 2044 uxor,
641 1975 729 2030 hic
765 1974 848 2048 (6)
885 1976 1181 2042 accipiatur
1216 1977 1426 2028 interitu
1468 1972 1714 2029 Christus
1745 1986 1799 2030 et
1832 1976 1931 2031 Ec-

325 2069 510 2126 clesia.
544 2068 652 2124 Sed
689 2071 939 2138 quoniam
969 2083 1220 2136 magnum
1253 2070 1564 2138 mySIerium
1593 2067 1748 2130 dixit,
1773 2068 1932 2122 altius

321 2161 747 2230 intelligendum.
779 2159 915 2226 Quid
948 2161 1106 2231 igitur
1132 2172 1229 2213 nos
1255 2159 1626 2228 suspicamur?
1649 2159 1763 2229 Ego
1793 2159 1932 2214 arbi-

326 2266 438 2312 tror
480 2255 650 2324 accipi
699 2253 879 2320 istud,
921 2263 980 2307 ut
1017 2253 1097 2306 vir
1133 2262 1186 2306 et
1229 2267 1372 2306 uxor
1412 2251 1517 2307 sint
1557 2252 1657 2306 sibi
1707 2255 1932 2307 invicem

322 2350 494 2421 juncti
534 2349 756 2420 spiritus
797 2357 850 2401 et
876 2348 1074 2402 anima.
1107 2345 1216 2400 Hoc
1245 2347 1388 2400 enim
1417 2345 1584 2400 Adam
1619 2353 1673 2400 et
1701 2344 1846 2406 Eva;
1879 2353 1937 2399 ut

325 2444 547 2513 spiritus
577 2443 646 2496 sit
673 2440 923 2496 Christus
944 2482 957 2501 ,
991 2439 1231 2495 Ecclesia
1265 2440 1336 2493 sit
1361 2439 1558 2492 anima.
1589 2438 1695 2494 Sed
1725 2440 1826 2493 hoc
1857 2441 1937 2492 in-

330 2541 657 2605 terpretatus
679 2541 763 2588 est
792 2532 987 2587 Paulus
1013 2530 1082 2586 de
1105 2530 1346 2586 Ecclesia
1374 2539 1429 2586 et
1455 2530 1522 2586 de
1543 2531 1759 2586 Chrism
1783 2531 1938 2586 intel-

327 2627 416 2697 ligi
444 2625 644 2680 debere
664 2665 677 2687 .
703 2623 995 2678 dummodo
1023 2623 1074 2676 id
1105 2625 1274 2692 ipsum
1308 2624 1528 2693 Spiritus
1558 2625 1628 2678 sit
1659 2632 1713 2678 et
1738 2624 1934 2678 anima.

329 2721 436 2778 Sed
463 2719 565 2774 hoc
591 2717 800 2774 facilius
829 2728 883 2773 et
911 2717 1051 2788 quod
1079 2717 1144 2770 ad
1174 2717 1428 2787 populum
1451 2718 1588 2772 bene
1613 2719 1937 2785 perveniret.

332 2814 466 2888 Ego,
497 2814 688 2884 inquit,
718 2815 831 2867 dico
855 2813 905 2866 in
934 2812 1140 2866 Christo
1171 2821 1215 2864 et
1244 2811 1298 2864 in
1331 2809 1598 2864 Ecclesia:
1630 2827 1734 2866 non
1761 2821 1939 2864 autem

331 2908 486 2973 dixit,
513 2907 763 2961 Christus
792 2915 846 2960 et
880 2905 1116 2959 Ecclesia
1137 2944 1152 2970 ,
1181 2904 1272 2957 sed
1298 2904 1351 2956 in
1377 2900 1583 2956 Christo
1605 2913 1650 2955 et
1672 2905 1725 2955 iu
1757 2901 1940 2956 Eccle-

333 3002 430 3054 sia.
456 2999 584 3054 Nam
609 3008 662 3053 ct
682 2997 928 3052 Christus
951 2997 1003 3050 in
1031 2995 1286 3050 membris
1307 2995 1418 3049 suis
1445 2995 1737 3049 Ecclesiam
1762 2993 1941 3059 habet,

339 3103 396 3146 et
434 3091 675 3146 Ecclesia
721 3091 772 3144 in
818 3089 931 3144 suis
983 3088 1240 3142 membris
1279 3097 1440 3157 caput
1469 3086 1628 3141 habet
1650 3085 1942 3140 Christum.

337 3182 482 3254 Ergo
500 3181 551 3236 in
569 3182 787 3237 Christo
805 3180 1070 3244 Ecclesia;
1088 3181 1138 3234 in
1154 3181 1390 3250 qualibet
1407 3197 1507 3234 una
1525 3195 1685 3235 carne
1698 3179 1802 3234 duo
1816 3180 1941 3233 sint.

409 3274 574 3330 Vsus.
613 3275 702 3330 55.
736 3302 805 3312 -—
851 3271 1206 3326 Verumtamen
1237 3283 1281 3325 et
1333 3288 1416 3326 t'Os
1461 3272 1650 3342 singuli
1678 3273 1948 3343 unusquis-

338 3386 436 3442 que
460 3383 670 3423 uxorem
697 3382 844 3421 suam
870 3367 1051 3437 diligat
1078 3376 1131 3419 ut
1156 3381 1208 3420 se
1227 3365 1328 3436 (7).
1349 3364 1834 3434 Licetgeneraliler
1859 3381 1950 3419 su-

344 3481 437 3536 pra
463 3469 588 3520 viris
611 3473 875 3536 prtecepta
899 3462 1110 3518 dederit
1137 3463 1204 3517 de
1233 3463 1487 3517 uxoribus
1513 3504 1527 3524 ,
1557 3474 1610 3517 et
1637 3463 1951 3517 mulienbus

343 3558 410 3614 de
433 3557 593 3624 viris;
614 3572 753 3611 nunc
774 3556 1082 3626 specialiter
1101 3555 1167 3610 ad
1188 3554 1452 3623 Ephesios
1472 3555 1658 3610 eadem
1685 3563 1950 3625 praecepta

343 3650 606 3705 Convertit
629 3659 679 3704 et
702 3665 810 3714 vos,
841 3649 1029 3718 inquit.
1058 3647 1168 3702 lloc
1190 3648 1312 3702 ideo
1336 3649 1460 3718 quia
1491 3663 1584 3717 per
1609 3649 1829 3718 ﬁguram
1860 3663 1953 3701 ex-

352 3753 603 3812 posuerat
621 3742 822 3795 dictutn
838 3756 959 3796 esse
978 3744 1290 3812 mysterium
1316 3757 1587 3810 magnum,
1609 3741 1749 3811 quod
1770 3741 1820 3794 in
1848 3757 1951 3796 una

347 3849 512 3889 Carne
543 3834 704 3888 ambo
733 3842 916 3888 essent
942 3845 994 3886 ct
1019 3849 1157 3886 uxor
1181 3844 1234 3886 et
1261 3835 1360 3887 vir.
1393 3834 1457 3887 Et
1482 3836 1580 3888 hoc
1603 3833 1830 3903 intelligi
1856 3850 1948 3887 vo-

349 3924 448 3978 luit
467 3925 534 3978 de
562 3924 800 3978 Ecclesia
821 3935 874 3978 et
900 3923 966 3978 de
990 3921 1226 3979 Clit-isto.
1249 3923 1374 3978 Ideo
1395 3926 1595 3978 addidit
1613 3937 1956 3979 verumtamen

351 4028 428 4086 ut,
449 4020 574 4074 licet
596 4018 722 4074 illud
743 4019 794 4072 in
813 4018 1060 4084 veritate,
1079 4020 1178 4073 hoc
1200 4017 1420 4088 intelligi
1445 4017 1954 4074 VolueritChristum

352 4125 406 4170 et
429 4113 742 4179 Ecclesiam,
759 4121 815 4165 ut
838 4112 889 4166 in
909 4129 1016 4166 uno
1034 4113 1143 4166 sint
1166 4127 1428 4181 corpore;
1451 4120 1650 4178 tamen,
1667 4122 1721 4167 et
1736 4129 1831 4166 vos
1855 4113 1956 4168 hoc

352 4209 527 4279 ipsum
551 4207 839 4262 obserVate
864 4217 916 4260 et
936 4205 1239 4271 imitamini,
1264 4214 1322 4259 ut
1343 4205 1708 4276 unusquisque
1735 4220 1955 4260 uxorem

355 4316 504 4358 suam
529 4299 732 4370 diligat.
759 4297 826 4353 Et
850 4299 975 4352 item
1003 4295 1274 4367 subiungit
1297 4296 1363 4352 de
1384 4297 1641 4353 uxoribus
1665 4297 1848 4351 mulier
1873 4295 1954 4368 (8)

355 4405 526 4449 autem
556 4407 607 4448 ut
638 4393 807 4447 timeat
842 4398 1028 4445 virent.
1063 4391 1158 4446 llic
1191 4399 1246 4446 et
1274 4406 1426 4445 amor
1452 4401 1536 4446 est
1565 4390 1616 4444 in
1644 4391 1835 4444 timore
1858 4430 1874 4454 ,
1903 4398 1958 4444 et

357 4495 600 4542 servatus
625 4486 850 4541 allectus
875 4494 958 4539 est
985 4500 1108 4540 cum
1142 4485 1370 4550 honore,
1393 4494 1450 4538 ut
1479 4484 1575 4538 viri
1607 4499 1808 4540 uxores
1838 4482 1958 4538 dili-

360 4588 508 4651 gant,
540 4580 792 4633 mulieres
825 4578 966 4630 viros
999 4581 1242 4630 timeant.

431 4671 584 4728 CAP.
621 4672 704 4726 γι.
729 4701 800 4710 -—
820 4670 949 4725 Item
977 4673 1168 4726 transit
1194 4671 1261 4725 ad
1293 4687 1547 4743 personas
1573 4673 1704 4728 alias
1729 4672 1958 4726 ﬁliorum

362 4777 418 4824 et
448 4779 749 4838 parentum.
787 4766 977 4820 Postea
1009 4766 1356 4834 adjuncturus
1397 4781 1769 4822 servorum...
1803 4765 1878 4836 (9)
1909 4775 1964 4822 et

363 4860 581 4915 dolraltl
605 4867 858 4929 quantum
884 4865 1142 4925 prtestent
1163 4858 1612 4928 quemadmodum
1638 4869 1814 4912 tamen
1845 4872 1960 4910 ma-

365 4952 446 5022 gis
477 4950 754 5021 implicent
782 4951 1022 5004 animum
1054 4966 1211 5019 quam
1242 4951 1516 5004 reSoIVant
1547 4959 1601 5005 et
1631 4952 1768 5005 intra
1801 4966 1961 5005 mun-

441 5067 522 5139 (l)
556 5066 810 5140 t‘jotemus
842 5066 1217 5121 hellenismum
1248 5068 1314 5123 ab
1344 5064 1471 5124 εἶναι
1500 5066 1712 5140 ἔχοντα.

445 5137 524 5210 (2)
554 5137 723 5210 Codd.
758 5139 952 5191 liberet.

444 5211 526 5281 (3)
557 5209 630 5264 Ita
656 5223 750 5279 pro
778 5211 828 5261 in
856 5227 914 5263 eo
943 5211 1096 5281 quod.

472 5281 530 5353 4)
562 5281 717 5353 Ynlg.
761 5296 880 5353 (pro
957 5283 1252 5353 mysterium
1282 5324 1297 5349 ,
1358 5282 1516 5338 habet
1572 5291 1968 5337 sacramentum.

473 5351 528 5408 5)
549 5351 718 5406 Codd.
752 5351 1018 5408 indicabit.

475 5425 528 5490 6)
565 5422 734 5476 Codd.
771 5424 866 5476 hoc
897 5442 990 5492 pro
1020 5427 1124 5482 hic.

472 5492 528 5570 ἶ)
561 5494 712 5570 iulg.
746 5491 969 5570 (I-xorem
995 5513 1139 5550 suam
1166 5499 1292 5552 sicut
1313 5501 1536 5568 seipsum
1563 5497 1763 5570 diligat.

477 5563 532 5633 8)
562 5564 716 5632 Vulg.
754 5563 918 5618 Uxor.

455 5636 538 5705 (9)
559 5637 670 5710 lloc
692 5637 743 5688 in
765 5636 892 5710 loco
917 5639 1160 5710 lacunattt
1183 5653 1326 5704 esse,
1359 5640 1538 5694 nullus
1561 5639 1776 5703 dubito;
1799 5654 1988 5710 quam-

385 5722 547 5782 quam
588 5706 644 5782 _in
680 5706 864 5782 codice
905 5708 1106 5762 nullum
1139 5712 1193 5763 lit
1240 5711 1493 5766 iudicium
1521 5730 1534 5778 ;
1567 5711 1615 5766 id
1647 5712 1790 5782 quod
1817 5706 1992 5765 etiam

395 5777 520 5836 alibi
552 5779 974 5835 observavimus.

888 5873 1162 5935 l‘A'rttoL.
1203 5874 1368 5936 Vlll.

2031 1901 2172 1942 Stum
2221 1887 2452 1950 habere,
2485 1897 2536 1940 et
2577 1885 2786 1956 plenam
2815 1885 2973 1939 ﬁdem
3007 1883 3236 1947 habere,
3273 1883 3448 1936 nullus
3488 1882 3639 1936 labor
3731 1913 3745 1932 .

2033 1992 2150 2048 est,
2184 1981 2327 2036 nulla
2357 1989 2441 2035 est
2471 1980 2793 2040 difﬁcultas,
2826 1979 2988 2032 animi
3034 1987 3236 2030 tantum
3271 1978 3516 2031 voluntas
3557 1985 3642 2031 est

2033 2075 2371 2128 coanmodata
2397 2072 2476 2144 (5)
2499 2082 2551 2126 et
2580 2072 2818 2127 credula.
2839 2071 2984 2141 Ergo
3013 2071 3069 2124 ﬁt
3096 2071 3248 2124 facile
3276 2072 3527 2125 resistere
3554 2070 3638 2125 his

2038 2178 2114 2223 tot
2138 2185 2190 2223 m
2209 2168 2313 2233 llis,
2341 2169 2382 2221 si
2426 2167 2582 2221 [idem
2615 2165 2926 2220 habeamus.
2953 2163 3074 2219 Sola
3108 2165 3325 2226 sufﬁcit,
3351 2164 3463 2217 sola
3491 2163 3638 2215 obsi-

2037 2263 2130 2317 stit
2155 2303 2168 2326 ,
2201 2262 2316 2316 sola
2360 2262 2561 2325 munit;
2593 2259 2687 2315 sed
2721 2259 2850 2314 ﬁdes
2895 2259 3071 2328 plena.
3112 2259 3442 2328 Quamquam
3477 2260 3637 2311 ctiam

2039 2355 2155 2425 ipse
2185 2354 2319 2409 dixit
2351 2370 2366 2409 :
2401 2355 2443 2407 si
2476 2362 2533 2408 ut
2557 2369 2782 2424 granum
2811 2353 3014 2422 sinapi,
3049 2351 3340 2406 habeamus
3369 2351 3490 2405 ﬁdei
3523 2367 3644 2420 gra-

2041 2466 2190 2514 num,
2218 2463 2500 2516 possumus
2525 2459 2578 2501 et
2605 2446 2876 2500 montibus
2901 2447 3186 2514 imperare.
3211 2444 3350 2514 Ergo
3379 2443 3509 2497 ﬁdes
3535 2443 3648 2497 sin-

2040 2556 2163 2596 cera
2195 2551 2248 2595 et
2282 2556 2434 2611 pura,
2468 2539 2631 2602 lides,
2665 2539 2902 2608 inquam,
2938 2539 2987 2591 in
3019 2537 3314 2600 Christum,
3344 2546 3394 2590 et
3431 2535 3562 2589 ﬁdes
3593 2536 3647 2589 in

2043 2635 2239 2700 Deum,
2264 2633 2548 2688 adversum
2575 2641 2652 2684 tot
2682 2632 2800 2684 illas
2835 2640 3124 2699 potestates
3153 2630 3306 2683 nobis
3339 2645 3484 2682 arma
3516 2643 3652 2696 pran-

2042 2728 2226 2781 stahit.
2258 2724 2466 2782 Sumite
2497 2739 2657 2787 nunc,
2685 2723 2875 2790 inquit,
2902 2738 3050 2776 arma
3077 2720 3220 2786 ﬁdei,
3241 2733 3296 2774 ut
3320 2720 3535 2790 possitis
3565 2736 3653 2774 rc-

2045 2819 2258 2872 siSIere.
2290 2816 2516 2882 Quando
2566 2813 2855 2868 resistere?
2895 2830 3014 2866 cum
3064 2811 3286 2867 teut-uio
3331 2811 3649 2874 advenerit,

2045 2927 2166 2965 cum
2197 2908 2394 2978 aliquid
2427 2924 2521 2962 vos
2555 2917 2761 2961 tentare
2788 2905 3033 2973 cmperit.
3072 2904 3182 2956 Iloc
3215 2913 3295 2956 est
3325 2903 3464 2973 qttod
3494 2903 3568 2957 ait
3596 2907 3650 2957 iu

2047 3001 2130 3056 die
2160 3002 2311 3056 malo.
2341 3001 2504 3054 Malus
2535 3013 2712 3054 autem
2741 2998 2857 3052 dies
2883 3006 2968 3052 est
2993 3013 3113 3049 cum
3147 3007 3432 3049 tentantur.

2119 3096 2286 3151 Vens.
2318 3095 2400 3148 Ἠ.
2431 3122 2502 3133 --
2524 3091 2591 3145 Et
2616 3088 2850 3144 omnibus
2873 3086 3063 3154 e/fectis
3089 3085 3169 3156 (6)
3197 3097 3368 3152 stare;
3410 3075 3658 3141 succincti

1975 3195 2019 3257 C
2052 3192 2248 3252 lumbos
2271 3198 2459 3243 vestros
2479 3189 2532 3240 in
2554 3187 2777 3239 veritate.
2797 3181 2909 3238 Scit
2933 3197 2990 3236 sc
3015 3196 3171 3248 supra
3197 3181 3359 3234 multa
3385 3181 3659 3236 monuisse

2053 3286 2332 3350 facienda;
2366 3284 2443 3338 vel
2489 3297 2583 3352 per
2623 3279 2859 3349 singulas
2894 3292 3183 3348 personas.
3232 3287 3290 3330 ttt
3333 3275 3565 3329 dominis
3604 3284 3664 3330 et

2052 3380 2244 3444 servis,
2281 3375 2488 3430 maritis
2516 3383 2570 3428 et
2598 3371 2848 3427 uxoribus
2875 3412 2889 3433 ,
2919 3368 3156 3438 patribus
3178 3376 3231 3421 et.
3262 3367 3382 3421 ﬁliis
3408 3383 3422 3431 ;
3456 3367 3533 3422 vel
3564 3383 3661 3438 per

2055 3474 2167 3543 ipsa
2198 3487 2318 3542 qua:
2339 3466 2544 3537 agenda
2575 3473 2720 3527 sunt,
2753 3462 2834 3517 vel
2869 3477 2985 3531 qua:
3019 3476 3122 3513 non
3152 3459 3379 3528 agenda,
3414 3467 3470 3511 ut
3496 3459 3663 3514 nolite

2056 3563 2330 3623 inebriari,
2359 3571 2414 3616 et
2440 3560 2580 3629 agite
2607 3555 2784 3609 omnia
2815 3554 2865 3607 in
2895 3551 3110 3606 nomine
3135 3550 3366 3615 Domini,
3390 3559 3443 3604 et
3465 3562 3659 3604 etctera

2053 3673 2211 3728 supra
2241 3657 2402 3709 dicta.
2439 3652 2642 3706 Idcirct'i
2679 3649 2750 3702 ait
2782 3660 2826 3700 et
2857 3643 3091 3698 omnibus
3120 3643 3312 3709 e/fectis
3347 3659 3468 3712 quae
3499 3659 3660 3712 supra

2056 3748 2306 3806 mandavi
2347 3757 2400 3800 et
2442 3743 2698 3814 prmcepi;
2733 3750 2859 3795 state
2882 3781 2896 3804 ,
2931 3739 3138 3806 inquit.
3174 3737 3418 3790 succincti
3460 3735 3660 3790 lmubos

2055 3855 2262 3906 vestros,
2297 3841 2346 3895 id
2376 3849 2460 3894 est
2488 3838 2649 3907 parati
2679 3847 2728 3890 et
2765 3833 3028 3889 instrueti.
3054 3833 3243 3886 Omnis
3267 3833 3408 3884 enim
3438 3840 3661 3884 t'onattts

2057 3947 2150 3991 aut
2179 3936 2244 3988 ad
2274 3935 2502 3996 lumbos,
2531 3930 2576 3984 si
2610 3929 2760 3983 labor
2791 3927 2970 3985 fuerit.
2997 3925 3174 3988 cadit;
3204 3934 3294 3977 aut
3324 3932 3382 3977 ut
3413 3924 3562 3976 labor
3591 3923 3665 3976 sit

2059 4039 2112 4084 et
2133 4038 2378 4089 Conatus,
2399 4041 2465 4080 ex
2490 4023 2682 4078 lumbis
2705 4020 2904 4075 noSIris
2930 4019 3010 4089 (ἶ)
3035 4029 3135 4072 est.
3159 4016 3284 4070 Inde
3311 4017 3454 4068 enim
3484 4013 3662 4068 omnis

2059 4123 2226 4175 virtus
2256 4128 2304 4173 et
2340 4117 2516 4172 omnis
2543 4113 2762 4170 materia
2789 4111 2854 4165 ad
2886 4111 3232 4179 sanguinem;
3267 4109 3388 4163 hinc
3409 4123 3660 4174 enerves,

2060 4215 2303 4272 elumhcs
2325 4212 2569 4266 dicimus.
2589 4208 2728 4278 Ergo
2747 4215 2803 4259 tit
2822 4204 3076 4259 fortitudo
3098 4219 3154 4257 se
3178 4211 3440 4272 prmparet
3467 4210 3520 4256 et
3541 4216 3663 4256 cor-

2061 4307 2208 4377 poris
2228 4313 2281 4360 et
2301 4303 2486 4367 animi,
2504 4298 2745 4355 succincti
2763 4295 2981 4358 lumbos,
2997 4299 3072 4348 ait
3113 4294 3277 4353 State,
3301 4291 3489 4363 inquit.
3511 4293 3563 4345 iu
3579 4308 3663 4345 ve-

2061 4399 2210 4452 ritate
2231 4416 2243 4452 :
2264 4396 2365 4452 hoc
2386 4395 2528 4450 enim
2547 4434 2559 4455 ,
2581 4390 2720 4462 quod
2742 4403 2837 4444 vos
2855 4399 3134 4441 monemus
3151 4426 3164 4448 ,
3185 4387 3382 4439 veritas
3401 4395 3483 4438 est
3502 4402 3514 4435 :
3542 4382 3665 4437 reli-

2063 4505 2166 4560 qua
2185 4498 2362 4543 autem
2388 4487 2439 4540 in
2465 4484 2685 4548 mundo,
2707 4481 2834 4536 falsa
2857 4489 3003 4543 sunt,
3021 4493 3140 4547 quae
3157 4475 3225 4530 de
3249 4475 3431 4528 tnundi
3453 4475 3666 4540 sapien-

1991 4582 2037 4642 D
2067 4583 2136 4636 tia
2176 4582 2438 4636 docentur
2465 4592 2527 4630 ac
2559 4576 2917 4643 disputantttr.
2951 4569 3015 4622 Et
3047 4570 3213 4621 induti
3251 4567 3408 4620 lorica
3426 4565 3662 4636 justitiw.

2070 4672 2319 4742 Adjungit
2347 4669 2487 4724 aliud
2525 4673 2868 4737 pra-ceptum,
2895 4672 3090 4729 prater
3117 4659 3295 4722 ﬁdem,
3326 4669 3381 4710 ut
3407 4657 3666 4726 justitiam

2070 4781 2367 4822 servemus.
2396 4763 2730 4830 Quamquam
2762 4755 2888 4810 illud
2911 4795 2926 4820 ,
2960 4753 3097 4822 quod
3129 4767 3287 4820 supra
3320 4753 3517 4806 dictum
3546 4758 3666 4818 est,

2071 4860 2122 4914 id
2145 4869 2228 4914 est
2256 4859 2386 4912 ﬁdes
2413 4858 2464 4909 in
2486 4854 2757 4908 Christum
2783 4847 2862 4922 (ὃ)
2885 4857 3043 4916 caput
3067 4856 3150 4902 c~t
3171 4847 3406 4899 omnimu
3436 4863 3448 4898 :
3472 4848 3672 4900 etenim

2069 4950 2272 5022 justitia
2331 4963 2435 5003 nou
2489 4954 2692 5000 tantum
2744 4947 2884 4996 valet
2939 4950 3194 5010 quantum
3253 4938 3417 5004 ﬁdes;
3471 4936 3669 4993 etenim

2145 5063 2226 5131 (l)
2255 5059 2584 5118 Divinandus
2616 5059 2766 5113 locus
2797 5067 2898 5113 est.

2146 5135 2228 5202 (2)
2262 5135 2336 5189 lia
2372 5133 2528 5187 codd.

2146 5198 2232 5332 (‘5)I
2256 5206 2330 5261 lta
2353 5205 2512 5260 codd.
2541 5201 2759 5258 Videtur
2786 5209 2962 5255 autem
2995 5198 3165 5254 oratio
3186 5198 3411 5268 abrupta
3435 5205 3526 5250 aut
3549 5209 3674 5265 pes-

2147 5297 2194 5332 Itt
2240 5291 2344 5330 ala.

2079 5291 2344 5333 Slllmlala.

2159 5349 2238 5422 (ἱ)
2285 5348 2438 5422 Vulg.
2480 5344 2689 5422 luduite
2727 5361 2813 5422 vos
2849 5353 3162 5422 mutaturum
3209 5340 3337 5405 Dei,
3380 5347 3436 5391 ut
3478 5337 3685 5407 possitis

2087 5416 2221 5476 stare
2242 5421 2483 5474 adversus
2512 5418 2724 5472 insidias
2753 5416 2965 5470 diaboli.

2165 5493 2244 5563 (5)
2280 5495 2348 5546 lla
2381 5491 2539 5545 t'odd.

2292 5567 2362 5618 Ila
2401 5563 2558 5616 codd.
2594 5559 2752 5628 Vulg.
2787 5560 2836 5612 in
2885 5559 2976 5634 lio.
3012 5572 3068 5634 ν..
3207 5571 3218 5604 :
3264 5551 3326 5604 Et
3370 5552 3421 5604 iu
3461 5550 3693 5606 omnibus

2099 5627 2307 5707 perfecti
2329 5645 2461 5707 stare
2495 5650 2512 5687 :
2534 5643 2661 5685 state
2684 5627 2803 5701 ergo
2829 5627 3090 5693 succincti,
3116 5632 3220 5680 etc.

2175 5709 2253 5777 (7)
2273 5705 2442 5760 Codd.
2468 5707 2662 5758 vestris.

2184 5769 2258 5848 (8')
2281 5778 2449 5833 Codd.
2480 5777 2669 5845 ipsum,
2691 5789 2786 5842 pro
2809 5773 2857 5823 in
2886 5769 3162 5824 Christum.

3051 5860 3123 5919 Μ
