4106 6184
551 163 685 222 i291

1844 161 2041 218 MAR“
2078 161 2425 224 VICTORINI
2461 167 2627 223 ΔΕΜ
3533 165 3559 221 Γ

3656 176 3756 233 liii?

537 284 714 353 justus
735 296 798 335 ea:
820 280 923 350 fide
946 279 1104 345 vivit;
1128 286 1304 335 tamen
1328 279 1451 351 quia
1483 286 1565 336 est
1591 288 1648 335 et
1674 278 1757 338 hic
1784 278 2009 335 atl'ectus
2039 279 2144 335 im-
2172 280 2221 341 A
2248 285 2426 339 omnia
2448 286 2645 355 accipit
2672 283 2823 340 ﬁdes.
2879 284 3109 354 Spiritus
3146 292 3320 341 autem
3348 283 3515 343 lumen
3534 298 3607 345 est
3630 330 3642 355 ,
3680 307 3760 351 non

502 375 509 381 ’
550 375 778 448 plendus
795 382 851 429 ιιι
862 372 1225 444 iustissimus;
1248 383 1372 429 tunc
1396 373 1541 429 enim
1563 372 1692 429 ﬁdes
1714 372 1869 431 nobis
1887 373 2145 443 proderit,

549 477 606 525 et
625 479 751 524 tunc
768 480 893 522 vera
917 466 1019 521 erit
1032 464 1165 520 ﬁdes
1183 465 1227 519 si
1239 465 1571 535 justissimus
1592 481 1604 518 :
1620 474 1673 520 et
1693 465 1901 535 iustitia
1912 463 2151 535 proderit

546 564 594 623 si
622 563 845 621 accedat
872 561 1025 618 ﬁdes.
1060 562 1202 634 Ergo
1229 562 1479 633 adiunxit
1511 573 1629 633 post
1658 562 1815 619 ﬁdem
1845 563 2043 623 induite
2068 563 2148 618 lo-

545 659 709 715 ricam
720 657 965 731 justitice.
989 657 1158 727 Supra
1182 673 1355 723 arma,
1378 658 1532 724 dixit,
1555 656 1675 713 ﬁdei
1702 657 1905 714 induite
1926 658 2146 715 loricam

541 752 766 824 iustitia:
798 770 810 806 :
836 752 1089 823 quoniam
1112 754 1163 806 in
1191 752 1356 809 armis
1381 761 1487 809 tam
1509 752 1635 807 illud
1672 752 1985 823 intelligitur
2003 753 2149 823 quod

549 845 760 911 munit,
792 860 950 914 quam
982 844 1142 899 etiam
1174 844 1316 914 quod
1346 845 1550 901 resistit
1578 854 1633 899 et
1661 844 2027 900 adversarium
2052 860 2149 901 su-

545 946 735 1008 perat,
761 937 813 991 in
839 936 1004 993 lorica
1030 946 1207 992 autem
1240 934 1374 992 nihil
1402 936 1543 993 aliud
1574 937 1646 992 sit
1670 952 1831 1007 quam
1859 946 1915 993 ut
1936 938 2148 993 munia-

544 1044 695 1095 mur;
727 1027 859 1085 ﬁdes
881 1036 1061 1083 autem
1088 1036 1144 1084 et
1172 1028 1374 1083 resistit
1399 1045 1412 1083 :
1437 1038 1489 1083 et
1515 1029 1636 1083 ideo
1662 1027 1801 1085 dixit
1822 1043 1971 1085 arma
1997 1029 2147 1086 ﬁdei.

544 1121 827 1192 Quomodo
848 1132 1025 1179 autem
1058 1120 1263 1178 resistit
1282 1121 1452 1176 ﬁdes?
1480 1121 1681 1177 scilicet
1711 1120 1758 1179 si
1784 1136 1906 1177 cum
1941 1131 2150 1180 tentare

547 1216 717 1273 hostis
749 1218 1008 1286 ceperit,
1041 1233 1149 1273 non
1187 1233 1508 1288 sequamur,
1542 1227 1598 1274 et
1636 1218 1741 1274 ﬁde
1783 1218 2050 1275 custodita
2096 1220 2149 1273 in

544 1310 714 1367 Deum
753 1320 913 1381 atque
944 1311 995 1366 in
1024 1311 1304 1366 dominum
1334 1309 1640 1376 Christum,
1672 1327 1700 1365 a
1732 1313 2002 1368 sententia
2042 1326 2148 1368 non

539 1420 872 1459 moveamur.
898 1404 1150 1461 Resistite
1175 1420 1305 1475 ergo
1328 1444 1344 1469 ,
1377 1417 1438 1460 ut
1463 1406 1669 1461 resistit
1694 1405 1786 1476 qui
1812 1406 1977 1462 habet
2000 1407 2108 1462 tein
2132 1446 2148 1470 ,

540 1495 765 1566 gladios.
793 1494 935 1565 Ergo
960 1510 1131 1562 arma,
1158 1495 1351 1566 inquit,
1378 1495 1582 1552 induite
1610 1495 1757 1562 ﬁdei,
1781 1507 1839 1554 ut
1862 1495 2145 1555 resistatis.

544 1588 615 1643 At
641 1598 847 1656 contra,
876 1587 1081 1657 iustitia
1112 1588 1487 1643 tantummodo
1514 1588 1566 1644 in
1595 1586 1749 1643 factis
1775 1598 1888 1654 est;
1922 1604 2028 1643 non
2055 1587 2152 1643 ad-

2253 379 2411 449 ignis.
2472 378 2608 434 Hinc
2638 394 2813 448 neque
2851 378 3074 448 spiritus
3104 420 3119 444 ,
3172 378 3296 434 dum
3323 379 3494 435 lumen
3532 382 3761 452 imitatur,

2252 469 2392 541 ignis
2418 479 2502 526 est
2530 487 2543 523 :
2579 470 2716 541 ignis
2736 477 2917 525 autem
2945 471 3125 526 omnis
3149 482 3326 527 nocet.
3359 471 3494 544 Ergo
3517 490 3665 546 neque
3684 479 3764 549 spi.

2252 563 2387 619 ritus
2411 572 2570 620 nocet
2598 581 2611 617 :
2637 578 2824 619 verum
2850 564 2978 619 dum
3032 564 3089 619 in
3133 564 3403 622 Christum
3441 576 3519 622 est
3558 567 3705 637 ﬁdes,
3746 588 3768 629 a

2251 656 2453 712 lumine
2482 657 2536 713 in
2565 656 2783 711 Christo
2833 656 3037 728 accipit
3089 658 3270 713 lumen
3305 676 3318 712 :
3366 658 3445 714 sic
3483 659 3644 717 lumen
3679 662 3767 720 ﬁdei

2254 749 2431 820 ignem
2470 748 2666 815 vincit,
2713 750 2837 821 quia
2875 751 3016 822 ignis
3040 751 3182 807 circa
3211 766 3426 808 carnem
3450 753 3581 809 valet
3605 768 3651 810 et
3672 771 3770 824 ope-

2252 850 2424 907 ratur,
2446 851 2502 897 et
2524 842 2640 913 ipse
2670 843 2975 898 mundanus
2999 852 3086 898 est
3113 885 3128 909 ,
3174 852 3229 899 et
3269 844 3338 900 de
3367 847 3575 902 materie
3596 851 3770 906 materia

2249 946 2353 992 est.
2380 935 2495 992 Non
2526 936 2669 991 valet
2706 946 2886 991 autem
2916 936 3060 992 circa
3099 937 3277 993 lumen
3304 947 3549 994 aeternum
3576 941 3656 997 Dei
3678 943 3771 1000 Jesu

2250 1026 2473 1084 Christi.
2522 1027 2612 1084 Sic
2636 1027 2839 1084 lumine
2865 1028 2957 1083 illo
2983 1028 3072 1083 hic
3114 1029 3252 1101 ignis
3279 1031 3588 1102 extinguitur
3615 1051 3627 1087 :
3652 1049 3771 1105 quem

2252 1119 2430 1190 ignem
2452 1118 2560 1175 dixi
2584 1118 2816 1174 maxime
2837 1122 3097 1176 concitari
3124 1122 3493 1190 sermonibus;
3520 1126 3600 1195 qui
3616 1141 3770 1182 sermo-

2253 1226 2370 1278 nes,
2391 1214 2512 1281 quia
2534 1221 2829 1268 excurrunt
2844 1220 2901 1269 et
2920 1213 3123 1280 volant,
3145 1215 3354 1285 sagitta:
3379 1228 3496 1270 sunt
3517 1220 3767 1273 nominatae.

2323 1303 2489 1361 Vsus.
2523 1306 2611 1361 17.
2645 1305 2807 1361 -Ει
2835 1306 3034 1378 galeam
3062 1307 3273 1376 salutis,
3315 1318 3364 1363 et
3402 1311 3615 1380 gladium
3656 1314 3772 1381 spiri-

2251 1406 2363 1465 tus,
2411 1398 2550 1469 quod
2584 1407 2658 1455 est
2687 1401 2896 1454 verbum
2942 1399 3061 1456 Dei.
3116 1401 3253 1469 Quia
3285 1416 3443 1471 supra
3492 1403 3614 1458 dixit
3645 1404 3775 1462 induti

2252 1489 2473 1546 loricam
2492 1491 2735 1561 iustitiae,
2759 1501 2814 1548 et
2840 1493 2926 1548 hic
2947 1493 3271 1549 audiendum
3298 1495 3499 1551 induite
3520 1497 3695 1567 galeam
3716 1515 3775 1554 sa-

2253 1579 2484 1639 lutarem
2511 1591 2566 1638 et
2586 1581 2823 1652 gladium
2869 1584 3116 1654 spiritus.
3169 1585 3362 1642 Utrum
3393 1588 3588 1657 gladius
3606 1589 3773 1659 spiritus

545 1687 783 1741 versario
808 1684 1044 1749 resistit,
1075 1683 1169 1739 sed
1197 1683 1313 1754 ipsa
1348 1698 1409 1739 se
1436 1691 1656 1753 praestat
1684 1682 1879 1740 bonam
1910 1682 2151 1739 clemen-

2180 1679 2231 1743 B
2258 1686 2354 1742 per
2383 1687 2445 1731 se
2466 1673 2840 1743 accipiendum
2875 1716 2890 1740 ,
2932 1683 2989 1732 et
3010 1677 3161 1748 galea
3190 1680 3440 1734 salutaris
3457 1693 3549 1751 per
3568 1684 3773 1753 seadjuu

544 1787 672 1835 tem.
693 1777 834 1848 Ergo
858 1776 1042 1841 lorica,
1065 1777 1255 1845 inquit,
1270 1775 1490 1847 iustitiae
1506 1791 1521 1841 ;
1540 1791 1645 1846 qua
1665 1776 1865 1833 bonum
1888 1784 2145 1844 sectatus,

545 1877 601 1925 et
628 1870 822 1929 bonam
855 1878 1086 1924 mentem
1114 1875 1170 1923 et
1196 1867 1396 1925 bonum
1426 1882 1521 1923 cor
1545 1867 1804 1924 ostendit.

618 1958 781 2019 Vens.
818 1961 904 2016 i5.
924 1959 1068 2014 --Et
1091 1961 1301 2015 calceoli
1324 1960 1477 2030 pedes
1496 1960 1551 2019 iu
1570 1960 1951 2032 praeparatione
1976 1958 2152 2015 Euan-

540 2055 659 2126 gelii
683 2056 846 2125 pacis,
864 2054 1118 2124 quoniam
1152 2052 1502 2123 Evangelium
1533 2053 1726 2119 fertur,
1754 2062 1811 2109 et
1839 2068 1934 2123 per
1961 2062 2151 2123 gentes

542 2147 882 2218 praedicatur.
916 2146 1252 2215 Ubicumque
1280 2160 1412 2216 ergo
1440 2145 1788 2215 pratdicatur,
1819 2144 2148 2205 audiendum

539 2248 643 2294 est.
674 2238 743 2295 Ut
771 2249 951 2293 autem
973 2237 1277 2304 audiamus,
1303 2236 1562 2303 eundum,
1586 2235 2012 2305 properandum,
2039 2234 2147 2293 fes-

538 2329 840 2387 tinandum.
866 2329 1008 2400 Ergo
1035 2329 1267 2395 calceati,
1298 2329 1490 2398 inquit,
1515 2328 1667 2399 pedes
1690 2328 1745 2385 in
1768 2327 2152 2400 prteparatiane

539 2422 837 2495 Evangelii.
866 2421 1032 2493 Cujus
1065 2421 1385 2493 Evangelii?
1425 2422 1601 2493 pacis,
1643 2421 1814 2491 inquit
1848 2438 1861 2474 :
1896 2420 2148 2491 quoniam

540 2515 892 2586 Evangelium
930 2513 1024 2586 qui
1065 2513 1215 2569 audit
1252 2523 1308 2570 et
1351 2514 1442 2584 qui
1489 2514 1541 2568 in
1582 2512 1885 2582 Evangelio
1929 2522 2151 2582 paratus

542 2615 663 2674 est,
703 2605 915 2663 Domini
946 2604 1041 2672 ﬁt,
1076 2602 1349 2659 Christum
1379 2604 1588 2668 credit,
1619 2605 1882 2674 promissa
1916 2604 2148 2674 accipit,

540 2700 788 2757 ﬁduciam
811 2699 972 2771 gerit.
994 2713 1115 2753 cum
1142 2697 1291 2752 nullo
1315 2697 1485 2752 hostis
1507 2703 1609 2752 est.
1633 2696 1776 2767 Ergo
1800 2695 1944 2768 pacis
1973 2696 2151 2754 Evan-

540 2792 777 2865 gelium;
808 2790 860 2846 id
890 2798 975 2846 est
1005 2790 1176 2861 pacis,
1203 2805 1322 2859 qua:
1353 2788 1432 2860 (l)
1461 2798 1545 2844 est
1566 2788 1781 2844 animis.
1805 2788 1919 2845 Hoc
1944 2804 2074 2860 ergo
2095 2796 2153 2844 ut

541 2884 844 2955 capiamus,
875 2882 1102 2937 calceati
1133 2880 1297 2952 pedes
1325 2894 1447 2936 esse
1475 2879 1756 2949 debemus,
1786 2879 1837 2936 id
1865 2888 1949 2937 est
1977 2880 2151 2951 parati

539 2992 864 3043 excurrere,
894 2975 1314 3041 circumvolare,
1349 2973 1556 3035 audire.
1587 2973 1682 3030 llis
1723 2990 1853 3045 ergo
1901 2975 2149 3031 omnibus

2250 1765 2483 1835 gendum
2512 1805 2529 1831 ,
2553 1766 2803 1823 salutaris
2842 1767 3065 1838 spiritus
3088 1778 3144 1824 et
3166 1771 3315 1840 galea
3343 1780 3465 1838 est,
3519 1781 3570 1827 et
3591 1773 3768 1844 gladiqu

2252 1859 2459 1915 induite
2484 1857 2585 1931 (i).
2618 1859 2725 1915 Sed
2753 1861 2800 1915 si
2828 1860 3036 1930 gladius
3054 1877 3183 1917 vere
3206 1874 3460 1934 certeque
3498 1876 3768 1934 revocatur,

2251 1952 2394 2023 quod
2422 1960 2507 2009 est
2535 1952 2760 2009 verbum
2793 1954 2887 2009 Dei
2918 1996 2932 2020 ,
2982 1963 3293 2025 separatum
3313 1967 3395 2011 est
3422 1998 3438 2023 ,
3491 1957 3671 2014 induite
3686 1960 3771 2029 gls-

2250 2044 2401 2101 dium
2420 2045 2665 2115 spiritus.
2712 2045 2852 2112 Quid
2878 2062 3009 2118 ergo
3047 2049 3151 2102 erit
3171 2048 3378 2119 galeam
3401 2050 3570 2105 salutis
3587 2052 3774 2109 induite!

2248 2136 2497 2193 Christus
2521 2137 2742 2208 quidem
2771 2141 2824 2193 in
2851 2154 2919 2193 eo
2947 2140 3091 2209 quod
3143 2139 3248 2196 huc
3273 2141 3544 2197 descendit
3568 2183 3583 2209 ,
3610 2153 3776 2215 etmys—

2252 2231 2392 2287 terio
2416 2245 2516 2288 suo
2536 2247 2639 2287 nos
2666 2232 2929 2299 redemit,
2960 2233 3210 2289 salutaris
3242 2245 3328 2291 est
3353 2253 3368 2290 :
3394 2236 3503 2307 ipse
3527 2248 3663 2307 caput
3682 2252 3775 2293 nos-

2253 2332 2393 2378 trum
2426 2340 2439 2376 :
2467 2323 2707 2379 custodit
2732 2325 2878 2380 enim
2900 2336 3062 2396 caput
3092 2327 3351 2383 Ecclesiae
3382 2345 3397 2395 ;
3423 2328 3553 2384 unde
3576 2330 3699 2401 galea
3714 2345 3775 2385 sa-

2249 2414 2440 2472 lutaris
2464 2424 2567 2473 est.
2596 2416 2767 2474 Porro
2793 2428 2974 2475 autem
2996 2421 3220 2476 verbum
3255 2463 3269 2488 ,
3322 2438 3429 2494 quo
3478 2424 3684 2480 adversm
3704 2440 3774 2496 po-

2253 2510 2435 2565 tentiae
2473 2510 2765 2566 vincuntur
2795 2553 2811 2578 ,
2849 2513 3229 2583 opprimuntur
3260 2530 3275 2580 ;
3306 2517 3459 2571 sicuti
3486 2517 3660 2573 dictum
3684 2518 3773 2589 (3):

2251 2602 2509 2658 diabolum
2533 2604 2708 2673 perdet
2731 2606 2919 2674 spiritu
2943 2608 3049 2661 oris
3075 2607 3176 2662 sui.
3204 2608 3350 2679 Ergo
3373 2607 3599 2666 Christus
3625 2654 3639 2677 ,
3674 2611 3773 2682 quod

2250 2705 2325 2751 est
2343 2696 2551 2752 uerbum
2570 2697 2670 2753 Dei
2699 2741 2715 2766 ,
2750 2700 2872 2755 ideo
2892 2701 3091 2756 missus
3116 2712 3196 2757 est
3218 2713 3281 2758 ut
3304 2719 3513 2761 omnem
3531 2705 3773 2776 corruptio-

2252 2804 2374 2843 nem
2421 2798 2477 2846 et
2523 2806 2738 2849 omnem
2769 2794 3154 2865 malignitatem
3204 2806 3370 2869 atque
3410 2799 3568 2871 ipsam
3604 2806 3773 2855 mortem

2251 2883 2453 2941 vincat.
2488 2885 2693 2943 Idcirco
2735 2887 2939 2944 dictum
2965 2898 3051 2945 est
3080 2907 3095 2945 :
3140 2890 3356 2962 gladius
3375 2902 3457 2950 est
3479 2894 3669 2966 spiritus
3688 2908 3773 2949 ver-

2249 2973 2377 3031 bum
2409 2976 2523 3032 Dei.

539 3069 670 3142 quid
688 3068 954 3125 efﬁcitur?
985 3066 1144 3124 facile
1173 3068 1490 3124 resistemus
1520 3066 1896 3137 potestatibus,
1919 3065 2145 3124 rectori-
2176 3063 2223 3129 C
2324 3068 2493 3125 Vrsas.
2524 3071 2613 3127 18.
2643 3102 2717 3113 --
2742 3071 2850 3127 Per
2886 3090 3088 3129 omnem
3136 3078 3394 3132 rationem
3440 3088 3487 3134 et
3530 3079 3774 3135 obseruatio.

538 3163 641 3221 bus
667 3161 999 3231 spiritalibus
1030 3159 1303 3230 nequitias.

615 3254 783 3311 Vsus.
816 3251 1049 3308 16.-1η
1077 3251 1332 3319 omnibus,
1358 3260 1566 3324 accepto
1589 3259 1733 3306 scuto
1761 3250 1883 3322 ﬁdei
1914 3249 2015 3323 ('2).
2043 3250 2149 3308 Re-

545 3348 711 3407 ditad
734 3349 879 3403 illaut
907 3361 1195 3411 summam,
1228 3360 1347 3418 quae
1372 3345 1643 3401 concludit
1670 3346 1874 3411 omnia,
1903 3361 2025 3416 quae
2050 3347 2151 3402 itu-

547 3443 656 3515 plet
675 3444 923 3499 universa
949 3459 961 3495 :
987 3440 1145 3497 aliter
1174 3441 1317 3496 enim
1344 3439 1555 3495 fortiter
1577 3454 1874 3510 repugnare
1896 3439 2151 3496 resistere

547 3548 625 3596 tot
655 3537 761 3592 illis
793 3534 1150 3608 potestatibus
1182 3548 1288 3589 non
1317 3533 1577 3598 valemus,
1608 3531 1710 3586 nisi
1739 3530 1927 3586 muniti
1972 3541 2148 3600 scuto,

550 3641 606 3686 ut
635 3644 826 3685 omnes
854 3628 992 3683 ictus
1034 3638 1196 3695 atque
1247 3627 1478 3695 impetus
1517 3622 1886 3679 universarum
1916 3632 2149 3693 potesta-

552 3735 662 3781 tum
686 3722 1020 3777 munimento
1044 3720 1165 3775 ﬁdei
1188 3719 1534 3789 repellamus.

632 3816 876 3885 Denique
890 3812 1166 3880 subiunxit
1185 3828 1200 3869 :
1220 3813 1270 3865 in
1288 3828 1387 3877 quo
1414 3812 1615 3879 possitis
1633 3827 1808 3866 omnes
1823 3811 2040 3882 sagittas
2058 3826 2148 3866 ne-

549 3909 782 3980 quissimi
796 3908 973 3978 igneas
1000 3904 1313 3974 restinguere
1332 3902 1433 3973 (5).
1460 3902 1692 3972 Sagittas
1715 3902 2154 3972 frequentissime

549 4016 607 4061 et
635 4006 688 4061 in
711 4001 993 4073 evangelio
1019 4040 1035 4066 ,
1068 4008 1116 4055 et
1145 3999 1198 4054 in
1230 3996 1400 4052 Paulo
1425 4038 1440 4063 ,
1493 4006 1547 4051 et
1577 3994 1630 4050 in
1661 3995 1940 4065 prophetis
1971 4038 1987 4064 ,
2019 4006 2073 4053 et
2099 3997 2153 4051 in

556 4098 721 4155 David
756 4097 961 4167 positas
990 4094 1221 4164 legimus
1254 4107 1270 4157 ;
1321 4104 1456 4161 quas
1503 4088 1853 4158 intelligimus
1905 4088 2152 4161 diSputa-

552 4193 727 4247 tiones
756 4197 813 4245 et
854 4189 1015 4243 verba
1043 4196 1097 4242 et
1120 4190 1382 4240 tractatus
1409 4196 1568 4248 esse;
1600 4181 1694 4237 sed
1721 4182 2036 4253 nequissimi
2062 4197 2150 4238 sa-

452 4296 453 4299 ‘
553 4284 717 4357 gittas
740 4323 758 4351 ,
790 4281 843 4337 id
865 4290 948 4337 est
977 4278 1119 4333 male
1138 4275 1428 4332 suadentes
1466 4274 1608 4329 male
1629 4274 1978 4330 vulnerantes
1998 4274 2152 4331 intel-

2252 3178 2369 3217 nem
2389 3161 2469 3232 (5)
2496 3173 2700 3220 orantes
2726 3207 2743 3234 ,
2771 3166 2827 3220 in
2854 3168 2995 3222 omni
3015 3169 3152 3223 omni
3176 3179 3433 3241 tempore,
3455 3173 3507 3227 in
3525 3172 3696 3242 spiritu.
3717 3170 3775 3227 Ad

2253 3256 2573 3325 expellenda
2604 3259 2727 3326 illa,
2749 3276 2870 3330 quae
2891 3276 3050 3331 supra
3082 3263 3223 3319 dicta
3262 3273 3389 3321 sunt
3411 3308 3424 3327 ,
3454 3265 3504 3321 id
3524 3277 3597 3322 est
3633 3276 3774 3336 poten-

2253 3349 2356 3404 tias
2385 3350 2570 3407 mundi
2611 3352 2941 3422 vincendas,
2998 3365 3239 3412 rectores
3275 3358 3601 3414 tenebrarum
3626 3367 3669 3414 et
3699 3355 3775 3426 spi-

2254 3442 2431 3497 ritalia
2486 3444 2743 3515 nequitiae
2768 3486 2783 3511 ,
2824 3445 2928 3503 hoc
2975 3462 3191 3520 quoque
3219 3450 3472 3522 adiungit
3518 3461 3573 3506 ut
3613 3463 3773 3506 oremus

2254 3535 2494 3605 quotidie
2518 3546 2573 3591 et
2600 3537 2949 3595 Obsecremus
2986 3583 3001 3606 ,
3055 3550 3109 3596 et
3142 3557 3236 3611 per
3268 3558 3483 3599 munem
3513 3540 3775 3599 obsecratio-

2256 3643 2377 3683 nem
2396 3643 2618 3685 oremns
2651 3631 2702 3685 in
2735 3633 2883 3686 omni
2918 3641 3162 3703 tempore
3189 3635 3407 3703 spiritu.
3439 3635 3627 3703 Quanta
3653 3633 3719 3687 hic
3740 3640 3775 3684 et

2254 3736 2413 3791 quam
2444 3723 2651 3776 occulta
2702 3734 2971 3795 praecepta
3014 3736 3140 3781 sunt
3187 3727 3257 3783 de
3287 3743 3354 3784 eo
3380 3727 3516 3799 quod
3544 3724 3775 3799 rogamus!

2256 3813 2490 3868 Primum
2518 3814 2660 3884 quod
2682 3815 2818 3870 dixit
2839 3832 2934 3887 per
2954 3834 3167 3875 omnem
3197 3822 3495 3878 orationem
3524 3835 3661 3892 ;qute
3680 3817 3777 3874 mul-

2257 3915 2304 3960 ta
2331 3916 2457 3961 sunt
2485 3947 2500 3972 ,
2536 3923 2678 3962 nunc
2710 3923 2805 3978 pro
2838 3910 2995 3967 nobis
3024 3952 3039 3977 ,
3099 3928 3241 3968 nunc
3270 3930 3368 3984 pro
3396 3915 3512 3972 aliis
3539 3956 3554 3980 ,
3596 3927 3711 3969 nunc
3730 3908 3776 3964 ad

2252 4013 2315 4055 ea
2343 4016 2461 4069 quae
2481 4011 2605 4056 sunt
2635 4003 2917 4074 praesentis
2946 4007 3069 4060 vita
3092 4047 3107 4073 ,
3133 4023 3276 4064 nunc
3304 4008 3370 4064 ad
3400 4025 3459 4066 ea
3480 4024 3588 4081 qua:
3614 4010 3773 4069 fatum

2254 4110 2398 4149 nunc
2422 4094 2491 4149 ad
2516 4110 2580 4150 ea
2609 4111 2729 4167 qua:
2758 4098 2953 4153 animae
2990 4108 3117 4156 sunt
3148 4142 3163 4166 ,
3216 4116 3359 4158 nunc
3387 4101 3451 4158 ad
3477 4118 3535 4157 ea
3558 4116 3660 4172 quae
3687 4111 3776 4153 oor-

2256 4186 2403 4255 poris
2436 4228 2451 4254 ,
2506 4196 2566 4241 ut
2590 4188 2769 4259 aliqua
2799 4197 3067 4259 optemus.
3101 4191 3258 4248 Omni
3288 4238 3303 4262 ,
3352 4194 3517 4265 inquit
3543 4234 3558 4257 ,
3587 4191 3776 4246 oratione

2253 4296 2472 4336 oremus
2500 4283 2553 4336 in
2583 4284 2775 4353 spiritu
2806 4296 2858 4338 et
2893 4287 3042 4340 omni
3073 4295 3316 4358 tempore
3343 4307 3356 4343 :
3411 4303 3613 4345 oremus
3636 4287 3677 4342 in
3699 4282 3775 4354 sui.

554 4378 830 4450 ligentiam
861 4374 1094 4428 animam
1147 4369 1478 4438 spiritusque
1509 4376 1768 4433 nostros;
1820 4367 1942 4423 ideo
1969 4368 2153 4439 igneas
2255 4374 2360 4429 ritu
2393 4415 2408 4439 ,
2448 4373 2499 4428 id
2528 4384 2611 4430 est
2637 4391 2745 4432 non
2773 4377 3017 4447 qumdam
3045 4380 3213 4436 verba
3232 4382 3469 4439 dicamus
3487 4382 3565 4438 vel
3594 4379 3777 4451 profera-

552 4470 691 4526 dixit
716 4474 1033 4540 perurentes
1051 4505 1065 4530 ,
1092 4475 1227 4532 quas
1252 4473 1447 4515 omnes
1465 4458 1733 4529 extinguit
1760 4458 1883 4514 ﬁdei
1909 4469 2145 4531 scutum,
2178 4454 2234 4516 D
2259 4484 2377 4523 mus
2401 4510 2417 4535 ,
2446 4468 2530 4524 vel
2561 4470 2849 4526 recitemus
2883 4513 2899 4539 ,
2938 4487 3159 4530 orantes
3186 4480 3336 4547 quasi
3364 4477 3597 4533 meditata
3626 4517 3640 4545 ,
3663 4468 3777 4547 quati

556 4562 608 4617 id
636 4570 718 4617 est
744 4560 858 4629 ipsa
886 4556 1034 4622 ﬁdes,
1071 4563 1128 4608 ut
1156 4551 1297 4623 apud
1331 4567 1390 4607 se
1421 4550 1554 4606 nihil
1574 4551 1807 4606 valeant.
1841 4552 1973 4608 Cum
2004 4557 2149 4611 enim
2254 4560 2456 4630 scripta
2486 4562 2617 4627 ;sed
2646 4563 2700 4617 ιιι
2729 4564 2922 4634 spiritu
2949 4605 2964 4631 ,
2997 4565 3173 4637 inquit
3201 4609 3216 4634 ,
3267 4570 3410 4624 omni
3454 4579 3672 4638 tempore
3690 4578 3778 4620 ore

554 4655 708 4708 adest
734 4652 869 4707 ﬁdes
888 4649 1082 4705 animis
1101 4689 1116 4713 ,
1170 4647 1261 4702 ille
1290 4646 1425 4716 ignis
1455 4683 1472 4712 ,
1519 4645 1610 4715 qui
1638 4660 1734 4715 per
1765 4644 1996 4732 linguam
2029 4648 2152 4703 mit-
2258 4671 2416 4712 mus:
2448 4656 2500 4711 id
2530 4666 2613 4712 est
2643 4666 2701 4713 ut
2723 4667 2779 4714 et
2804 4659 3153 4718 adhibeamus
3182 4663 3427 4720 aﬂectum
3458 4682 3473 4732 ;
3530 4672 3578 4719 et
3604 4661 3777 4719 interior

560 4746 689 4798 titur
724 4784 738 4807 ,
772 4741 1100 4812 persuadens
1130 4737 1364 4809 maligna
1387 4736 1568 4793 omnia
1610 4736 1878 4793 mundana
1903 4777 1919 4806 ,
1971 4730 2149 4797 extin-
2260 4749 2477 4817 spiritus
2506 4789 2523 4816 ,
2559 4749 2608 4803 id
2627 4759 2709 4806 est
2738 4749 2900 4806 houto
2926 4753 3153 4811 interior
3186 4798 3200 4821 ,
3234 4730 3522 4814 orationem
3548 4756 3686 4829 pleno
3707 4751 3777 4807 de.

557 4841 753 4907 guetur
771 4844 825 4888 et
846 4834 1163 4903 intepescct.
1193 4831 1325 4886 Nam
1356 4831 1533 4887 omnis
1555 4830 1645 4884 illa
1680 4832 1960 4900 persuasio
2006 4834 2162 4889 mali-
2256 4841 2455 4897 siderio
2483 4842 2681 4899 debeat
2723 4853 2778 4898 ct
2803 4844 3000 4903 habeat
3048 4851 3196 4904 omni
3234 4858 3470 4921 tempore
3502 4869 3514 4905 :
3566 4859 3615 4904 ut
3654 4846 3779 4903 etiam

563 4927 943 4999 gni,quoniam
967 4923 1255 4981 carnaliter
1273 4921 1877 4992 loquituretcarnaliter
1896 4923 2154 4993 insinuat,
2256 4954 2375 4992 cum
2409 4953 2512 4994 ηοη
2544 4949 2664 4994 om;
2696 4982 2711 5008 ν
2768 4941 2822 4996 in
2850 4943 3045 5012 ερίνίω
3093 4955 3230 5001 οι-οι,
3285 4945 3422 5012 Quid
3459 4942 3637 5001 deinde
3675 4936 3775 4994 illud

559 5037 656 5093 per
686 5018 999 5088 sanguinem
1030 5019 1169 5073 valet
1199 5035 1211 5069 :
1255 5016 1455 5071 idcirco
1486 5016 1686 5071 excitat
1707 5017 1881 5087 ipsum
1931 5022 2150 5092 sangui-

560 5129 682 5169 nem
718 5126 813 5179 per
860 5123 1027 5163 novas
1079 5109 1460 5179 intelligentias
1491 5126 1505 5163 :
1534 5109 1801 5164 excitatus
1821 5123 2001 5166 autem
2028 5127 2153 5167 san-

556 5208 675 5278 guis
701 5204 889 5275 ignctts
936 5199 1014 5255 ﬁt.
1050 5199 1358 5269 Fiuntergo
1399 5199 1504 5253 illa:
1525 5198 1737 5270 sagitta:
1759 5201 1927 5272 ignea:
1954 5244 1969 5268 ,
2015 5218 2150 5273 quas

556 5298 690 5354 ﬁdes
760 5291 1069 5365 comprimit
1122 5297 1177 5345 et
1232 5288 1496 5359 extinguit
1545 5331 1561 5355 ,
1636 5291 1761 5363 quia
1829 5291 2150 5361 Spiritaliter

626 5475 709 5547 (1)
737 5472 907 5547 godd.
933 5484 1111 5541 pacem
1130 5465 1287 5547 quod.

634 5537 712 5619 (2)
740 5544 899 5619 Xulg.
925 5537 976 5619 i'_n
999 5537 1267 5619 omnibus.
1297 5537 1572 5619 Sumen-tes
1599 5546 1803 5619 scutum

626 5609 705 5688 (‘55
739 5609 892 5686 Vulg.
929 5612 989 5666 In
1011 5628 1109 5681 quo
1130 5611 1335 5684 possitis
1362 5609 1532 5665 Omnia
1559 5610 1660 5664 tela
1688 5610 1982 5682 nequissimi
2001 5611 2149 5683 ignea

550 5692 861 5760 extinguere.

2253 5032 2392 5102 quod
2423 5034 2497 5087 ait
2531 5075 2545 5099 ,
2589 5050 2685 5105 per
2712 5050 2927 5091 omnem
2957 5043 3255 5094 orationem
3282 5048 3336 5094 et
3355 5028 3775 5095 obsecrationem?

2251 5128 2567 5184 Distantiam
2623 5140 2751 5200 puto
2803 5131 2959 5186 istam
2989 5147 3147 5200 esse,
3198 5143 3253 5189 ut
3272 5134 3565 5199 oratiosit,
3616 5137 3773 5184 etcum

2257 5219 2443 5276 laudes
2476 5222 2565 5276 Dei
2593 5222 2840 5289 dicimus,
2865 5230 2919 5278 et
2946 5239 3068 5279 cum
3093 5240 3402 5283 enarramus
3417 5222 3653 5295 magnalia
3667 5218 3772 5289 θῇιιεο

2258 5322 2311 5367 ει
2328 5316 2660 5385 cumgratias
2680 5317 2761 5388 agi
2771 5321 3211 5385 mus,ctcutnatia
3230 5317 3525 5391 huiusmodi
3541 5333 3554 5373 :
3568 5316 3773 5373 obsecra-

2256 5406 2331 5461 tio
2350 5422 2479 5464 vero
2499 5421 2601 5474 εει,
2616 5409 2831 5479 quando
2853 5410 3024 5468 Deum
3046 5428 3253 5469 oramus
3277 5413 3355 5469 vel
3385 5421 3588 5484 propter
3604 5404 3771 5465 Veniam

2328 5540 2407 5611 (ι)
2442 5542 2515 5597 Ita
2543 5551 2627 5597 est
2652 5544 2703 5598 in
2727 5545 2885 5600 codd.

2329 5615 2408 5756 (ἓξ
2439 5630 2475 5668 ιι
2505 5614 2697 5671 Thess.
2732 5632 2801 5681 tt,
2834 5618 2887 5673 8.

2330 5687 2385 5755 (3
2449 5684 2604 5756 Vulg.
2633 5728 2649 5756 ,
2678 5687 2887 5745 obsecrat

2330 5684 2408 5756 (3)
2449 5684 2604 5757 Vulg.
2633 5728 2649 5757 ,
2678 5687 3091 5745 obsecrationem.
