4106 6184
318 237 454 310 1295

1282 241 1349 299 ΙΝ
1380 232 1769 301 EPISTOLAM
1806 241 1899 298 AD
1936 241 2272 300 EPIIESIOS
2294 238 2502 299 LIBER
2539 240 2603 299 11.

3473 242 3615 301 1294

312 370 367 415 ει
394 365 611 429 peccata
664 367 846 413 nostra
880 376 895 427 ;
950 358 1034 415 vel
1084 369 1303 431 propter
1337 362 1563 431 gratiam
1599 403 1614 427 ,
1670 371 1727 415 ut
1755 361 1908 416 nobis
1938 363 1985 423 Α
2014 375 2121 432 quo
2150 359 2275 433 quid
2308 361 2539 431 patiatur
2560 359 2798 416 ostendit
2826 400 2841 427 ,
2871 368 2923 415 et
2951 360 3402 432 quemadmodum
3428 377 3613 433 perse-

310 460 549 521 prmstct.
578 450 728 515 llaec,
763 452 1003 522 inquam,
1037 462 1113 507 est
1147 453 1452 507 obsecratio
1480 470 1493 505 :
1527 461 1581 507 et
1609 452 1909 508 dummodo

312 543 398 597 isti
430 542 537 597 duo
568 542 710 597 modi
743 542 849 597 sint
887 559 1008 598 cum
1044 545 1208 600 Deum
1239 561 1458 601 oramus
1482 590 1496 614 ,
1549 556 1679 602 utet
1708 549 1911 604 oratio-

314 652 436 691 nem
472 636 767 692 habeamus
791 646 847 709 et
870 637 1317 693 obsecrationem.
1348 640 1454 693 Per
1483 655 1699 694 omnem
1723 640 1903 710 mitur,

314 729 512 800 inquit,
543 730 842 787 orationem
859 741 914 789 et
936 746 1031 802 per
1057 747 1271 788 omnem
1303 733 1755 792 obsecrationem.
1792 732 1909 788 Non

313 823 551 879 contenti
595 824 765 881 simus
791 823 942 893 quasi
969 823 1214 895 quaedam
1241 826 1401 881 verba
1420 836 1474 880 et
1522 825 1911 881 consuetudine

319 914 695 986 proferre,sed
723 931 787 970 ex
818 916 1000 971 animo
1019 916 1276 971 interiore
1304 926 1465 989 atque
1493 934 1556 972 ex
1590 928 1797 982 mente;
1828 926 1910 972 at-

317 1026 422 1078 que
449 1051 465 1073 ,
495 1017 680 1078 aperte
708 1018 767 1065 ut
792 1009 969 1070 dicam
1003 1051 1017 1075 ,
1043 1025 1110 1066 ex
1160 1011 1277 1081 ipso
1304 1011 1497 1080 spiritu
1526 1023 1690 1082 atque
1716 1014 1768 1066 in
1794 1014 1912 1082 ipso

312 1102 503 1172 spiritu
529 1119 542 1154 ι
593 1111 650 1156 ιιι
676 1103 839 1157 etiam
861 1118 982 1159 eum
1014 1101 1166 1158 deest
1207 1104 1380 1159 oratio
1410 1105 1491 1158 vel
1521 1104 1829 1160 obsecratio
1855 1103 1908 1158 in

314 1193 492 1251 verbis
520 1234 535 1260 ,
569 1209 792 1253 oremus
807 1194 862 1249 in
892 1195 1107 1264 spiritu.

384 1284 451 1340 Et
495 1286 549 1341 in
575 1286 688 1357 ipso
738 1287 1009 1359 uigilanter:
1055 1304 1256 1360 semper
1276 1288 1331 1342 in
1353 1288 1492 1343 omni
1530 1290 1761 1345 cratim
1808 1287 1911 1361 (1).

312 1378 529 1449 Adiecit
572 1378 737 1441 etiam
780 1390 988 1439 certum
1037 1388 1292 1450 tempus:
1346 1397 1471 1437 nam
1524 1397 1645 1437 cum
1697 1381 1827 1436 dixit
1859 1379 1914 1435 iu

316 1470 464 1527 omni
496 1479 739 1542 tempore
772 1512 786 1538 ,
842 1472 1019 1543 potuit
1049 1473 1221 1543 accipi
1278 1472 1425 1542 quod
1466 1487 1679 1544 tempus
1707 1472 1914 1527 homini

313 1565 471 1623 datur
492 1608 508 1632 ,
560 1566 610 1622 id
641 1575 725 1623 est
750 1566 887 1627 dies.
921 1567 1026 1625 Sed
1058 1568 1110 1623 in
1140 1568 1287 1623 omni
1318 1574 1562 1637 tempore
1591 1577 1648 1621 ut
1706 1567 1916 1637 plenius

310 1657 574 1727 adiiceret
601 1657 731 1727 quid
754 1658 1003 1730 adiunxit
1031 1660 1348 1730 ivigitantes
1366 1675 1585 1726 setnpcr.
1622 1659 1810 1715 Potest
1838 1668 1917 1713 ta-

2015 464 2164 511 veret
2199 498 2212 522 ,
2266 464 2325 508 ut
2355 470 2459 510 non
2491 454 2832 509 deterreatur
2848 454 3090 508 adversis
3123 494 3138 519 ,
3194 470 3370 524 neque
3421 455 3612 511 dolore

2013 547 2262 601 vincatur
2285 585 2302 612 ,
2333 546 2429 601 sed
2474 545 2693 615 impleat
2720 560 2913 599 tnttnus
2928 546 3259 615 apostolatus
3291 545 3608 614 injunctum.

2018 637 2085 693 Ut
2112 639 2165 692 in
2187 638 2301 709 ipso
2324 636 2635 705 ﬁducialiter
2661 653 2810 706 agam
2838 634 2937 705 (1).
2989 636 3129 690 Bene
3156 646 3210 690 et
3233 636 3320 691 hic
3351 636 3616 691 ﬁduciali-

2018 737 2097 783 ter
2122 770 2137 796 ,
2177 729 2351 798 inquit
2382 769 2398 794 ,
2429 736 2485 783 et
2513 727 2567 782 in
2593 727 2940 782 conﬁdentia.
2984 727 3123 795 Quid
3155 728 3299 783 enim
3331 729 3473 784 aliud
3518 729 3612 784 ad-

2019 833 2237 875 versum
2269 829 2534 886 terrores,
2565 819 2848 874 adversum
2873 834 3058 889 pinnas
3086 819 3366 889 impositas
3382 830 3473 875 aut
3494 836 3617 890 prc-

2014 910 2125 964 cari
2151 950 2166 975 ,
2195 918 2287 964 aut
2317 909 2560 980 polliceri
2594 910 2853 965 debuerat
2880 952 2894 977 ,
2925 912 3025 965 nisi
3053 921 3111 966 ut
3136 910 3329 967 tlducia
3356 912 3457 967 sibi
3474 922 3619 969 esset

2020 1006 2073 1060 itt
2103 1003 2464 1073 exponendo?
2495 1015 2551 1058 ut
2583 1004 2737 1070 tnlhi,
2768 1004 2960 1074 inquit,
2989 1021 3167 1060 sermo
3191 1007 3241 1060 in
3265 1006 3617 1081 adapertione

2015 1097 2128 1152 oris
2154 1096 2379 1153 deturin
2413 1092 2737 1152 conﬁdentia
2764 1114 2778 1159 ;
2812 1097 2862 1151 id
2894 1110 2975 1152 est
3001 1098 3083 1169 (9.)
3113 1100 3165 1153 in
3196 1100 3404 1168 agendo
3429 1142 3444 1167 ,
3477 1111 3534 1155 ut
3562 1101 3617 1155 in

2018 1196 2134 1263 ipso
2148 1191 2466 1247 liducialiter
2480 1206 2665 1262 agam;
2685 1192 2735 1244 in
2752 1191 2888 1260 ipso,
2909 1191 2958 1245 id
2973 1201 3074 1257 est,
3093 1193 3142 1246 in
3160 1194 3440 1264 evangelio
3459 1203 3622 1264 atque

2020 1286 2299 1358 mysterio.
2334 1283 2417 1338 Ita
2446 1296 2497 1338 ut
2529 1293 2727 1358 oportet
2751 1300 2829 1338 me
2856 1285 3030 1354 loqui;
3083 1286 3132 1340 id
3165 1296 3246 1342 est
3271 1289 3412 1343 enim
3442 1289 3620 1359 ipsum

2020 1392 2183 1449 agere
2210 1376 2605 1448 evangelistam
2638 1419 2653 1444 ,
2697 1376 2875 1446 loqui,
2910 1386 2965 1432 et
2993 1378 3138 1448 loqui
3164 1389 3219 1434 ut
3236 1392 3448 1451 oportet
3469 1421 3485 1448 ,
3519 1382 3623 1439 hoc

2020 1476 2104 1523 est
2142 1466 2504 1535 ﬁducialitcr;
2564 1486 2632 1524 ne
2675 1471 2849 1525 minus
2890 1471 3142 1541 impleam
3176 1514 3189 1537 ,
3222 1486 3311 1527 aut
3340 1474 3537 1546 aliquid
3567 1476 3625 1530 in

2020 1560 2201 1638 animo
2248 1575 2370 1616 meo
2395 1561 2605 1632 egerint
2634 1570 2859 1632 catenae,
2879 1572 2935 1619 et
2964 1579 3066 1618 non
3101 1566 3348 1636 impleam
3381 1578 3436 1622 ut
3464 1582 3626 1639 Opor—

2025 1661 2096 1707 tet
2122 1668 2404 1725 exponens
2437 1655 2779 1726 mysterium.

312 1765 438 1807 men
464 1749 533 1805 ad
565 1750 920 1811 intentionem
956 1751 1151 1808 mentis
1181 1750 1283 1805 hoc
1308 1750 1476 1821 accipi
1495 1750 1763 1821 vigilantes
1789 1768 1921 1806 sem-
1954 1766 2004 1826 Β
2105 1746 2269 1803 Vsus.
2302 1747 2394 1804 21.
2451 1778 2523 1788 -
2553 1746 2621 1804 Ut
2644 1759 2812 1803 autem
2830 1766 2920 1803 vos
2936 1758 2983 1804 et
3013 1752 3225 1825 sciatis,
3256 1769 3370 1824 quae
3398 1755 3533 1809 circa
3554 1773 3634 1811 me

317 1859 406 1915 per
441 1854 494 1899 ut
525 1842 577 1901 in
613 1842 763 1905 omni.
791 1844 1037 1903 oratione
1058 1858 1163 1901 non
1193 1844 1361 1901 veluti
1388 1844 1720 1901 dormientes
1739 1887 1754 1910 ,
1778 1845 1920 1916 quod

323 1936 596 2009 patiuntur
627 1937 700 1995 illi
722 1936 817 2008 qui
844 1953 909 1995 ea
937 1954 1056 2008 quae
1086 1947 1216 1993 uota
1239 1948 1367 1993 sunt
1413 1938 1640 1993 reeitant
1674 1982 1689 2006 ,
1738 1938 1820 1993 vel
1846 1938 1925 1993 le—

325 2038 483 2099 gunt,
508 2028 595 2083 vcl
613 2029 875 2087 memoria
894 2030 1240 2098 pronuntiant
1259 2045 1275 2095 ;
1297 2027 1425 2099 quid
1455 2028 1642 2084 dicant
1660 2037 1715 2084 et
1734 2044 1927 2099 quem—

317 2121 609 2177 admodum
635 2121 815 2177 dicaut
844 2137 981 2192 pene
1034 2138 1139 2176 non
1183 2124 1446 2177 sentiunt.
1487 2120 1689 2176 Idcirco
1714 2122 1828 2177 ait:
1858 2122 1931 2175 vi-

321 2215 539 2285 gilantes
565 2231 763 2285 semper
792 2215 847 2268 in
867 2215 1096 2270 oratione
1121 2231 1218 2287 pro
1243 2214 1479 2271 omnibus
1500 2215 1712 2270 sanctis.

392 2308 588 2365 νιιιιεΛ
599 2306 800 2364 9.—-El
818 2326 909 2380 pro
932 2325 1031 2363 me.
1049 2308 1294 2380 Magnum
1312 2310 1473 2364 etiam
1491 2308 1592 2364 hoc
1605 2308 1865 2364 monitum
1878 2318 1931 2364 et

321 2401 356 2456 ft
372 2410 856 2472 cqueutcrquoque
870 2400 1528 2471 tetigimus,etuotandum
1540 2400 1774 2455 diximus
1791 2419 1805 2454 :
1823 2416 1929 2456 non

321 2492 463 2548 enim
493 2507 590 2563 pro
616 2492 773 2548 nobis
803 2500 1030 2560 tantum,
1063 2492 1157 2546 sed
1177 2492 1341 2546 etiam
1365 2506 1463 2562 pro
1486 2492 1606 2548 aliis
1627 2507 1816 2562 rogare
1839 2495 1930 2546 de-

324 2586 533 2641 bemus.
555 2584 611 2641 ln
631 2599 740 2656 quo
760 2592 814 2639 cl
830 2582 1016 2640 multis
1041 2582 1176 2639 locis
1197 2582 1352 2638 ethie
1369 2583 1657 2646 admoneo,
1676 2584 1929 2653 quoniam

326 2676 469 2734 istud
498 2685 830 2748 prmccptum
852 2674 1051 2744 duplex
1083 2682 1197 2742 est,
1228 2683 1287 2733 ιιι
1312 2684 1365 2729 ει
1395 2674 1498 2745 ipsi
1532 2674 1608 2728 illi
1637 2674 1807 2729 sancti
1832 2714 1846 2738 ,
1875 2680 1932 2729 et

331 2770 614 2843 episcopi,
667 2775 724 2825 et
750 2768 1019 2839 apostoli,
1076 2776 1131 2822 et
1153 2767 1385 2836 majores
1442 2782 1539 2836 pro
1576 2765 1828 2821 ﬁdelibus
1875 2773 1933 2820 et

323 2861 727 2919 eatechumenis
788 2870 844 2918 et
897 2874 997 2932 pro
1049 2859 1300 2917 omnibus
1388 2858 1508 2915 aliis
1589 2859 1932 2915 interioribus

323 2973 521 3028 rogare
575 2957 811 3012 debeant
888 2954 1047 3011 sicuti
1098 2952 1409 3025 frequenter
1462 2953 1607 3009 idem
1665 2953 1753 3008 hic
1800 2968 1932 3009 enu-

325 3061 507 3109 merat
555 3050 699 3123 quod
729 3052 781 3105 iu
812 3048 959 3105 omni
1004 3049 1249 3104 oratione
1301 3063 1398 3102 sua
1430 3047 1760 3103 mentionem
1808 3047 1935 3103 facit

2033 1850 2150 1893 sunt
2172 1857 2193 1906 ;
2218 1839 2342 1909 quid
2362 1856 2512 1911 agant
2531 1882 2544 1907 ,
2576 1851 2753 1894 notum
2772 1840 2910 1895 vobis
2931 1842 3085 1913 faciet
3109 1841 3189 1917 (5)
3217 1843 3469 1916 Tychicus
3508 1848 3630 1902 cha-

2034 1932 2268 1985 rissimus
2291 1933 2455 2004 frater
2479 1940 2525 1987 et
2553 1932 2721 2003 ﬁdelis
2766 1934 2994 1988 minister
3037 1936 3089 1990 in
3119 1934 3363 1991 Domino.
3389 1938 3534 1994 Bene
3563 1939 3634 1995 de

2036 2024 2120 2079 his
2143 2040 2260 2095 qua:
2307 2025 2507 2095 patitur
2548 2026 2679 2080 nihil
2709 2027 2951 2098 epistola:
2989 2029 3119 2084 dare
3150 2030 3357 2097 voluit,
3388 2031 3483 2087 sed
3515 2042 3637 2087 tan-

2038 2117 2313 2172 tummodo
2345 2134 2441 2189 per
2467 2121 2710 2174 nuntium
2737 2162 2749 2185 ,
2775 2128 2833 2176 ut
2862 2133 3188 2192 eugnoscant
3214 2124 3431 2193 Ephesii
3464 2165 3480 2192 ,
3507 2126 3636 2196 quid

2036 2209 2309 2264 mandavit
2336 2253 2351 2278 ,
2395 2211 2480 2266 vel
2503 2211 2630 2282 quid
2661 2222 2782 2283 agat
2809 2254 2825 2281 ,
2867 2214 2949 2268 vel
2981 2230 3101 2285 quae
3130 2216 3271 2270 circa
3300 2217 3472 2286 ipsum
3499 2218 3631 2274 sint.

2037 2302 2150 2358 Duo
2182 2312 2307 2357 sunt
2331 2304 2475 2358 enim
2506 2322 2520 2359 :
2573 2320 2696 2358 nam
2719 2313 2774 2360 et
2800 2306 2943 2361 circa
2975 2305 3149 2376 ipsum
3190 2320 3397 2364 catena:
3426 2320 3552 2364 sunt
3577 2318 3636 2367 et;

2034 2405 2245 2451 ctetcra:
2275 2395 2483 2467 injuriae
2511 2414 2523 2449 :
2556 2397 2683 2467 quid
2705 2408 2884 2453 autem
2914 2407 3036 2469 agat
3068 2415 3083 2465 ;
3113 2399 3255 2469 quod
3282 2413 3589 2470 perseverat
3616 2444 3633 2469 ,

2033 2488 2175 2558 quod
2204 2490 2522 2557 mysterium
2546 2490 2727 2560 pandit
2758 2533 2774 2559 ,
2828 2492 2970 2562 quod
3001 2496 3334 2564 evangelizat
3355 2508 3410 2554 et
3434 2499 3631 2568 aperit.

2034 2577 2388 2637 Commendat
2417 2592 2595 2637 autem
2620 2598 2939 2653 personam:
2973 2585 3241 2657 Tychicus
3259 2588 3634 2662 charissimus,

2036 2673 2248 2744 inquit,
2305 2674 2474 2733 frater
2504 2718 2519 2743 ,
2566 2688 2623 2733 et
2656 2678 2832 2733 ﬁdelis
2853 2681 3098 2737 minister
3127 2684 3181 2736 in
3220 2685 3446 2741 Domino
3479 2704 3491 2739 :
3523 2703 3635 2745 non

2035 2770 2181 2822 enim
2204 2769 2446 2824 minister
2460 2769 2613 2835 mihi,
2639 2771 2732 2826 sed
2747 2771 2799 2825 in
2818 2771 3045 2829 Domino
3058 2774 3304 2831 minister
3316 2778 3456 2833 circa
3470 2794 3633 2835 evan—

2034 2860 2233 2931 gelium
2254 2870 2306 2916 et
2327 2860 2470 2916 circa
2500 2861 2836 2934 mysterium.

2111 2949 2277 3008 Vsus.
2320 2951 2411 3006 Ἡ.
2453 2982 2525 2994 -
2581 2954 2744 3019 Quem
2808 2954 2925 3008 misi
2976 2956 3045 3010 ad
3082 2968 3170 3011 eos
3195 2957 3251 3011 in
3293 2958 3391 3012 hoc
3434 2960 3629 3029 ipsum.

2035 3043 2151 3100 Non
2199 3044 2344 3100 enim
2387 3047 2501 3116 ipse
2540 3061 2664 3102 cum
2710 3056 2991 3117 pergeret,
3043 3064 3143 3120 ego
3186 3050 3473 3120 mandavi;
3533 3052 3632 3110 sed

323 3146 485 3207 etiam
508 3145 748 3201 omnium
764 3159 1011 3198 suorum.
1030 3142 1107 3199 Ita
1127 3151 1184 3197 et
1210 3141 1296 3198 hic
1318 3156 1505 3197 rursus
1529 3151 1582 3197 et
1610 3141 1819 3213 ipsiqui
1844 3142 1922 3196 in-
1952 3164 1998 3227 C
2038 3144 2257 3207 propter
2286 3136 2391 3193 hoc
2432 3139 2573 3194 misi.
2606 3139 2680 3193 Ita
2726 3148 2782 3194 et
2827 3140 2897 3196 de
2928 3141 3080 3197 vobis
3135 3156 3319 3199 curam
3370 3159 3501 3214 gero
3526 3187 3542 3212 ,
3577 3156 3634 3202 et

324 3240 549 3297 icriores
569 3251 694 3294 sunt
716 3247 906 3310 rogent
926 3240 977 3297 iu
999 3238 1148 3295 omni
1171 3240 1420 3295 oratione
1442 3254 1540 3295 sua
1569 3247 1625 3294 et
1648 3253 1744 3308 pro
1772 3251 1921 3292 sauc-

324 3337 414 3403 tis,
439 3346 493 3395 et
522 3353 619 3407 pro
649 3336 942 3407 episcopis,
971 3345 1027 3395 et
1048 3351 1146 3407 pro
1181 3352 1289 3399 me,
1325 3337 1498 3406 inquit
1528 3354 1542 3391 :
1568 3336 1712 3407 quod
1743 3345 1923 3391 atten-

325 3430 559 3485 dendum
589 3441 643 3485 ct
673 3445 770 3501 pro
800 3429 1061 3487 miratulo
1084 3429 1413 3497 habendum,
1445 3431 1521 3485 uti
1546 3430 1615 3485 ab
1645 3431 1752 3496 his,
1785 3444 1922 3501 quos

325 3523 440 3594 ip~e
469 3532 650 3585 militet
675 3563 695 3590 ,
720 3538 858 3594 quos
881 3523 1109 3581 instituit
1135 3563 1150 3585 ,
1206 3523 1400 3593 quibus
1425 3522 1760 3593 evangelium
1794 3539 1919 3592 pro-

325 3617 572 3684 nuntiat,
627 3618 775 3672 velut
813 3616 1068 3673 auxilium
1108 3625 1302 3689 petat,
1334 3627 1391 3671 ut
1430 3616 1681 3673 oratione
1728 3631 1923 3673 conse-

325 3721 521 3780 quatur
561 3709 782 3779 aliquid.
812 3709 950 3777 Quid
977 3720 1158 3766 autent
1208 3709 1336 3764 illud
1366 3711 1435 3763 sit
1456 3710 1597 3781 quod
1630 3711 1919 3781 petendum

326 3818 423 3871 pro
450 3817 511 3857 se
525 3801 675 3868 dicit,
692 3804 804 3871 ipse
830 3801 1109 3872 subjungit
1130 3812 1183 3856 ut
1204 3803 1355 3857 detur
1372 3804 1495 3857 mihi
1516 3805 1568 3857 in
1589 3804 1922 3875 adapertione

324 3892 429 3946 oris
472 3892 571 3945 mei
621 3908 790 3949 sermo
829 3892 880 3945 in
928 3892 1242 3960 conﬁdentia
1290 3904 1465 3946 notum
1519 3896 1689 3963 facere
1732 3904 1919 3964 myste-

323 3985 458 4039 rium
482 3982 583 4057 (Ξ).
616 3984 818 4039 Monuit
852 3983 1116 4054 Ephesios
1142 3994 1200 4041 ut
1226 3993 1282 4039 et
1319 4000 1413 4055 pro
1444 3986 1644 4040 sanctis
1671 3996 1921 4056 rogarent

324 4087 377 4132 et
410 4077 640 4139 maxime
668 4091 860 4147 prose.
879 4076 1017 4143 Quid
1047 4087 1227 4132 autem
1259 4086 1512 4146 rogarent
1536 4092 1631 4146 pro
1656 4090 1737 4142 se,
1766 4077 1815 4131 id
1838 4084 1923 4132 est

323 4187 421 4244 pro
449 4172 564 4245 ipso
593 4170 760 4227 Paulo
785 4213 801 4238 ,
828 4170 1060 4238 subjecit
1084 4211 1100 4237 ,
1128 4185 1235 4225 non
1263 4170 1491 4227 salutem
1516 4212 1530 4235 ,
1579 4186 1685 4226 non
1712 4172 1921 4241 aliquas

324 4263 650 4334 cupiditates
676 4304 692 4326 ,
746 4264 840 4318 sed
875 4272 932 4321 ut
960 4274 1141 4333 posset
1173 4261 1321 4317 idem
1348 4262 1545 4317 Paulus
1572 4263 1771 4318 habere
1799 4278 1918 4318 ser-

324 4372 538 4417 monem
568 4368 621 4413 et
649 4366 893 4428 apertam
921 4356 1245 4423 orationem,
1271 4355 1323 4411 id
1345 4366 1427 4411 est
1453 4356 1834 4411 conﬁdentiam
1864 4356 1918 4410 iu

323 4469 389 4508 ex
401 4452 664 4523 positione
684 4450 947 4521 evangelii
966 4460 1127 4519 atque
1148 4448 1411 4521 mysterii.
1434 4448 1574 4505 Vere
1589 4450 1732 4504 enim
1755 4450 1917 4504 etiam

2027 3231 2204 3285 omnia
2229 3246 2326 3286 vos
2352 3232 2491 3287 scire
2521 3232 2663 3287 volo.
2694 3233 2751 3287 lu
2784 3232 2887 3289 hoc
2909 3235 3081 3303 ipsum
3110 3250 3242 3306 ergo
3265 3277 3280 3303 ,
3317 3248 3373 3291 ut
3392 3238 3628 3308 sciretis,

2024 3322 2145 3379 misi
2178 3339 2193 3389 ;
2227 3334 2285 3378 ut
2308 3324 2645 3389 cognoscatis
2669 3341 2790 3396 qua:
2816 3328 2957 3381 circa
2988 3342 3088 3380 nos
3116 3334 3366 3397 agantur.
3406 3328 3472 3383 Et
3509 3347 3631 3385 con-

2022 3416 2214 3471 soletur
2260 3417 2418 3470 corda
2437 3429 2619 3471 vestra.
2677 3417 2906 3489 Hicjatn
2950 3418 3180 3489 amplius
3213 3461 3228 3485 ,
3282 3424 3536 3492 quoniam
3558 3422 3628 3480 de

2023 3508 2233 3566 duobus
2264 3525 2427 3565 unum
2456 3511 2543 3565 hic
2574 3512 2892 3583 conjunxit,
2936 3529 3056 3583 qua:
3085 3512 3228 3568 circa
3255 3530 3355 3571 nos
3376 3525 3625 3587 agantur,

2024 3600 2075 3657 id
2104 3612 2190 3657 est
2227 3617 2362 3673 quas
2386 3588 2573 3672 poenas
2598 3604 2888 3659 toleremus
2918 3644 2935 3670 ,
2967 3619 3102 3675 quas
3128 3613 3349 3661 catenas
3379 3625 3390 3657 :
3425 3608 3628 3664 idcirco

2023 3692 2222 3761 adjecit
2254 3733 2269 3758 ,
2302 3702 2357 3747 et
2399 3695 2714 3748 consoletur
2739 3695 2903 3750 corda
2931 3709 3107 3751 vestra
3140 3718 3153 3754 :
3208 3716 3273 3754 ne
3290 3699 3359 3755 de
3384 3715 3469 3755 me
3496 3715 3626 3756 cura

2023 3792 2079 3838 et
2108 3786 2469 3841 sollicitudine
2499 3787 2755 3843 laboretis
2787 3831 2804 3856 ,
2847 3790 2998 3845 vobis
3028 3794 3383 3848 consolationi
3413 3796 3483 3848 sit
3506 3793 3626 3864 ipse

2024 3892 2149 3933 cum
2197 3880 2513 3947 exposuerit
2540 3880 2682 3947 quali
2736 3884 2916 3936 animo
2961 3883 3062 3937 sint
3114 3893 3170 3939 et
3213 3884 3357 3954 quali
3407 3885 3622 3941 ﬁducia.

2099 3970 2263 4026 Vsus.
2286 3972 2378 4035 25,
2409 3972 2585 4027 2’s.——
2620 3972 2736 4028 Pax
2762 3976 3005 4045 fratribus
3036 3986 3080 4029 et
3102 3977 3328 4032 charitas
3350 3994 3466 4031 cum
3494 3979 3623 4047 ﬁde.

2026 4063 2208 4120 Gratia
2228 4081 2342 4119 cum
2360 4065 2439 4119 Itis
2469 4065 2548 4139 (tl)
2569 4110 2582 4134 ,
2614 4069 2703 4138 qui
2728 4069 2949 4141 diligunt
2978 4070 3258 4125 Dominum
3281 4083 3512 4127 nostrum
3530 4072 3623 4129 Je-

2023 4173 2137 4210 sum
2188 4155 2449 4212 Christum
2477 4159 2531 4213 in
2583 4161 2882 4216 wternitute.
2929 4161 3109 4217 Amen.
3170 4163 3448 4220 Postrema
3498 4180 3622 4235 pars

2023 4251 2270 4321 episton
2299 4254 2536 4322 precatio
2570 4261 2653 4309 est
2686 4295 2702 4321 ,
2757 4264 2812 4309 et
2841 4265 3091 4325 precntur
3135 4266 3190 4311 et
3237 4267 3385 4327 optat
3434 4273 3624 4328 pacem

2024 4342 2326 4400 fratribus:
2388 4344 2514 4400 item
2564 4344 2919 4414 charitatetn,
2965 4346 3160 4403 deinde
3208 4348 3387 4403 iidem.
3446 4348 3623 4419 Supra

2024 4437 2167 4493 enim
2214 4438 2287 4493 ita
2315 4437 2564 4507 dixerat,
2610 4440 2751 4511 quod
2792 4450 2939 4495 esset
2985 4440 3127 4497 inter
3166 4443 3289 4498 illos
3323 4443 3619 4499 discordia.

322 4562 509 4602 eorum
539 4544 783 4605 oratione
798 4544 1179 4614 posmlandula
1198 4558 1304 4612 est,
1328 4545 1521 4616 quibus
1540 4545 1797 4615 prodesse
1819 4546 1920 4601 hoc

2028 4528 2229 4584 Deinde
2255 4529 2498 4598 adjunxit
2523 4531 2745 4600 gratiam
2764 4531 2843 4584 his
2871 4533 2959 4601 qui
2985 4542 3228 4602 privatam
3254 4534 3410 4601 [idem
3429 4576 3444 4602 ,
3472 4544 3520 4588 et
3540 4536 3621 4588 di-

325 4649 500 4708 potest
528 4654 544 4703 ;
574 4648 635 4693 ut
664 4639 915 4708 quoniam
944 4638 1265 4709 mysterium
1280 4650 1339 4694 et
1359 4638 1692 4708 evangelium
1722 4638 1920 4693 Paulus

325 4735 669 4806 pronuntiat,
705 4734 779 4789 illi
802 4734 891 4804 qui
927 4733 1232 4804 percepturi
1275 4733 1378 4788 hoc
1409 4743 1533 4789 sunt
1565 4775 1578 4800 ,
1628 4733 1732 4788 hoc
1761 4743 1919 4788 orent

324 4837 384 4885 ut
407 4841 588 4889 serum
604 4825 858 4891 abundet,
876 4835 936 4880 et.
947 4841 1009 4881 os
1028 4826 1267 4895 apertius
1280 4826 1651 4897 proloquatur,
1678 4835 1732 4880 et
1745 4826 1884 4879 conti
1898 4854 1915 4865 -

322 4921 507 4977 dentis.
532 4922 648 4981 sine
671 4919 847 4991 aliqua
881 4917 1237 4989 trepidatione
1262 4934 1547 4989 exponens
1572 4921 1911 4991 mysterium.

396 5013 561 5069 Vsus.
621 5013 709 5066 ΞΟ.
764 5041 837 5052 -—-
864 5010 971 5065 Pro
1013 5028 1112 5079 quo
1171 5012 1426 5083 legatione
1471 5015 1659 5082 fungor
1714 5013 1770 5066 in
1831 5027 1917 5064 ca-

324 5117 461 5169 tena.
487 5106 547 5167 td
572 5117 652 5163 cst
684 5121 784 5178 ego
812 5107 1015 5185 legatus
1042 5122 1071 5160 a
1093 5105 1328 5170 Christo,
1375 5107 1498 5162 licet
1525 5107 1577 5161 in
1610 5116 1798 5163 catena
1825 5126 1919 5178 po-

322 5202 455 5263 situs
485 5241 503 5267 ,
552 5210 732 5261 tamen
780 5201 1097 5273 mysterium
1127 5200 1304 5270 pando
1346 5209 1403 5257 et
1448 5203 1785 5273 evangelium
1817 5221 1828 5258 :
1863 5204 1917 5259 in

396 5403 476 5475 (l)
506 5403 660 5472 Vulg.
686 5442 701 5463 ,
757 5402 1053 5475 naithabet
1087 5418 1285 5472 scalper
1310 5410 1365 5459 et
1394 5418 1490 5474 pro
1512 5404 1744 5459 oratione
1768 5406 1817 5459 in
1851 5420 1913 5461 ea

328 5473 520 5547 togata;
546 5475 788 5547 instantia
814 5484 863 5547 et
901 5473 1267 5547 obsecratione.

397 5543 473 5618 (2)
503 5546 653 5615 Vulg.
687 5569 704 5601 .-
738 5543 805 5599 Ut
829 5545 976 5601 detur
1002 5546 1126 5598 mihi
1151 5545 1379 5600 sermoin
1405 5548 1666 5618 opertione
1689 5549 1794 5605 oris
1823 5548 1923 5604 mei

328 5633 442 5672 cum
474 5618 688 5683 ﬁducia,
721 5628 895 5671 notum
924 5620 1091 5687 facere
1113 5619 1407 5686 mysterium
1428 5619 1692 5690 evangelii.

2027 4621 2195 4693 ligant
2228 4620 2509 4675 Dominum
2536 4633 2768 4675 nostrum
2802 4621 2976 4676 Jesmn
3008 4622 3284 4678 Christum.
3336 4626 3409 4681 Ita
3437 4627 3618 4686 omnia

2027 4713 2282 4767 conclusa
2308 4721 2468 4777 sunt;
2520 4728 2619 4782 pax
2651 4713 2717 4769 ad
2743 4712 3063 4768 discordiam
3092 4756 3107 4781 ,
3139 4715 3376 4772 cbaritas
3405 4718 3470 4773 ad
3498 4733 3623 4773 con-

2025 4805 2287 4872 cordiam,
2320 4805 2452 4860 lides
2478 4805 2544 4859 ad
2576 4807 2739 4860 Deum
2770 4824 2781 4858 :
2807 4817 2858 4860 et
2889 4821 2951 4861 ex
2984 4807 3087 4861 iide
3108 4810 3279 4877 gratia
3311 4820 3617 4880 praestatur,

2023 4898 2193 4967 gratia
2221 4897 2429 4952 Domini
2478 4896 2563 4951 his
2590 4898 2679 4967 qui
2731 4897 3047 4953 charitatem
3098 4901 3239 4955 inter
3266 4917 3323 4956 se
3348 4913 3400 4957 et
3430 4918 3620 4973 pacem

2021 4987 2310 5053 babent,et
2332 4988 2488 5042 tidem
2518 4989 2570 5041 in
2595 4990 2789 5056 ipsum.
2808 4989 2863 5043 ln
2896 4989 3252 5047 :cteruitatem
3274 5004 3452 5051 autem
3471 4997 3618 5066 quod

2020 5080 2315 5150 subjunxit,
2349 5095 2416 5134 ne
2443 5082 2727 5151 praiseutis
2751 5083 2871 5137 vine
2900 5092 3105 5137 tantum
3131 5096 3251 5141 vota
3276 5089 3414 5155 sint,
3442 5090 3537 5146 sed
3561 5098 3617 5146 et

2021 5171 2356 5245 futuraeque
2369 5187 2450 5230 εει
2466 5175 2516 5229 in
2533 5190 2628 5245 spe
2644 5185 2696 5232 et
2711 5177 3616 5247 promissioneCltristianis.Ameu.

2023 5331 2172 5474 (Oxi)
2208 5332 2385 5405 Vulg.,
2419 5333 2502 5389 Ita
2524 5336 2651 5390 utin
2679 5336 2792 5408 ipso
2821 5339 3069 5406 audeam,
3099 5349 3253 5410 prout
3278 5349 3476 5410 oportet
3509 5358 3609 5413 me,

2097 5475 2175 5547 (2)
2203 5474 2372 5529 Codd.
2403 5478 2504 5541 hic,
2541 5494 2637 5547 pro
2662 5480 2719 5533 id
2755 5493 2847 5536 est.

2099 5545 2180 5688 εὖ)
2213 5546 2391 5616 Vulg.,
2424 5545 2614 5603 Omnia
2643 5552 2785 5607 nobis
2806 5561 2920 5609 vota
2942 5555 3158 5624 faciet...

2125 5620 2178 5686 4)
2213 5618 2364 5688 Vulg.
2401 5660 2416 5687 ,
2450 5620 2717 5678 Omnibus.

2125 5620 2178 5686 4)
2213 5618 2364 5690 Vulg.
2401 5660 2416 5687 ,
2450 5620 2717 5678 Omnibus.
