4106 6184
284 282 424 338 1-297

1610 288 1696 343 DE
1736 287 1822 344 PH
1834 288 2044 347 YSICIS
2084 292 2303 349 LIBER.

3451 314 3594 372 1Ξ98

283 395 560 468 proposita
611 396 918 454 fabricaret.
972 401 1027 456 ln
1070 410 1273 457 tantum
1314 402 1629 473 dignitatem
1662 406 1799 475 ejus,
1833 415 1892 462 ut
1917 416 1969 477 Α
1998 423 2088 465 res
2117 426 2241 467 esse
2270 427 2586 483 noscuntur,
2619 434 2791 491 neque
2826 422 2875 476 in
2910 426 3158 481 omnibus
3186 444 3428 500 regnare.
3460 433 3595 490 Cum

282 496 495 560 putant,
526 492 828 560 deponunt,
856 504 911 546 ut
938 494 1037 562 ipsi
1067 496 1344 550 utateriam
1369 496 1632 567 aequalem
1660 497 1769 552 Deo
1794 514 1888 568 per

283 579 618 635 nativitatem
643 580 899 645 efficiant,
925 600 1043 654 qua:
1068 584 1171 638 vim
1198 587 1430 654 patiatur
1449 590 1516 643 ab
1541 602 1607 643 eo
1627 600 1682 643 et
1704 587 1878 646 faciat.

285 672 495 727 Patitur
524 674 692 739 enim,
724 674 938 744 quando
968 691 1220 745 generat;
1253 678 1401 747 facit,
1440 683 1658 751 quando
1689 683 1888 738 dissol-

284 763 396 827 vit;
429 772 485 818 et
510 777 736 835 uterque
784 768 834 820 in
881 767 1091 823 irritum
1139 770 1432 827 ducuntur.
1473 774 1675 830 Deinde
1705 776 1773 828 ab
1805 777 1887 830 bis

285 857 666 926 postulandum
695 868 798 920 est.
822 860 866 913 si
899 862 1192 918 nativitatis
1233 879 1346 919 sua:
1386 875 1610 935 uterque
1638 867 1885 938 proprie-

286 957 448 1003 tatem
491 952 848 1006 conservant?
886 952 1020 1008 Nam
1045 953 1129 1027 (Ι)
1167 954 1210 1009 si
1258 958 1489 1011 vincitur
1540 959 1703 1025 Deus,
1734 976 1884 1013 suam

284 1043 557 1113 prOpriam
613 1044 666 1099 in
723 1045 1003 1102 uativitate
1058 1050 1310 1104 virtutem
1370 1052 1620 1118 perdidit.
1683 1054 1888 1109 ltursus

285 1136 507 1191 materia
563 1135 607 1191 si
656 1152 686 1192 a
740 1138 852 1194 Deo
903 1141 1250 1207 rcfnrtttalttr,
1311 1144 1607 1201 nativitatis
1659 1146 1885 1202 formam

282 1229 486 1284 amisit.
520 1229 712 1285 Postea
742 1245 864 1286 cum
895 1244 1073 1304 empto
1109 1250 1274 1304 opere
1314 1236 1365 1290 id
1408 1240 1518 1307 egit
1547 1238 1687 1307 quod
1734 1256 1888 1294 mun-

281 1337 441 1392 quam
473 1321 576 1396 (Ξ),
628 1327 695 1379 ita
735 1333 794 1380 ut
840 1337 1025 1384 coacta
1075 1344 1105 1381 a
1154 1328 1480 1385 fabricatore
1523 1344 1779 1402 generet;
1819 1334 1885 1389 ad

282 1421 495 1486 tempus
521 1419 773 1474 virtutem
796 1420 1030 1491 aliquam
1052 1425 1257 1492 accepit
1276 1425 1343 1478 ab
1370 1440 1435 1481 eo
1463 1426 1513 1480 in
1540 1426 1882 1496 proferendo.

280 1511 435 1580 Quod
477 1512 523 1567 si
560 1515 769 1584 accepit
812 1515 955 1585 quod
998 1531 1103 1572 non
1153 1518 1358 1585 habuit,
1408 1522 1515 1588 jam
1566 1522 1886 1578 aeternitatis

282 1608 519 1674 potentia
590 1606 893 1661 excluditur
947 1623 1043 1678 per
1101 1610 1355 1666 virtutem
1424 1628 1583 1683 quam
1653 1614 1880 1683 accepit.

282 1694 510 1765 Propter
529 1696 673 1767 quod
700 1713 829 1768 rogo
852 1698 993 1753 unde
1018 1701 1272 1770 probatur
1293 1703 1470 1757 innata
1493 1720 1613 1774 qua:
1636 1705 1689 1758 in
1714 1704 1883 1761 forma

1992 520 2100 560 non
2130 507 2382 563 omnibus
2407 512 2762 579 contulerint;
2795 531 2895 571 nec
2923 533 3027 573 non
3051 518 3280 577 diversis
3306 526 3594 593 generibus

1991 601 2153 656 illatis
2182 645 2196 669 ,
2243 620 2418 675 neque
2459 608 2710 663 omnibus
2739 612 3032 680 :rqualibus
3069 616 3318 684 (alterum
3351 620 3496 674 enim
3524 621 3593 676 ab

1989 692 2096 747 alio
2118 693 2342 768 differt).
2376 712 2598 754 necesse
2624 713 2706 754 ρει
2725 716 2819 755 eos
2845 704 3018 757 minus
3038 718 3086 759 et
3105 711 3336 777 amplius
3362 708 3585 780 inferre,

1989 788 2263 852 cognosci.
2321 789 2399 844 Ex
2437 808 2537 860 qua
2574 792 2817 850 illationc
2859 797 3031 867 major
3060 800 3339 871 minorque
3368 819 3466 874 per
3497 820 3594 876 pu-

1992 889 2235 935 tesmtem
2269 897 2419 938 suam
2455 888 2725 941 invenitur
2757 907 2770 943 :
2803 906 2923 958 quae
2953 892 3209 947 distantia
3256 895 3591 954 divinitatem

1991 974 2283 1028 nzttivilalis
2316 992 2475 1031 unam
2524 981 2869 1036 constitutam
2900 985 3150 1040 omnibus
3180 1003 3301 1043 esse
3332 1005 3434 1043 neu
3462 1006 3594 1047 eon-

1988 1063 2131 1119 CCdit
2163 1084 2176 1118 :
2210 1082 2272 1119 es
2318 1082 2427 1137 quo
2455 1069 2520 1122 ad
2563 1086 2727 1125 unum
2765 1073 2958 1128 iterum
2993 1076 3297 1133 innativitas
3336 1085 3591 1149 pertinet,

1989 1158 2201 1212 caeteris
2245 1159 2483 1214 exclusis
2529 1161 2595 1215 ab
2649 1162 2986 1220 inuativitate
3020 1184 3033 1221 :
3070 1168 3211 1222 unde
3265 1181 3420 1226 natos
3467 1188 3590 1230 esse

1988 1265 2213 1306 necesse
2241 1263 2343 1306 est.
2367 1252 2483 1307 .lam
2514 1270 2729 1324 quoque
2758 1259 2891 1324 nati,
2919 1276 3023 1313 non
3044 1277 3070 1313 a
3095 1277 3173 1327 se,
3197 1263 3246 1317 id
3278 1282 3364 1335 qui
3386 1267 3418 1320 d
3447 1277 3594 1335 sunt,

1991 1342 2279 1412 habentes;
2315 1361 2413 1401 nec
2432 1362 2461 1400 a
2483 1362 2541 1403 se
2564 1347 2814 1404 virtutem
2849 1351 3068 1420 habere,
3095 1358 3186 1409 sed
3212 1355 3414 1423 datam,
3442 1373 3595 1414 com-

1991 1438 2264 1507 probatur.
2297 1438 2450 1506 Quod
2479 1442 2521 1494 si
2550 1457 2577 1493 a
2609 1457 2670 1496 se
2702 1459 2809 1498 non
2836 1455 2981 1511 sunt,
3007 1448 3129 1500 data
3161 1464 3377 1519 quoque
3409 1460 3593 1518 potes-

1991 1538 2100 1585 tate
2129 1541 2387 1596 utuntur;
2417 1534 2867 1601 quelnadmodnm
2896 1540 3074 1591 omnia
3103 1539 3294 1594 fecisse
3320 1541 3588 1608 dicentur,

1989 1621 2089 1692 ipsi
2134 1634 2397 1679 creatura:
2427 1640 2546 1681 esse
2584 1628 2910 1684 manifestati
2943 1630 3059 1703 (l)?
3098 1631 3165 1687 Et
3218 1636 3330 1688 base
3374 1637 3590 1706 quidem

1987 1713 2167 1767 omnia
2219 1712 2508 1784 attingunt,
2567 1718 2613 1772 si
2664 1721 2714 1773 iu
2760 1723 2987 1790 singulis
3044 1739 3238 1780 omnes
3286 1727 3590 1783 Conferant.

283 1790 579 1845 nativitatis
609 1805 722 1845 suae
752 1807 857 1846 non
890 1794 1223 1861 permansit?
1250 1795 1358 1850 Nec
1389 1796 1442 1850 itt
1471 1796 1668 1852 virtute
1700 1813 1797 1853 nec
1828 1800 1879 1854 in
1911 1811 1959 1870 B
1986 1807 2139 1874 Quod
2172 1807 2216 1862 si
2247 1823 2349 1863 non
2380 1826 2589 1876 omnes,
2635 1812 2729 1867 scd
2766 1813 2961 1884 singuli
2993 1818 3200 1882 singula
3233 1828 3450 1887 regant.
3494 1835 3591 1875 ne-

282 1881 470 1941 eadeui
504 1894 677 1951 pateSt
704 1897 824 1937 esse
854 1885 1149 1940 Substantia
1175 1928 1191 1953 ,
1237 1903 1358 1957 qua:
1402 1898 1636 1944 mutatur
1664 1893 1882 1958 virtute,

283 1976 487 2040 Colore,
538 1975 729 2041 forma,
777 1979 1057 2048 qualitate,
1104 1980 1309 2036 viribus
1354 1982 1605 2037 omnibus
1646 2001 1660 2038 :
1706 1984 1885 2041 innata

284 2084 406 2125 esse
437 2084 542 2123 non
574 2077 773 2138 potest,
802 2086 921 2141 qua:
948 2080 1026 2126 t0t
1049 2072 1193 2126 vitiis
1230 2081 1286 2128 et
1324 2075 1736 2130 necessitatibus
1766 2093 1887 2133 suc-

284 2162 509 2219 cumbit.
542 2160 673 2230 Quae
702 2177 823 2217 cum
855 2173 939 2218 cst
967 2176 1020 2218 et
1055 2164 1311 2232 probatur
1357 2181 1462 2221 non
1511 2168 1713 2234 innata,
1759 2169 1889 2224 reli-

284 2268 448 2324 quum
490 2261 575 2308 est
616 2261 696 2319 ut,
748 2252 798 2308 id
846 2254 988 2326 quod
1032 2264 1137 2320 cst,
1189 2265 1311 2311 nata
1362 2256 1609 2329 factaque
1660 2273 1889 2331 cognos-

285 2355 461 2402 catur.

358 2436 448 2493 Ν.
490 2436 660 2505 Quam
688 2437 908 2509 quidem
942 2453 1040 2494 nec
1054 2440 1268 2510 plurimi
1293 2439 1388 2507 dii,
1421 2441 1516 2498 sed
1536 2458 1673 2498 unus
1696 2443 1889 2502 fecisse

287 2528 605 2585 dinoscitur.
628 2529 747 2586 Non
773 2532 917 2587 enim
948 2542 1166 2602 propter
1196 2533 1562 2591 diversitatem
1588 2552 1769 2592 rerum
1797 2548 1891 2593 aut

289 2625 543 2680 virtutum
573 2625 837 2696 plurimos
862 2641 985 2682 esse
1010 2628 1149 2681 ratio
1183 2628 1447 2697 permittit
1473 2628 1639 2695 deos;
1685 2645 1806 2685 cum
1833 2631 1888 2687 in

289 2731 391 2771 una
407 2725 546 2771 terra
565 2716 779 2772 diversa
801 2733 998 2788 genera
1023 2718 1335 2785 herbarum,
1351 2719 1583 2790 frugum,
1612 2723 1889 2791 arborum,

290 2810 581 2879 gignuntur
606 2809 840 2866 diversis
854 2812 1173 2881 corporibus
1213 2824 1513 2883 procreata,
1537 2814 1766 2871 diversis
1793 2832 1891 2871 co-

289 2902 495 2958 loribus
524 2912 732 2967 ornata,
766 2905 995 2959 diversis
1031 2905 1320 2961 virtutibus
1369 2907 1641 2962 roborata.
1685 2908 1892 2979 Nempe

289 3006 346 3052 et
374 2996 553 3052 anima
585 3008 763 3051 nostra
788 3013 911 3052 cum
943 3012 1046 3052 uua
1073 2999 1163 3063 sit,
1193 2999 1437 3056 diversas
1457 3003 1655 3055 artium
1688 3003 1893 3058 machi-

290 3090 562 3156 nationes,
610 3089 1017 3161 disciplinarum
1067 3090 1362 3159 doctrinas,
1394 3094 1592 3148 formas
1624 3095 1894 3150 institutu-

1988 1914 2094 1968 qne
2116 1907 2296 1954 utatur
2322 1900 2460 1957 alter
2488 1903 2711 1958 alterius
2741 1918 3010 1971 creatura,
3044 1908 3136 1963 sed
3168 1910 3483 1965 concidatur
3509 1921 3592 1965 to-

1989 2000 2099 2044 tum
2129 1993 2648 2065 saccnlnnt,singulis
2662 1997 2871 2067 singula
2894 2015 3055 2069 opera
3078 2016 3173 2055 suo
3201 2001 3268 2057 ad
3290 2018 3348 2057 se
3375 2003 3595 2059 trahen-

1989 2084 2128 2137 tibus
2158 2099 2221 2139 ac
2241 2085 2674 2151 defendentibus,
2709 2106 2809 2145 nec
2831 2107 2929 2145 nos
2960 2094 3057 2161 ipsi
3089 2097 3311 2152 alterius
3338 2106 3587 2152 creatura

1991 2176 2063 2229 uti
2092 2177 2483 2245 permittamus,
2521 2188 2576 2234 et
2608 2182 3060 2250 quemadmodum
3089 2185 3380 2243 animantia
3407 2190 3589 2245 vivere

1988 2275 2217 2336 possunt
2245 2267 2483 2324 discreta
2517 2270 2723 2341 singula
2750 2289 2778 2326 a
2817 2277 3071 2330 casteris?
3099 2278 3252 2343 Quod
3290 2281 3333 2333 si
3366 2280 3435 2335 ob
3466 2298 3595 2336 con-

1988 2360 2227 2416 cordiam
2252 2362 2505 2418 bonitatis
2537 2378 2650 2419 suae
2675 2368 2988 2435 permittunt
3016 2370 3115 2440 ipsi
3160 2371 3375 2443 quidem
3415 2374 3589 2432 imbe-

1989 2453 2164 2518 cillos,
2197 2455 2288 2525 qui
2321 2456 2423 2509 nisi
2448 2471 2544 2526 per
2562 2457 2785 2514 alterius
2813 2471 3116 2516 creaturam
3149 2472 3295 2519 stare
3321 2481 3473 2519 suum
3506 2465 3587 2538 (ἓ)

1990 2546 2171 2602 facere
2195 2562 2301 2602 non
2332 2548 2632 2619 potuerint;
2674 2567 2774 2606 nec
2804 2553 2904 2623 ipsi
2940 2570 3095 2609 suum
3122 2556 3204 2630 (5)
3237 2567 3463 2625 regunt,
3494 2559 3590 2615 scd

1991 2651 2140 2691 usus.
2165 2637 2320 2704 Quod
2340 2640 2382 2691 si
2407 2655 2535 2694 usus
2549 2640 2777 2709 detinet,
2811 2643 2901 2699 ille
2930 2659 3037 2699 non
3067 2647 3235 2717 regit;
3267 2662 3332 2704 ex
3360 2664 3587 2720 quonon

1992 2742 2114 2784 esse
2138 2742 2500 2798 cognoscitur.

2064 2820 2152 2874 Vl.
2170 2818 2250 2875 Ac
2270 2823 2500 2877 ntundus
2518 2824 2633 2892 ipse
2649 2824 2841 2880 borum
2861 2826 3135 2884 hominum
3161 2831 3420 2887 insaniam
3444 2848 3590 2889 com-

1992 2913 2198 2985 primit,
2230 2923 2550 2981 creatorem,
2586 2929 2873 2980 rectorem.
2901 2924 3335 2991 gubernatorem,
3366 2926 3589 2996 dispen-

1994 3018 2230 3064 satorem
2270 3025 2425 3064 suum
2466 3012 2776 3067 ostendens.
2808 3014 2940 3080 Quis
2972 3015 3113 3069 enim
3162 3017 3368 3084 pluvias
3398 3020 3591 3076 alienis

1996 3101 2315 3167 immittcns,
2345 3118 2456 3157 suae
2479 3107 2810 3173 Operationis
2838 3107 3009 3161 aliena
3040 3109 3280 3163 enutrit?
3300 3111 3433 3178 Quis
3459 3122 3594 3168 tem-

300 3201 443 3250 rum,
475 3200 757 3240 numerum
789 3200 1182 3253 mensurarum,
1211 3201 1468 3242 sonorum
1497 3188 1781 3258 elationes,
1804 3206 1891 3246 re-
1916 3187 1961 3250 C
1998 3209 2185 3264 porum
2216 3195 2434 3250 nocivas
2473 3200 2902 3266 contrarietates,
2945 3204 3205 3270 temperie
3250 3204 3587 3274 interposita,

291 3292 411 3331 rum
443 3275 692 3343 effectus,
721 3277 1078 3349 cogitationes
1102 3320 1117 3342 ,
1144 3278 1343 3347 judicia
1371 3280 1661 3343 rationum,
1685 3283 1891 3337 consti-

291 3371 411 3426 tuit.
434 3368 588 3437 Quod
618 3370 662 3424 si
693 3371 877 3425 iutam
901 3370 1139 3425 minimis
1170 3371 1332 3426 rebus
1359 3374 1447 3426 uni
1469 3373 1784 3429 substantiae
1808 3374 1891 3447 (5)

294 3469 375 3517 tot
403 3478 583 3517 rerum
614 3460 842 3518 effectus
870 3461 1220 3529 conceditur;
1253 3473 1453 3533 quanto
1481 3464 1650 3535 magis
1681 3466 1768 3521 illa
1813 3466 1893 3521 di-

290 3555 483 3611 vinitas
521 3553 708 3610 barum
761 3554 996 3625 ipsarum
1027 3570 1207 3610 rerum
1244 3556 1475 3625 genitrix
1522 3556 1601 3630 (4)
1634 3574 1736 3613 una
1769 3574 1893 3617 esse

294 3648 656 3720 cognoscitur,
696 3650 910 3720 quando
938 3658 1102 3706 tantae
1123 3651 1385 3722 majestati
1403 3653 1686 3711 diversitas
1713 3669 1892 3710 rerum

292 3757 470 3812 neque
515 3741 623 3796 vim
669 3743 888 3807 inferre,
916 3758 1016 3798 nec
1042 3745 1254 3799 auferre
1277 3756 1595 3815 pole~tatcm
1628 3746 1894 3817 potuerit?

293 3834 497 3891 Deinde
514 3836 947 3906 interrogandum
963 3837 1153 3907 quibus
1163 3840 1449 3908 generibus
1466 3840 1725 3910 plurimos
1740 3841 1867 3896 indu
1881 3872 1893 3882 -

291 3938 419 3985 cunt
446 3928 580 3983 deos
606 3937 784 3985 utrum
815 3946 884 3985 ne
912 3931 1150 3987 omnium
1174 3948 1360 3988 omnes
1386 3946 1677 3998 creatures,
1710 3950 1777 3989 an
1811 3935 1893 4008 (5)

292 4021 623 4092 singularum
652 4022 873 4077 rerum?
893 4022 1213 4078 Conditores
1235 4025 1473 4080 omnium
1499 4041 1620 4081 esse
1641 4041 1746 4081 nou
1770 4043 1896 4098 pos-

290 4123 418 4171 sunt
465 4116 590 4186 quia
647 4114 845 4171 sufﬁcit
889 4132 1066 4181 mins,
1123 4125 1180 4171 ut
1230 4117 1431 4174 dictum
1485 4129 1588 4175 est.
1645 4120 1800 4187 Quod
1847 4123 1891 4176 si

289 4206 508 4277 plurimi
540 4207 612 4262 dii
644 4206 746 4263 hoc
769 4223 931 4279 agere
961 4208 1356 4277 existimentur,
1382 4212 1558 4267 omnis
1585 4212 1666 4285 (6)
1695 4213 1894 4270 inferre

290 4315 517 4359 necesse
543 4313 627 4358 est
653 4304 879 4375 singulis
909 4306 1071 4359 rebus
1096 4305 1239 4373 quod
1268 4306 1492 4362 donant.
1523 4307 1680 4365 Unde
1702 4311 1897 4380 imper-

288 4392 487 4450 fectum
518 4404 599 4451 est
631 4395 774 4464 quod
813 4396 879 4452 ab
912 4412 1017 4452 uno
1048 4396 1310 4463 infertur;
1351 4398 1612 4469 deestque
1650 4402 1893 4457 materiae

288 4502 608 4545 cancrorum
640 4491 828 4558 illatio,
847 4491 970 4562 quia
998 4507 1104 4546 non
1126 4491 1326 4547 sufficit
1354 4492 1405 4547 id
1434 4493 1577 4563 quod
1599 4495 1805 4564 accepit
1826 4494 1895 4549 ab

1995 3285 2061 3340 ad
2086 3287 2369 3342 utilitatem
2411 3303 2603 3344 omnes
2644 3292 2904 3346 sociavit?
2946 3302 3228 3348 ventorum
3270 3295 3445 3362 flatus,
3473 3297 3595 3352 ani-

1996 3378 2247 3433 mationis
2285 3394 2483 3445 causa,
2526 3383 2859 3437 nascentium
2901 3386 3265 3441 creatiouilius
3308 3387 3597 3443 subminis-

1997 3472 2141 3527 trat?
2171 3471 2315 3527 Deus
2340 3472 2419 3545 (4)
2460 3474 2677 3544 quidem
2710 3491 2777 3530 ex
2812 3477 2959 3531 muni
2998 3488 3243 3533 creatura
3273 3480 3589 3546 dinoscitur,

1995 3565 2408 3636 sicutscriptnm
2433 3579 2516 3622 est
2549 3566 2711 3623 :Caelt'
2738 3572 3215 3642 enarrantglm-iam
3238 3572 3352 3639 Dei,
3396 3583 3440 3628 et
3467 3590 3592 3641 ape-

1996 3674 2058 3711 ra
2086 3675 2332 3712 manuum
2367 3661 2478 3730 ejus
2507 3662 2778 3713 annuntiat
2820 3662 3218 3728 ﬁrmamentum.
3273 3663 3370 3720 Hic
3410 3680 3591 3720 rerum

1996 3751 2236 3804 omnium
2266 3750 2534 3816 conditor,
2562 3761 2759 3818 rector,
2781 3754 3130 3823 gubernator,
3146 3755 3593 3830 dispensatorque

1996 3841 2308 3912 reperitur:
2349 3857 2457 3912 quo
2478 3843 2721 3912 cognito,
2757 3859 2915 3913 prava
2961 3846 3307 3903 contentioiie
3351 3849 3590 3919 quidam,

1997 3931 2308 3988 infirmitate
2330 3934 2493 3987 animi
2522 3934 2604 3987 sui
2627 3935 2870 3990 ordinem
2901 3953 3077 3991 rerum
3104 3952 3210 3992 non
3237 3941 3595 4009 comprehen—

1996 4025 2207 4091 dentes,
2240 4040 2338 4080 nec
2367 4026 2468 4080 hoc
2492 4027 2664 4096 ipsum
2694 4027 3054 4097 intelligentes
3077 4071 3092 4089 ,
3121 4030 3265 4099 quod
3305 4032 3549 4086 nesciunt
3574 4075 3590 4098 ,

1996 4119 2289 4176 calliditate
2328 4120 2491 4175 animi
2531 4135 2724 4176 causas
2775 4123 3024 4192 ingerunt
3068 4122 3211 4189 Deo;
3255 4135 3344 4177 aut
3383 4138 3487 4179 non
3520 4124 3593 4181 ita

1997 4211 2111 4268 fieri
2142 4211 2396 4267 debuisse
2424 4211 2688 4279 dicentes,
2731 4221 2789 4267 ut
2828 4213 3114 4278 caderent;
3143 4224 3233 4267 aut
3262 4229 3327 4269 ex
3358 4228 3424 4268 eo
3449 4214 3592 4283 quod

1996 4305 2217 4372 cadunt,
2251 4304 2604 4375 ignorantiam
2648 4306 2697 4360 ei
2745 4307 2831 4359 vel
2869 4306 3128 4362 malitiam
3159 4308 3589 4365 adscribendam.

1998 4398 2149 4455 Fecit
2175 4399 2319 4454 enim
2345 4407 2401 4453 ut
2432 4401 2537 4454 siut
2571 4416 2586 4453 :
2630 4400 2771 4469 quod
2802 4399 2847 4454 si
2892 4401 3091 4468 evenit,
3122 4411 3180 4455 ut
3210 4417 3314 4456 non
3337 4403 3474 4466 sint;
3497 4412 3595 4457 aut

1998 4491 2264 4562 ignoravit
2294 4490 2538 4546 faciendo
2567 4491 2710 4561 quod
2740 4491 2957 4558 evenit;
2996 4501 3089 4547 aut
3134 4492 3375 4560 sciendo,
3407 4492 3591 4548 volens

288 4596 412 4636 uno.
451 4581 517 4636 Et
551 4582 661 4652 jam
712 4584 933 4638 materia
978 4582 1191 4654 melior,
1232 4599 1353 4656 quae
1392 4585 1633 4640 omnium
1662 4587 1888 4643 virtutes
1916 4572 1972 4633 1)
1997 4586 2229 4640 liberare
2256 4597 2366 4638 non
2398 4583 2601 4653 potuit;
2633 4594 2725 4637 aut
2750 4599 2873 4637 cum
2903 4586 3094 4655 possit,
3126 4585 3344 4639 tradidit
3363 4601 3459 4655 per
3480 4601 3593 4640 ma-

286 4672 401 4729 sola
434 4674 485 4729 in
514 4689 573 4729 se
601 4677 920 4747 susceperit.

364 4768 423 4822 V.
467 4768 673 4825 Deinde
698 4785 804 4824 non
836 4770 1062 4842 singulm
1090 4786 1180 4827 res
1202 4771 1271 4827 ab
1299 4773 1557 4830 omnibus
1581 4775 1888 4831 constitutae

289 4862 586 4933 probantur
618 4883 631 4919 :
666 4879 772 4920 non
801 4880 864 4921 ex
899 4866 1088 4921 iisdem
1132 4867 1377 4923 subsistit
1405 4869 1542 4940 lapis
1568 4913 1584 4937 ,
1615 4871 1810 4942 quibus
1836 4881 1893 4928 et

285 4956 479 5022 arbor;
504 4973 676 5029 neque
703 4959 887 5026 arbor,
915 4974 984 5014 ex
1012 4959 1207 5028 quibus
1237 4975 1436 5030 pecus;
1468 4976 1569 5017 nec
1594 4962 1758 5032 piscis
1786 4977 1884 5033 ge-

286 5066 410 5119 nus,
436 5068 501 5108 ex
531 5053 725 5124 quibus
772 5053 935 5117 ferte;
967 5069 1068 5110 nec
1104 5065 1406 5124 serpentes,
1439 5065 1531 5111 aut
1562 5055 1752 5111 bellua:
1773 5097 1790 5124 ,
1823 5072 1890 5112 ex

286 5144 483 5214 quibus
506 5145 668 5201 homo
703 5164 716 5200 :
744 5147 838 5201 sed
872 5161 1094 5203 necesse
1131 5155 1216 5204 est
1254 5148 1432 5203 minus
1460 5158 1515 5204 et
1538 5148 1768 5220 amplius
1798 5150 1894 5205 ba-

286 5234 418 5293 bere
441 5238 708 5294 confiteri.
738 5237 889 5295 Unde
916 5254 1022 5295 non
1061 5239 1392 5311 singulorum
1426 5254 1616 5297 omnes
1644 5240 1893 5297 condito-

357 5414 439 5561 (1)
478 5415 648 5500 Codd.
677 5414 820 5499 lant.
1244 5491 1256 5502 .

382 5486 440 5561 2)
481 5487 839 5561 Submtelltge
865 5498 1034 5561 egerat
1063 5488 1146 5545 vel
1177 5505 1256 5561 eg:

382 5486 440 5556 2)
481 5487 839 5558 Subintellige
865 5498 1034 5558 egerat
1063 5488 1146 5545 vel
1177 5491 1375 5561 egisset.

383 5559 440 5615 '5)
480 5558 649 5612 Codd.
677 5574 784 5612 una
807 5558 1111 5615 substantia.

388 5768 447 5840 ϐ’)
475 5768 552 5825 Ita
579 5770 701 5827 cod.
738 5787 835 5842 pro
863 5786 1055 5831 omnes.

1990 4679 2180 4735 litiam.
2208 4676 2449 4744 Quorum
2479 4684 2727 4730 neutrum
2771 4676 2837 4731 ad
2876 4676 3208 4732 divinitatem
3251 4678 3590 4735 admittitur:

1993 4787 2095 4829 nec
2121 4772 2264 4826 enim
2294 4768 2372 4823 fas
2399 4775 2485 4823 cst
2507 4768 2747 4823 nescisse
2765 4766 2940 4822 futura
2971 4769 3328 4836 divinitatem,
3361 4786 3460 4826 nec
3490 4786 3584 4826 vo-

1994 4864 2195 4919 lentem
2224 4860 2454 4916 liberare
2484 4873 2590 4914 non
2625 4859 2886 4928 potuisse,
2917 4875 3015 4914 nec
3042 4859 3300 4915 malitiam
3319 4860 3589 4919 adscribi:

1995 4956 2085 5026 qui
2108 4952 2275 5007 voluit
2302 4959 2359 5005 et
2387 4948 2532 5013 fecit,
2561 4964 2706 5005 exeo
2727 4950 2850 5020 quia
2875 4950 3122 5005 voluntas
3145 4951 3393 5019 faciendi,
3412 4955 3596 5011 exclu-

1995 5049 2075 5105 dit
2104 5046 2365 5103 malitiam
2395 5044 2720 5117 negligendi.
2744 5045 2950 5114 Quibus
2972 5045 3221 5114 sublatis,
3249 5047 3463 5102 tertium
3487 5048 3598 5104 cri-

1997 5158 2122 5200 men
2162 5141 2388 5197 iniciunt
2415 5138 2869 5210 impossibilitatis
2897 5138 3006 5196 Deo
3063 5139 3195 5208 Quae
3232 5139 3412 5195 omnia
3433 5140 3601 5211 expli-

1999 5234 2170 5294 canda
2198 5242 2343 5291 sunt.
2373 5232 2483 5289 Nec
2506 5230 2651 5288 enim
2677 5232 2852 5288 malus
2881 5239 2981 5300 est,
3010 5232 3101 5304 qui
3141 5231 3312 5288 voluit
3350 5239 3408 5288 et
3446 5230 3590 5300 fecit,

2100 5420 2154 5496 ξ)
2196 5418 2574 5496 Hellenismus.
2651 5486 2671 5496 _
2902 5485 2965 5496 ω
3093 5486 3106 5496 _
3472 5489 3484 5496 _
3554 5483 3568 5496 .

2100 5422 2124 5476 l
2196 5420 2574 5474 Hellenismus.

2074 5420 2285 5565 (ἓξ-είς
2312 5561 2326 5565 _
2353 5489 2590 5565 loquitur
2642 5486 2857 5565 ferreus
2902 5485 3246 5565 Victorinus,
3299 5497 3339 5565 _a
3388 5483 3600 5539 caeteris

2001 5556 2223 5634 scriptis
2245 5561 2357 5616 suis
2384 5556 2606 5615 minime
2624 5559 2928 5613 dissonans.
2960 5556 3199 5626 lntellige
3225 5562 3403 5611 autem
3429 5570 3598 5611 essen-

2000 5633 2126 5690 tiam
2136 5633 2336 5705 _rﬂicere
2363 5648 2473 5705 non
2487 5639 2708 5700 possent.

2098 5698 2546 5830 3)"Subiiitellige
2573 5714 2731 5768 stare,
2766 5698 2821 5756 id
2849 5709 2933 5758 est
2951 5698 3236 5755 essentiam.

2112 5780 2130 5830 ί
2196 5774 2367 5830 Codd.
2393 5790 2525 5830 ams.
2550 5789 2649 5830 oro
2675 5771 2831 5828 Deus;

2073 5710 2156 5847 (ὅ)
2194 5710 2546 5785 Subintellige
2573 5714 2731 5768 stare,
2766 5710 2821 5756 id

2112 5780 2149 5847 t,
2196 5774 2367 5831 Codd.
2393 5790 2525 5845 quis,
2550 5789 2649 5846 pro
2675 5771 2831 5828 Deus;

2138 5831 2149 5848 I
