4106 6184
588 267 612 322 1
628 268 727 322 3.93)

1810 261 2003 319 MAliil
2029 259 2373 319 VICTORINI
2417 263 2574 319 AFlil

3693 272 3707 324 1
3717 273 3787 325 3th)

588 400 645 442 et
687 388 809 457 quia
861 387 1044 441 volens
1092 385 1236 439 fecit.
1275 384 1375 452 Qui
1411 391 1584 452 potest
1627 383 1830 444 omnia,
1877 393 1963 434 aut
2015 389 2190 450 potest
2216 384 2265 440 Α
2294 391 2554 434 ετειιιιιιτυ
2584 380 2721 434 ratio
2749 379 3076 449 expetebat,
3122 380 3192 432 ita
3235 389 3286 433 ιιι
3327 380 3536 435 diversis
3573 383 3615 435 in
3649 388 3794 440 sacrilo

593 494 712 548 qua:
742 478 872 543 vult,
921 493 1030 532 non
1081 476 1184 530 erit
1232 475 1555 530 imbecillus.
1611 473 1683 526 Ita
1731 487 1833 527 nec
1877 473 2192 542 ignorantia:

594 570 865 638 subjectus
896 587 909 624 :
943 569 1181 639 quicum
1217 582 1433 638 semper
1475 567 1574 631 sit,
1609 566 1728 621 sine
1763 581 1829 622 eo
1867 565 2042 619 futura
2075 565 2189 620 fleri

593 680 698 720 non
731 672 972 733 possunt.

660 755 771 812 Vll.
803 755 922 812 Jam
953 771 1082 826 ergo
1111 770 1324 810 causam
1356 768 1534 810 rerum
1575 753 1911 822 requiramus
1933 794 1947 818 ,
1991 767 2057 806 ne
2101 751 2194 806 ditt

592 849 960 920 protrahendo
991 863 1331 915 sermonem,
1364 847 1537 901 locum
1567 845 1770 902 erroris
1816 844 2193 899 seductoribtis

591 944 983 1013 permittamus.
1028 941 1178 995 Fecit
1207 942 1385 993 omnia
1420 951 1473 993 ut
1504 941 1642 993 sint:
1679 938 1795 994 sine
1823 938 1988 992 dubio
2031 939 2195 1008 proti-

591 1048 790 1093 temur.
822 1038 1014 1092 Evenit
1036 1046 1091 1090 ut
1119 1052 1222 1090 non
1248 1037 1383 1089 sint:
1411 1052 1508 1090 nec
1536 1035 1638 1090 hoc
1664 1050 1860 1105 negare
1887 1049 2189 1104 possumus.

593 1130 701 1187 Sed
731 1131 782 1184 in
815 1129 1004 1184 eodem
1035 1129 1304 1182 contraria
1334 1143 1454 1183 esse
1483 1145 1586 1182 non
1635 1137 1891 1198 possunt,
1935 1137 1991 1182 nt
2034 1128 2194 1182 simul

599 1240 721 1280 esse
743 1232 798 1276 ct
829 1241 930 1276 non
957 1237 1078 1277 esse
1107 1221 1366 1275 voluntati
1387 1221 1502 1291 ejus
1522 1223 1814 1292 contingat.
1840 1221 1970 1290 Quia
1995 1223 2038 1276 si
2071 1221 2196 1276 fecit

591 1329 648 1370 ut
679 1315 817 1380 sint,
851 1329 1064 1382 semper
1093 1314 1203 1368 vult
1235 1323 1290 1366 ιιι
1318 1314 1455 1368 sint:
1489 1324 1542 1368 et
1571 1314 1613 1366 si
1649 1316 1764 1368 vult
1806 1323 1862 1366 ιιι
1902 1328 2009 1367 non
2051 1313 2190 1380 sint,

593 1407 791 1462 desinit
823 1405 876 1459 id
910 1406 1074 1470 velle,
1107 1405 1246 1474 quod
1279 1406 1522 1460 volebat:
1565 1405 1705 1473 quod
1746 1406 1962 1474 quidem
2007 1405 2193 1458 vitium

590 1497 644 1552 in
679 1499 844 1552 Deum
872 1497 1065 1551 cadere
1094 1514 1200 1550 non
1232 1506 1425 1566 potest.
1463 1497 1676 1550 Duabus
1705 1511 1833 1552 vero
1865 1497 2108 1566 personis
2141 1497 2195 1550 in

589 1604 746 1644 causa
777 1590 1082 1644 constitutis
1101 1632 1115 1656 ,
1141 1589 1421 1644 conditore
1448 1601 1500 1644 et
1531 1589 1771 1653 condito,
1796 1604 1916 1642 cum
1946 1590 2196 1645 conditor

589 1693 670 1738 est
710 1683 917 1736 alienus
965 1699 993 1735 a
1043 1682 1288 1748 crimine,
1333 1691 1582 1752 superest
1616 1691 1672 1736 ut
1711 1682 1786 1747 id,
1828 1683 1968 1750 quod
2010 1682 2197 1737 condi-

2295 472 2530 526 eunditis
2556 515 2570 537 ,
2615 481 2670 528 et
2713 487 2777 527 ex
2823 473 3063 525 omnium
3107 471 3481 527 elementorum
3520 478 3794 532 conversione

2296 566 2620 620 constructis
2643 607 2656 629 ,
2692 565 2778 620 hic
2804 564 2892 634 qui
2927 564 3116 618 melior
3141 571 3224 618 est
3252 564 3488 619 omnibus
3517 566 3610 635 (ι),
3635 579 3798 624 creveru-

2299 673 2415 711 rum
2451 656 2646 712 habeat
2675 667 3027 726 potestatem:
3061 671 3164 709 non
3195 665 3301 710 tum
3332 657 3591 712 immemor
3610 660 3676 713 sui
3696 675 3800 714 erea-

2298 752 2464 815 toris;
2498 753 2590 804 sed
2621 750 2890 820 subjectus
2921 750 3159 803 dominio
3190 765 3284 819 per
3312 750 3621 816 mandatum,
3659 764 3799 808 cetera

2298 844 2535 914 subjecta
2568 844 2668 899 sibi
2702 853 2899 898 teneat.
2935 843 3210 912 Suhjectio
3241 854 3413 897 autem
3443 845 3610 910 istius,
3640 845 3713 915 qui
3736 861 3797 898 ra-

2301 937 2569 992 tionabilis
2608 946 2723 999 est,
2768 937 2938 1006 legem
2980 934 3245 1005 requirit,
3286 949 3350 989 ne
3388 937 3454 989 sit
3488 934 3590 1004 ipse
3623 938 3805 991 omnium

2297 1029 2430 1084 deus
2459 1027 2596 1084 liber
2619 1046 2650 1082 a
2679 1028 2792 1098 lege
2816 1045 2829 1080 :
2859 1042 3018 1098 quam
3049 1027 3220 1094 legem
3248 1027 3537 1096 posmlante
3564 1030 3751 1086 ratione,
3771 1030 3807 1082 in

2299 1119 2494 1190 quibus
2532 1119 2708 1173 danda
2746 1128 2918 1184 esset,
2953 1123 3166 1188 oportet
3207 1117 3494 1187 pervidere.
3533 1117 3584 1172 In
3619 1119 3687 1172 his
3717 1120 3812 1172 dan-

2299 1211 2422 1266 dam
2449 1225 2571 1266 esse
2600 1211 2774 1281 legem
2801 1212 2938 1265 ratio
2963 1211 3153 1266 educet
3170 1254 3184 1275 ,
3207 1211 3398 1281 quibus
3425 1211 3610 1280 positus
3629 1211 3693 1280 (2)
3711 1212 3812 1266 frue-

2299 1304 2479 1360 batur.
2513 1304 2664 1372 Quod
2705 1317 2826 1358 cum
2866 1305 3020 1359 cibus
3059 1313 3186 1358 tunc
3215 1309 3366 1358 datus
3396 1305 3611 1358 maxime
3635 1305 3813 1360 invenia-

2303 1407 2407 1462 tur,
2451 1397 2506 1450 in
2548 1395 2689 1451 hunc
2730 1395 2910 1450 datam
2956 1407 3078 1452 esse
3121 1396 3292 1468 legem
3333 1396 3466 1451 ratio
3507 1398 3744 1473 peposcit,
3776 1399 3812 1451 iu

2301 1491 2446 1543 hunc
2476 1503 2732 1558 peccasse
2760 1487 3087 1544 declaratur.

2372 1580 2462 1636 ix.
2486 1581 2639 1636 Nunc
2669 1583 2823 1637 nobis
2853 1583 3297 1652 investigantibus
3324 1597 3550 1650 causam,
3581 1585 3670 1640 huc
3694 1601 3818 1655 usque

2301 1676 2440 1730 ratio
2487 1675 2723 1730 deduxit.
2775 1677 2984 1732 Cretera
3030 1675 3110 1747 (ὅ)
3150 1679 3303 1746 cujus
3339 1678 3475 1745 cibi,
3515 1679 3592 1734 cui
3625 1679 3752 1743 usui.
3780 1681 3817 1734 in

591 1786 701 1830 tum
743 1784 844 1840 est,
875 1790 985 1829 sua:
1028 1775 1264 1829 hesionis
1305 1776 1418 1844 ipse
1457 1775 1524 1829 sit
1566 1789 1726 1829 causa
1751 1813 1767 1839 ,
1813 1789 1912 1829 nec
1954 1775 2194 1844 potuisse
2224 1775 2272 1835 B
2299 1785 2459 1840 quem
2491 1769 2707 1824 modum
2740 1770 2822 1824 lex
2855 1770 2978 1824 data
3011 1771 3110 1837 sit,
3145 1770 3300 1826 nobis
3330 1771 3718 1841 requirentibus,
3743 1771 3820 1825 his-

593 1868 709 1922 siuc
738 1867 911 1936 aliqua
947 1868 1099 1935 culpa
1131 1867 1196 1920 ad
1229 1867 1278 1920 id
1310 1865 1570 1921 cecidisse
1611 1876 1668 1920 ut
1708 1883 1812 1920 non
1853 1867 1942 1920 sit.
1991 1866 2198 1921 Rursus

594 1959 636 2013 si
679 1959 835 2028 culpa
877 1959 1082 2012 conditi
1127 1959 1456 2013 voluntatem
1505 1958 1596 2012 Dei
1641 1959 1921 2012 evacuavit
1948 1997 1962 2020 ,
2007 1957 2198 2012 fortior

591 2053 709 2120 ipsa
740 2051 895 2121 culpa
927 2067 1088 2120 quam
1130 2049 1404 2105 conditor:
1451 2049 1680 2119 ideoque
1719 2050 1928 2104 renasci
1972 2062 2197 2102 necesse

593 2155 704 2210 est,
760 2154 817 2196 ut
861 2143 926 2197 ad
974 2145 1149 2210 ipsum
1196 2143 1474 2196 venientes
1517 2141 1662 2212 quod
1708 2140 1940 2204 fuimus,
1974 2140 2024 2194 id
2053 2139 2195 2210 quod

592 2237 775 2291 evenit
805 2252 900 2306 per
929 2235 1141 2304 culpam
1162 2276 1176 2299 ,
1213 2247 1567 2299 evacuemus;
1596 2242 1651 2289 et
1683 2233 1860 2288 vincat
1889 2233 1979 2287 Dei
2007 2233 2198 2286 volun-

592 2341 706 2397 tas,
740 2347 860 2402 qua:
892 2331 988 2385 ftiit
1021 2339 1078 2384 ut
1107 2330 1296 2385 simus.
1345 2329 1470 2384 Inde
1499 2328 1570 2383 ob
1600 2329 1808 2397 culpam
1839 2327 2077 2381 damnati
2106 2342 2195 2381 re-

594 2437 868 2487 vocamur,
902 2421 1106 2488 jnstitia
1141 2421 1232 2475 Dei
1267 2430 1618 2490 permanente
1646 2420 1834 2474 eadem
1863 2433 1917 2473 et
1956 2419 2192 2472 vir-tute:

589 2514 793 2583 justitia
816 2555 830 2578 ,
863 2514 914 2566 in
943 2529 1050 2582 quo
1074 2512 1314 2581 judicat;
1345 2513 1558 2576 virtute,
1597 2514 1648 2565 in
1679 2525 1785 2580 quo
1814 2519 2057 2565 revocat:
2089 2525 2195 2565 non

596 2605 898 2675 prohibitus
930 2605 1160 2668 saivare,
1195 2605 1282 2674 qui
1318 2615 1509 2673 petens
1538 2611 1706 2658 estut
1734 2619 1797 2657 ex
1830 2617 1897 2656 eo
1929 2601 2068 2672 quod
2100 2616 2193 2656 eeo

595 2697 757 2763 cidit,
793 2697 962 2766 possit
994 2711 1247 2751 revocare
1280 2696 1329 2750 id
1361 2696 1502 2766 quod
1535 2697 1646 2766 ipse
1678 2696 1878 2751 fecerat
1907 2710 1971 2749 ex
2004 2694 2193 2748 nihilo:

595 2800 651 2844 et
680 2792 769 2860 qui
800 2791 927 2844 fecit
956 2807 1021 2844 ex
1053 2790 1241 2856 nihilo,
1275 2790 1444 2844 multo
1474 2790 1644 2861 magis
1683 2789 1952 2844 revorabit
1992 2801 2056 2842 ex
2099 2789 2196 2841 ali-

597 2899 733 2952 quo:
768 2893 820 2937 et
848 2898 968 2936 cum
996 2881 1200 2951 judicio
1224 2885 1370 2948 justo
1399 2883 1708 2936 damnatum
1739 2883 1882 2935 dictu
1916 2881 2005 2934 Dei
2036 2881 2197 2935 cade-

597 2984 713 3040 ret,
746 2976 872 3029 item
906 2975 1290 3028 miscricurdim
1322 2975 1439 3044 ejus
1465 2976 1610 3029 dicto
1641 2987 1916 3041 resurgat:
1963 2989 2062 3029 nec
2101 2990 2195 3028 ex-

595 3068 829 3120 cluditur
861 3083 1148 3130 revocare,
1181 3067 1269 3136 qui
1301 3084 1517 3136 semper
1545 3078 1661 3131 est;
1707 3078 1760 3122 et
1803 3069 2037 3137 potentia
2076 3067 2196 3136 ejus

2305 1863 2442 1915 toria
2475 1863 2780 1917 necessaria
2814 1872 2895 1918 est
2927 1879 3046 1933 qua:
3086 1863 3372 1918 conveniat
3411 1862 3492 1918 his
3529 1863 3728 1936 physicis
3758 1879 3820 1917 ra-

2306 1953 2542 2008 tionibus
2567 1952 2678 2024 jam
2712 1967 2741 2007 a
2773 1954 2930 2010 nobis
2961 1955 3330 2026 investigatis:
3363 1967 3479 2023 qua:
3506 1971 3614 2010 curn
3639 1956 3752 2010 nulla
3772 1955 3820 2010 sit

2302 2045 2402 2100 alia
2436 2051 2631 2114 praeter
2652 2057 2810 2115 quam
2839 2045 3124 2100 didicimus
3152 2048 3202 2100 in
3232 2047 3426 2103 divinis
3448 2044 3709 2118 scrlpturis,
3731 2048 3820 2118 ipsis

2305 2136 2543 2210 physicis
2570 2139 2870 2194 rationibus
2902 2140 2952 2193 ln
2984 2140 3232 2196 eamdem
3273 2156 3371 2196 nos
3403 2142 3562 2213 ipsam
3592 2142 3820 2197 inducenti-

2301 2228 2440 2293 bus,
2491 2231 2832 2299 rcqulramus
2878 2230 2923 2284 si
2971 2239 3236 2287 consonat
3287 2233 3456 2304 legem
3505 2235 3699 2303 positam
3736 2245 3822 2288 esse

2304 2321 2508 2375 homini
2549 2321 2822 2377 abstinere
2861 2337 2920 2377 se
2958 2323 3025 2377 ab
3055 2339 3158 2377 una
3185 2324 3410 2392 arbore,
3443 2325 3632 2380 caneris
3659 2325 3822 2394 largiter

2301 2415 2590 2470 fruentem.
2634 2413 2838 2470 Edocet
2875 2417 3140 2486 scriptura
3174 2416 3351 2483 hunc,
3386 2427 3686 2488 transgresso
3710 2427 3821 2470 man-

2302 2509 2450 2575 dato,
2493 2518 2666 2563 morte
2707 2523 2828 2564 esse
2867 2510 3186 2564 inuitatum:
3230 2511 3378 2582 quod
3418 2512 3615 2582 quidem
3649 2510 3824 2579 graviter

2302 2602 2516 2673 quidam
2563 2610 2852 2666 accusant,
2902 2603 3072 2672 legem
3117 2603 3369 2659 dicentes
3412 2603 3578 2658 datam
3617 2619 3714 2673 qua:
3746 2615 3822 2654 non

2301 2693 2474 2762 potuit
2503 2693 2798 2758 custodiri;
2832 2694 3005 2764 ipsum
3036 2695 3320 2764 praescium
3353 2695 3630 2750 futurorum
3659 2697 3737 2747 hoc
3759 2692 3823 2748 de-

2301 2785 2447 2840 disse
2488 2784 2831 2849 rnandatnrn,
2875 2785 3019 2855 quod
3061 2786 3225 2841 sciret
3267 2800 3364 2842 eos
3405 2803 3506 2842 non
3543 2793 3822 2842 conservatu-

2301 2894 2425 2943 rus;
2473 2877 2630 2948 hujus
2676 2878 3058 2933 abstinentiam
3107 2880 3208 2934 cibi
3256 2879 3565 2946 mandasse,
3602 2880 3726 2949 cujus
3756 2877 3824 2931 de-

2300 2972 2558 3026 siderium
2609 2982 2887 3041 superaret
2941 2971 3272 3026 mandatum.
3330 2973 3489 3028 Multa
3535 2986 3716 3043 quoque
3747 2971 3822 3024 alia

2300 3079 2479 3120 cauete
2507 3080 2629 3121 esse
2658 3066 2963 3121 contraria:
2997 3075 3088 3120 aut
3113 3067 3255 3121 enim
3288 3067 3470 3123 debuit
3506 3081 3601 3122 non
3635 3065 3822 3124 dedisse,

597 3161 980 3230 obtemperans
1011 3160 1303 3218 voluntati.
1329 3160 1534 3229 justitia
1565 3161 1846 3229 potentiae:
1871 3170 1927 3214 at
1958 3162 2193 3229 potentia
2225 3163 2270 3228 C
2301 3159 2486 3226 aiunt,
2537 3160 2640 3214 hoc
2683 3160 2994 3214 mandatum
3017 3197 3032 3225 ,
3075 3161 3218 3232 quod
3265 3162 3415 3217 dedit
3456 3165 3618 3218 sciens
3652 3173 3738 3215 non
3759 3159 3824 3211 ob-

601 3255 928 3323 perficientc,
955 3253 1004 3306 id
1028 3254 1135 3323 agit
1155 3253 1295 3322 quod
1321 3253 1463 3318 velit,
1482 3262 1722 3322 tempore
1744 3268 1850 3322 quo
1873 3253 2004 3316 vult,
2031 3252 2196 3307 immo

600 3355 843 3414 tempore
872 3347 1219 3415 competenti.
1254 3345 1361 3399 Nec
1391 3346 1565 3400 oberit
1605 3347 1722 3415 ejus
1762 3348 2014 3415 potentiae
2052 3362 2199 3400 mors

601 3438 995 3503 damnationis;
1033 3453 1132 3492 nec
1161 3438 1433 3491 damnatio
1462 3438 1624 3493 vincit
1651 3438 1982 3509 prupositurn
2013 3440 2200 3493 Volun-

602 3533 765 3594 tatis;
815 3530 909 3586 sed
953 3531 1322 3586 misericordia
1367 3532 1482 3602 ejus
1527 3545 1631 3587 non
1681 3535 1889 3600 inanis;
1937 3549 2036 3589 nec
2081 3537 2201 3592 sine

603 3627 812 3681 ratione
845 3626 1016 3696 gratia
1045 3626 1370 3690 renovandi;
1399 3626 1481 3680 his
1510 3628 1653 3682 enim
1681 3628 1839 3682 datur
1865 3629 1956 3699 qui
1986 3637 2196 3699 petunt,

603 3718 742 3772 sicut
771 3717 1010 3772 damnati
1040 3729 1166 3772 sunt
1196 3733 1299 3773 non
1330 3729 1600 3788 petentes.

675 3808 809 3864 Vill.
847 3809 922 3862 Ea
953 3825 1112 3864 causa
1144 3811 1242 3864 fuit
1273 3825 1379 3864 non
1412 3811 1726 3882 indulgendi
1756 3813 1944 3882 primis
1974 3827 2202 3883 peccan-

601 3904 776 3971 tibus,
810 3917 945 3973 quos
971 3919 1093 3958 cum
1127 3904 1548 3974 interrogatione
1579 3921 1676 3960 sua
1717 3905 1784 3960 ad
1830 3907 2201 3976 pmnitentiam

601 4011 922 4066 provocans,
948 4011 1100 4050 suam
1122 3995 1354 4051 salutem
1385 3995 1519 4051 vidit
1539 3997 1878 4067 repellentes,
1906 3999 2198 4055 damnavit.

601 4088 712 4143 Eos
752 4097 962 4154 autem,
998 4089 1088 4158 qui
1117 4101 1184 4142 ex
1215 4087 1300 4143 his
1340 4087 1450 4143 nati
1489 4099 1643 4152 sunt,
1686 4091 1883 4160 quique
1922 4091 1987 4146 ad
2028 4090 2203 4160 ipsum

602 4181 976 4252 confugerunt,
1005 4183 1292 4236 miseratus
1313 4189 1416 4237 est.
1445 4182 1655 4236 Etenim
1685 4181 1888 4251 justum
1910 4187 1994 4238 est
2019 4183 2204 4239 voleno

603 4285 684 4330 tes
709 4282 765 4328 et
796 4275 1147 4342 pvenitentes,
1181 4273 1247 4327 ad
1280 4287 1402 4328 eum
1433 4273 1521 4343 qui
1555 4281 1729 4341 potest
1760 4285 2036 4342 prsestare,
2069 4289 2202 4330 cou-

603 4367 870 4437 fugientes
897 4365 1225 4435 impetrare:
1257 4366 1496 4437 ingratos
1519 4401 1535 4432 ,
1578 4367 1874 4422 renitentes
1897 4405 1912 4435 ,
1955 4367 2080 4424 facti
2119 4367 2204 4426 sui

602 4460 812 4530 culpam
871 4458 1179 4529 ingerentes
1226 4460 1375 4527 Deo,
1424 4459 1783 4516 damnationis
1829 4475 2044 4517 catisam
2101 4458 2204 4520 sibi

2305 3261 2648 3306 servaturos:
2693 3261 2784 3304 aut
2826 3250 2965 3306 hanc
3004 3253 3257 3307 arborem
3301 3267 3410 3308 non
3456 3253 3822 3322 interposuisset,

2306 3353 2575 3412 tamquam
2608 3341 2960 3399 (incursionem
2993 3346 3252 3401 mandati.
3287 3347 3506 3402 Licebat
3534 3347 3662 3403 etiim
3690 3345 3729 3397 iu
3753 3358 3825 3395 ca:-

2306 3440 2436 3493 teris
2461 3436 2685 3508 jubere,
2721 3438 2772 3492 in
2804 3439 2998 3508 quibus
3028 3438 3362 3494 desiderium
3395 3453 3498 3494 non
3527 3437 3735 3500 cadebat,
3760 3443 3823 3487 aut

2307 3534 2408 3587 hoc
2437 3533 2567 3587 dare
2598 3542 2954 3603 praeceptum,
2985 3533 3125 3602 quod
3157 3543 3341 3603 posset
3371 3533 3530 3588 homo
3553 3535 3821 3587 conservare.

2305 3625 2459 3694 Quod
2501 3626 2545 3678 si
2587 3639 2693 3679 non
2739 3633 2950 3695 poterat
2976 3626 3176 3680 auxilio
3201 3639 3300 3680 suo
3332 3629 3466 3683 tueri
3508 3642 3571 3681 ne
3607 3629 3822 3695 peccaret.

2306 3717 2573 3785 invalidus
2621 3733 2636 3771 :
2689 3717 2771 3771 vel
2824 3734 2929 3771 non
2981 3719 3322 3787 permitteret
3385 3727 3660 3774 tentantem
3715 3725 3824 3768 arce-

2304 3811 2455 3876 dere,
2479 3810 2632 3880 cujus
2659 3815 3006 3877 persuasione
3033 3810 3222 3866 incidit
3252 3812 3304 3866 in
3332 3812 3556 3882 culpam.
3591 3809 3718 3866 Nunc
3739 3818 3828 3860 vero

2305 3902 2466 3959 simul
2507 3902 2686 3958 omnia
2725 3902 3030 3958 contraria:
3063 3913 3117 3958 et
3145 3902 3396 3959 faciendo
3425 3906 3606 3969 talem,
3633 3907 3828 3972 operatus

2305 4007 2389 4052 est
2417 4012 2540 4051 eum
2568 3995 2920 4062 vincendum;
2953 4005 3008 4051 et
3036 3996 3286 4053 arborem
3323 3997 3573 4067 plantavit
3611 3994 3827 4053 nocivum;

2306 4100 2360 4146 et
2390 4090 2442 4144 in
2474 4090 2573 4144 hac
2603 4089 2750 4144 dedit
2789 4089 3099 4146 mandatum
3122 4132 3138 4159 ,
3181 4091 3325 4163 quod
3365 4099 3473 4147 non
3512 4091 3828 4146 observaturos

2305 4196 2425 4236 esse
2452 4180 2689 4247 sciebat;
2723 4192 2777 4237 et
2806 4195 2902 4236 sua
2934 4183 3271 4251 praescientia
3318 4182 3600 4254 providens
3636 4187 3829 4252 peccatu-

2307 4291 2426 4330 rum
2449 4315 2464 4341 ,
2507 4273 2744 4340 dimisit,
2773 4282 2830 4329 et
2857 4273 3225 4331 adversarium
3253 4277 3596 4332 accedentem
3622 4275 3680 4328 ad
3714 4284 3829 4327 ever-

2307 4368 2524 4423 tendam
2558 4367 2832 4423 borninem
2855 4382 2962 4423 non
2983 4367 3296 4440 prohibuit;
3321 4380 3377 4426 et
3404 4367 3661 4425 iracundia
3679 4373 3827 4424 motus.

2306 4476 2464 4532 quem
2505 4461 2571 4517 ad
2607 4461 2771 4516 vitam
2812 4463 3024 4532 posuit,
3065 4463 3181 4533 ipse
3219 4464 3494 4520 damnavit
3531 4463 3596 4519 ad
3636 4470 3828 4517 mortem.

601 4553 925 4608 constitutos
943 4593 957 4617 ,
988 4551 1282 4607 dimittere.
1315 4551 1389 4606 Ea
1414 4552 1620 4622 justitia
1647 4551 1761 4607 dari
1790 4555 2012 4624 gratiam
2041 4555 2198 4612 istam
2224 4551 2278 4617 D
2303 4553 2454 4610 Nunc
2478 4569 2608 4610 vero
2635 4553 2985 4610 liberaturum
3014 4554 3191 4610 dicitis
3216 4557 3430 4613 venisse
3449 4597 3464 4622 ,
3495 4568 3742 4626 passurum
3765 4560 3833 4619 pm

600 4646 948 4715 protOplastis
1003 4661 1107 4700 non
1165 4645 1444 4717 permisit:
1511 4661 1616 4702 non
1675 4647 1794 4717 ipse
1842 4647 2009 4703 noluit
2058 4661 2199 4720 pra:-

600 4748 746 4794 stare
775 4741 864 4808 qui
893 4739 1132 4794 damnat.
1171 4738 1289 4810 ipse
1316 4739 1412 4794 fuit
1442 4748 1497 4795 et
1523 4749 1668 4806 ante,
1699 4741 1789 4811 qui
1824 4741 1986 4797 modo
2007 4751 2110 4810 est,
2145 4751 2200 4800 et

602 4829 740 4882 erit:
773 4831 864 4900 qui
895 4845 1035 4885 nunc
1066 4831 1238 4887 bonus
1259 4874 1273 4898 ,
1305 4840 1360 4888 et
1387 4842 1514 4888 ante
1543 4833 1749 4888 bonus:
1783 4834 1873 4904 qui
1915 4848 2057 4890 nunc
2096 4836 2198 4890 mi-

604 4920 859 4987 sericors,
893 4931 947 4976 et
973 4930 1097 4978 ante
1135 4924 1476 4979 misericors:
1522 4925 1572 4979 in
1616 4939 1682 4981 eo
1721 4939 1939 4996 semper
1977 4940 2192 4997 permao

601 5027 769 5077 nens,
800 5014 893 5082 qui
923 5025 1005 5068 est
1034 5014 1415 5072 immutabilis:
1444 5029 1604 5088 quem
1643 5031 1766 5074 cum
1809 5018 2083 5075 damnavit
2123 5020 2195 5076 ob

598 5106 810 5176 culpam
836 5145 850 5168 ,
892 5108 1104 5174 culpam
1144 5109 1314 5178 ipsam
1355 5110 1638 5168 dinoscere
1680 5110 1760 5183 (1)
1811 5125 2032 5171 necesse
2075 5124 2191 5181 est,

597 5212 757 5268 quam
787 5198 854 5253 de
885 5198 1118 5269 physicis
1150 5202 1448 5259 rationibus
1475 5204 1669 5259 iterum
1697 5206 2052 5276 inquirarnus.
2089 5209 2196 5263 llo-

598 5304 687 5343 mo
717 5291 888 5344 factus
915 5304 1020 5343 non
1053 5298 1110 5343 ut
1134 5291 1331 5362 aliquid
1359 5294 1624 5350 conditori
1653 5311 1750 5351 suo
1778 5307 2060 5368 praestaret
2086 5300 2191 5372 (‘2),

596 5381 692 5435 sed
724 5389 784 5436 ut
812 5383 925 5452 ipse
955 5383 1155 5438 saeculo
1186 5385 1437 5452 potiatur,
1471 5401 1534 5444 ex
1576 5389 1892 5445 melioribus
1930 5394 2193 5448 conatitu-

596 5482 702 5538 tus,
755 5477 949 5531 merito
978 5472 1308 5534 rationabilis
1355 5483 1440 5534 est
1481 5477 1735 5536 effectus:
1778 5489 1831 5538 et
1872 5485 1970 5540 hoc
2010 5486 2188 5556 ipsum

663 5607 746 5748 ξι)
773 5608 944 5665 Codd.
975 5615 1216 5683 miscere,
1249 5630 1344 5685 pro
1371 5616 1656 5675 dinoscere.

687 5680 745 5748 ‘2)
775 5679 831 5734 Id
862 5690 945 5738 est
981 5697 1089 5742 nou
1126 5685 1299 5745 factus
1335 5697 1392 5745 ut
1423 5689 1534 5748 Deo
1564 5690 1656 5747 util

586 5679 945 5822 nugaggteqesv
981 5697 1089 5742 nou
1126 5679 1299 5745 factus
1335 5697 1392 5745 ut
1423 5689 1534 5748 Deo
1564 5689 1710 5750 utilis
1739 5701 1914 5762 esset,
1947 5693 2036 5766 qui
2065 5695 2184 5751 nul-

2301 4662 2402 4712 eo,
2448 4647 2539 4717 qui
2585 4657 2712 4702 tunc
2753 4647 3012 4717 temporis
3050 4648 3223 4703 noluit
3248 4647 3546 4720 indulgere.
3577 4638 3832 4715 Hujusmodi

2301 4741 2462 4796 verba
2510 4739 2686 4793 inania
2724 4755 2837 4795 suae
2879 4739 3076 4795 mentis
3103 4741 3294 4796 inertia
3324 4749 3656 4812 proponunt;
3684 4735 3833 4810 quibus

2301 4833 2552 4890 omnibus
2577 4832 3012 4902 respondendum
3039 4843 3144 4889 est.

2372 4924 2441 4980 Χ.
2475 4925 2539 4980 Ει
2569 4924 2742 4995 legem
2775 4925 2992 4997 quidem
3018 4925 3134 4981 dari
3161 4927 3465 4996 oportuisse
3488 4926 3595 4998 jam
3636 4915 3832 4994 probavi-

2297 5034 2417 5074 mus
2447 5027 2627 5075 recte:
2658 5019 2808 5074 illum
2836 5019 2948 5074 Deo
2972 5035 3067 5090 per
3096 5021 3270 5092 legem
3298 5035 3422 5077 esse
3448 5019 3751 5090 subjectum,
3774 5009 3834 5064 cui

2299 5113 2514 5168 fuerant
2544 5123 2689 5168 tanta
2717 5114 2978 5184 subjecta.
3022 5113 3176 5170 Hanc
3204 5115 3376 5186 legem
3410 5130 3516 5170 non
3546 5123 3740 5183 gravem
3761 5147 3772 5171 ,
3794 5109 3836 5157 ιιι

2297 5210 2483 5274 aiunt,
2516 5207 2682 5262 immo
2711 5207 2883 5261 levem
2911 5214 2968 5262 et
2992 5206 3149 5263 facile
3175 5205 3580 5263 custodiendam
3605 5202 3834 5259 docemus.

2299 5298 2432 5355 Cum
2455 5299 2597 5356 enim
2620 5299 2872 5356 omnibus
2894 5299 3182 5368 frueretur,
3205 5300 3273 5354 ab
3297 5316 3404 5357 uno
3429 5299 3607 5370 jussus
3621 5307 3692 5352 est
3709 5289 3836 5346 absti-

2298 5409 2448 5448 nere.
2473 5393 2627 5460 Quod
2647 5394 2693 5448 si
2715 5409 2823 5448 uno
2853 5403 3056 5448 tantum
3083 5396 3180 5461 uti,
3203 5397 3414 5452 caeteris
3435 5389 3732 5453 interdictis,
3749 5385 3835 5454 jus-

2297 5501 2390 5544 sus
2419 5486 2642 5554 fuisset,
2677 5499 2858 5543 nonne
2881 5489 3082 5557 justum
3109 5485 3264 5548 vobis
3293 5485 3584 5554 videretur,
3611 5477 3833 5542 custodire

2393 5623 2446 5690 1)
2468 5620 2638 5676 Codd.
2672 5622 2734 5676 ab
2763 5623 3015 5678 omnibus.

2384 5693 2442 5764 2)
2471 5692 2548 5764 ita
2577 5693 2738 5749 codd.

2365 5763 2441 5852 (3)
2469 5763 2545 5822 Ita
2572 5763 2730 5823 codd.
2759 5781 2858 5848 pro
2879 5779 3132 5828 ceterum.
