4106 6184
533 215 552 266 l
565 211 668 265 δίιὸ

1780 209 1970 264 MAR“
2011 208 2358 264 VICTORISI
2397 210 2556 264 ΔΓΜ

3666 217 3767 275 lat

527 334 742 393 putaret
769 339 828 377 se
854 323 1085 378 celando
1113 324 1214 377 sub
1242 324 1438 378 arbore
1471 323 1638 377 Deum
1665 324 1906 376 omnium
1936 323 2123 376 condi-
2156 329 2202 384 Α
2233 334 2308 378 tet
2335 327 2766 389 conversaﬂone,
2795 341 2896 394 qua
2927 340 3080 382 usus,
3125 326 3384 378 imitando
3427 325 3603 393 Deum,
3631 332 3776 387 veniat

528 430 702 474 torem
733 434 892 490 posse
921 419 1123 486 latere,
1162 420 1250 473 cui
1281 429 1336 474 et
1364 420 1616 473 arborum
1645 423 1886 473 omnium
1915 419 2135 474 frondes

528 523 583 568 et
616 514 900 566 herbarum
929 526 1099 566 coma
1131 525 1426 566 numerata:
1455 523 1612 574 sunt;
1646 514 1846 580 quique
1875 513 1942 563 de
1980 511 2135 564 nobis

529 605 660 657 dixit
692 607 854 656 etiam
883 607 1107 674 capillus
1138 616 1352 658 nostros
1381 620 1501 658 esse
1543 616 1876 658 numeratus.
1921 604 1977 658 ln
2018 614 2135 656 tan-

531 707 642 749 tum
695 699 896 750 malum
947 701 1172 752 incurrit
1215 701 1259 751 is
1290 700 1378 766 qui
1410 700 1575 766 ccepit
1607 697 1811 752 habere
1851 699 2133 752 scientiam

528 792 651 844 mali
681 801 734 844 et
764 793 917 845 boni!
949 792 1124 846 Tanto
1154 793 1295 845 malo
1329 791 1471 847 Deus
1500 792 1764 847 liberabat
1792 806 1860 846 eo
1889 801 2133 861 tempore

529 899 636 954 quo
667 885 984 951 prohibebat
1007 887 1020 938 2

603 975 740 1029 XIV.
775 975 927 1031 Nunc
971 976 1238 1044 patefacto
1266 977 1408 1047 quod
1455 991 1561 1031 non
1611 976 1808 1030 invidia
1860 975 2134 1043 prohibuit

529 1070 894 1135 manducare,
942 1080 1189 1139 superest
1233 1069 1522 1124 ostendere
1566 1071 1708 1139 quod
1766 1085 1873 1123 non
1932 1071 2131 1122 invidia

529 1163 750 1216 abstulit
786 1161 1042 1215 deitatem
1067 1180 1078 1212 :
1101 1161 1243 1230 quod
1280 1173 1458 1214 tamen
1481 1161 1636 1216 facile
1655 1161 2046 1229 (τοιιιρτοῦειιιτ
2066 1178 2131 1215 eo

527 1256 670 1322 quod
719 1254 981 1306 redditam
1005 1253 1461 1306 (Ι-τηιηιιςιτςιηιιις.
1503 1252 1635 1306 Sim
1684 1254 1751 1305 ab
1792 1253 1944 1305 initio
1978 1267 2135 1306 erea-

531 1346 696 1398 tionis
743 1360 910 1414 usque
947 1347 1012 1397 a-l
1056 1345 1462 1398 damnationem
1511 1346 1722 1410 mortis,
1774 1359 1920 1399 reete
1953 1347 2129 1398 omnia

531 1439 698 1492 Deum
737 1442 928 1492 [cci-se
973 1441 1345 1506 cognovimus.
1393 1437 1618 1491 Videtur
1651 1450 1826 1491 Iantett
1864 1439 1956 1492 Dei
2003 1455 2126 1506 pro-

529 1533 764 1601 po~itum
813 1530 1010 1584 {actutm
1060 1531 1297 1584 licininis
1343 1530 1674 1594 exclusisse;
1705 1546 1825 1584 cum
1860 1531 1975 1598 ip~e
2006 1530 2130 1584 fecit

529 1633 589 1678 ut
610 1627 755 1686 sint;
787 1627 969 1678 evenit
998 1634 1178 1676 autem
1227 1640 1332 1676 non
1363 1625 1572 1679 utsint.
1613 1625 1682 1677 ob
1706 1625 1939 1693 culpam.
1974 1624 2128 1692 Quod

2235 419 2301 472 ad
2348 417 2626 480 deitatem;
2658 430 2711 472 et
2749 435 2910 487 quam
2935 431 3061 472 ante
3083 421 3186 473 sibi
3215 429 3516 488 usurpatam
3543 435 3631 490 per
3654 424 3778 477 arbo-

2237 528 2350 566 rem
2382 527 2502 564 esse
2535 513 2734 580 putavit
2763 513 3020 565 deitatem
3049 514 3166 566 sine
3205 511 3337 576 Det),
3373 513 3506 567 hanc
3533 514 3686 580 ipsam
3712 532 3779 570 ac-

2235 608 2415 672 cipere
2441 607 2606 671 possit
2636 620 2664 654 a
2701 605 2830 657 Deo.
2857 605 2990 671 Qui:
3020 615 3074 656 et
3105 621 3196 673 ego
3233 606 3364 664 dixi,
3397 605 3472 655 dii
3500 609 3613 656 estis
3638 617 3678 658 et
3710 609 3780 672 ﬁlii

2235 696 2424 748 excelsi
2452 712 2657 757 omnes;
2679 713 2766 746 ros
2791 706 2962 747 autem
3001 697 3132 748 sicut
3166 698 3394 747 homines
3434 697 3717 760 moriemini,
3748 711 3781 752 et

2234 791 2363 843 sicut
2409 807 2541 842 unus
2579 790 2642 842 de
2692 792 3012 860 prirzripibls
3057 791 3269 842 cadetis.
3313 790 3408 844 Hic
3456 793 3542 858 qui
3589 795 3787 859 queritur

2235 883 2480 936 amisisse
2528 897 2643 945 eos,
2671 884 2812 952 quod
2844 882 3014 940 dixit:
3049 898 3146 936 nec
3187 894 3312 934 ante
3346 884 3510 937 livore
3544 884 3789 940 abstulisse

2235 972 2490 1026 deitatem
2518 975 2903 1043 comprobatur
2931 993 2944 1027 :
2975 987 3027 1028 et
3055 975 3146 1042 qui
3173 986 3396 1044 questus
3422 985 3522 1037 est,
3557 973 3604 1026 id
3647 977 3788 1044 ipsum

2236 1066 2440 1120 donare
2487 1069 2630 1120 venit
2654 1109 2669 1130 ,
2723 1069 2865 1136 quod
2892 1069 3194 1132 amisimus,
3223 1080 3468 1130 rogatus;
3498 1069 3790 1124 ostendendo

2236 1174 2317 1223 se,
2363 1160 2707 1230 alloquendo,
2737 1160 3014 1222 donando,
3040 1160 3365 1214 revocando.

2304 1275 2445 1330 XVI.
2470 1275 2691 1330 olTe.tdit
2718 1288 2894 1328 tamen
2921 1276 3150 1344 aliquos,
3174 1278 3314 1344 quod
3346 1277 3396 1328 in
3427 1289 3787 1345 corpore:cum

2237 1387 2344 1424 non
2376 1370 2533 1423 aliter
2559 1371 2703 1422 visus
2729 1379 2872 1422 esset
2895 1369 3227 1429 hominibus,
3260 1370 3359 1420 nisi
3384 1383 3636 1434 corpore;
3657 1384 3796 1437 neque

2235 1463 2317 1516 sui
2364 1460 2830 1515 conservationem
2871 1459 3058 1513 videre
3108 1471 3346 1529 possvnt,
3399 1459 3501 1513 nisi
3558 1474 3785 1524 corpore:

2238 1555 2346 1608 imo
2391 1567 2490 1607 nec
2514 1553 2668 1606 aliter
2691 1568 2720 1602 a
2751 1551 3095 1604 damnatione
3139 1555 3327 1605 mortis
3357 1551 3587 1605 liberare
3625 1550 3796 1615 debuit,

2235 1661 2396 1716 quam
2443 1661 2702 1714 corpore;
2731 1653 2792 1697 ut
2819 1645 2958 1698 ismd
2993 1647 3167 1712 ipsum
3201 1644 3280 1715 (l)
3328 1645 3608 1699 liberatum
3653 1655 3799 1699 osten-

528 1719 572 1770 si
603 1718 655 1771 iii
684 1725 885 1770 tantum
929 1734 1014 1771 res
1039 1718 1250 1771 steterit
1278 1727 1334 1770 ut
1366 1734 1473 1770 non
1517 1719 1643 1778 sint,
1678 1718 1878 1772 victum
1905 1729 1989 1772 est
2016 1721 2134 1787 ejus
2171 1721 2214 1781 Β
2241 1738 2418 1801 ἀει-ει.
2443 1739 2585 1807 quod
2611 1737 2861 1808 ρωίεινηι,
2893 1736 2998 1792 sed
3022 1739 3498 1806 quemzdmodum'
3541 1736 3798 1793 videamus.

528 1810 860 1879 propositum
893 1810 981 1878 qui
1017 1809 1158 1864 fecit.
1193 1810 1405 1877 Adquin
1449 1811 1530 1879 (l)
1559 1811 1602 1863 si
1649 1813 1956 1877 revertitur,
1998 1826 2130 1865 con-

528 1904 668 1956 citur
698 1918 973 1968 peccatum
1001 1919 1063 1955 ex
1096 1904 1462 1964 revocatione,
1497 1913 1551 1956 et
1585 1904 1634 1955 in
1681 1903 1736 1956 id
1769 1904 1943 1972 ipsum
1976 1905 2134 1958 reSIi-

528 1997 699 2048 tuitur
727 2012 837 2059 res,
859 1995 923 2047 ad
955 1995 1096 2065 quid
1128 1994 1261 2049 facta
1289 2005 1402 2059 est;
1433 2007 1488 2049 ιιι
1510 1996 1688 2050 vincat
1716 1997 1972 2051 Dominus
1993 1997 2131 2051 facta

529 2087 784 2149 hominis,
810 2097 864 2142 et
892 2104 998 2141 non
1029 2090 1294 2141 vincatur.
1341 2088 1403 2142 Et
1447 2089 1775 2157 possibilitas
1812 2091 1928 2158 ejus-
1968 2091 2131 2145 etiam

531 2180 634 2233 huc
663 2182 888 2250 requirit
911 2192 966 2234 ut
994 2182 1336 2250 omnipotens
1363 2181 1762 2236 ostenderetur.
1787 2181 1842 2237 Si
1865 2183 2008 2238 enim
2052 2196 2134 2238 est

530 2273 730 2342 aliquid
773 2271 915 2342 quod
960 2289 1066 2327 non
1107 2274 1299 2341 potuit,
1344 2274 1676 2344 possibilitas
1709 2275 1827 2344 ejus
1871 2275 2134 2330 diminuta

529 2367 766 2422 excludit
791 2367 1236 2436 omnipotentiam
1266 2385 1277 2418 :
1305 2367 1696 2436 omnipotentia
1742 2377 1923 2422 autem
1952 2369 2134 2423 omnia

531 2460 784 2529 praevalet
813 2477 826 2511 :
858 2467 912 2513 et
941 2473 1062 2512 cum
1087 2462 1265 2512 omnia
1298 2459 1580 2526 praevalet,
1610 2459 1773 2512 etiam
1805 2459 1858 2512 in
1889 2458 1991 2514 huc
2019 2460 2137 2528 ipso

531 2551 829 2621 praevalere
859 2565 1080 2605 necesse
1107 2560 1209 2615 est,
1241 2559 1298 2602 ut
1321 2549 1411 2616 qui
1440 2549 1568 2604 fecit
1592 2564 1660 2604 ex
1695 2549 1884 2613 nihilo,
1919 2559 2138 2605 revocet

533 2658 601 2697 CX
633 2654 828 2697 IIIOI'IC.

605 2733 724 2790 XV.
775 2734 1067 2801 Oportebat
1095 2734 1274 2803 itaque
1313 2735 1508 2789 reverti
1537 2748 1636 2788 nos
1665 2733 1731 2787 ad
1764 2733 1814 2787 id
1842 2734 1984 2803 quod
2031 2733 2135 2788 fui-

533 2842 673 2880 mus.
705 2825 810 2880 Sed
839 2825 1313 2896 quemadmodum,
1340 2845 1347 2874 I
1372 2826 1697 2894 i-quiramus.
1736 2826 2027 2880 Damnatus
2055 2837 2140 2883 est

532 2918 626 2972 ille
671 2919 873 2989 primus
922 2919 1183 2989 ἰιικιιτιιοις,
1241 2919 1329 2988 qui
1387 2928 1608 2972 vocatus
1637 2918 1702 2970 ad
1745 2921 2138 2988 paenitentiam,

534 3027 640 3067 nan
668 3011 968 3066 obaudivit.
1021 3012 1163 3066 Vixit
1212 3020 1388 3065 tamen
1438 3024 1622 3082 postea
1666 3019 1878 3080 tempus
1917 3013 2136 3083 aliquod

2237 1830 2426 1884 Mulier
2475 1831 2642 1898 prima
2701 1831 2982 1898 peccavit:
3010 1831 3251 1896 peccavit
3302 1839 3483 1882 autem
3528 1845 3645 1883 eum
3684 1841 3798 1885 cSSet

2241 1924 2407 1991 virgo.
2434 1921 2557 1975 Η.ιέ
2585 1936 2745 1974 causa
2770 1920 2891 1973 fecit
2917 1931 3100 1987 postea
3122 1932 3482 1974 natosomnes
3502 1936 3620 1975 esse
3639 1930 3804 1974 murta.

2238 2017 2336 2070 les.
2374 2015 2535 2086 Virgo
2562 2019 2706 2070 enim
2737 2018 2955 2078 excepit
2979 2017 3325 2076 sententiam.
3350 2029 3453 2084 qua
3479 2030 3598 2068 cum
3641 2026 3802 2068 morta-

2239 2109 2302 2162 lis
2320 2120 2460 2163 esset
2482 2108 2695 2172 eﬂecta,
2719 2111 2973 2162 mortales
2993 2118 3222 2162 ereteros
3237 2109 3561 2177 procreavit.
3583 2109 3673 2162 Per
3694 2109 3802 2163 banc

2238 2200 2500 2269 virginem
2533 2215 2678 2254 mors
2703 2200 2978 2254 dominata
3010 2211 3111 2254 est.
3159 2201 3389 2270 Propter
3417 2201 3564 2273 quod
3604 2217 3690 2270 per
3713 2201 3800 2253 vir-

2237 2293 2418 2362 ginem
2447 2290 2634 2346 debuit
2663 2292 2846 2346 venire
2887 2293 2980 2362 qui
3008 2294 3170 2346 vitam
3197 2294 3444 2347 donaret.
3477 2293 3655 2348 Mortis
3677 2306 3802 2347 occa-

2239 2384 2322 2436 sio
2351 2383 2590 2451 ingressa
2628 2398 2725 2451 per
2768 2385 2992 2452 lignum,
3018 2384 3111 2438 sed
3162 2385 3354 2440 mulier
3400 2401 3468 2440 ex
3516 2387 3673 2441 latere
3705 2385 3800 2438 viri.

2240 2473 2368 2529 Ideo
2393 2475 2537 2544 ligno
2567 2473 2706 2527 latus
2740 2475 2949 2528 Domini
2981 2478 3297 2544 percutitur,
3331 2486 3390 2530 ut
3413 2486 3468 2532 et
3493 2494 3594 2550 pro
3619 2477 3805 2532 muliere

2241 2568 2493 2635 patiatur.
2528 2564 2596 2620 Et
2627 2581 2735 2620 non
2761 2575 2930 2620 totum
2963 2567 3103 2621 latus
3127 2569 3344 2629 mulier.
3374 2569 3471 2624 sed
3503 2571 3669 2640 portio
3701 2569 3805 2623 late-

2240 2659 2315 2712 ris
2343 2675 2356 2710 :
2386 2672 2489 2710 una
2536 2657 2680 2712 enim
2723 2673 2787 2710 ex
2812 2659 2980 2712 costis
3001 2671 3234 2729 sumpta,
3279 2660 3548 2716 :edilicata
3578 2672 3673 2716 est.
3707 2660 3806 2714 Ideo

2241 2764 2347 2804 nan
2394 2765 2555 2804 omne
2602 2752 2739 2803 latus
2766 2754 3026 2819 aperitur,
3054 2753 3149 2807 sed
3181 2753 3332 2807 locus
3362 2755 3478 2822 ipse
3522 2755 3695 2808 lateris
3726 2753 3804 2807 sti-

2242 2843 2497 2908 mulatur,
2550 2842 2691 2897 unde
2720 2852 2938 2912 accepta
2963 2855 3067 2898 est.
3103 2845 3299 2913 Spinas
3338 2856 3392 2899 et
3438 2846 3666 2900 tribulos
3709 2860 3808 2900 sen-

2244 2941 2404 2994 tentia
2435 2940 2795 2993 damnationis
2820 2951 2959 2993 terra
2989 2939 3276 3007 produxit:
3323 2938 3445 2993 ideo
3468 2940 3638 3009 spinis
3660 2951 3706 2992 et
3731 2938 3807 2992 tri-

2241 3030 2385 3085 bulis
2431 3043 2724 3086 coronatur
2752 3049 2763 3082 :
2796 3031 3070 3101 spinarum
3118 3031 3437 3091 substantia,
3468 3030 3805 3084 m.th(iiClIlIlI.

533 3113 657 3175 post
684 3105 916 3160 sententi
937 3120 1029 3164 im.
1063 3118 1128 3157 eo
1154 3104 1292 3174 quod
1324 3105 1608 3174 prazsetttia
1632 3120 1725 3156 sua
1776 3105 1915 3158 Deus
1958 3107 2137 3173 provi-

2244 3124 2374 3178 Erat
2414 3139 2612 3178 corona
2642 3123 2812 3177 forma
2843 3124 3080 3176 victoriae
3113 3140 3124 3172 :
3152 3121 3332 3191 itaque
3381 3138 3477 3190 per
3522 3139 3640 3192 qua:
3678 3121 3814 3186 cmpit

533 3199 694 3254 debat
734 3214 799 3253 ex
851 3199 933 3252 his
975 3197 1104 3266 ipsis
1147 3197 1324 3266 justus
1372 3211 1494 3251 esse
1525 3197 1929 3266 procreztttdos:
1964 3213 2139 3268 neque

529 3293 731 3363 justum
754 3301 870 3346 erat
899 3305 1021 3344 mox
1049 3289 1204 3345 solvi.
1237 3288 1378 3358 quod
1418 3305 1567 3354 spem
1605 3289 1779 3359 justus
1819 3290 2003 3344 habuit
2047 3307 2141 3361 ge-

535 3385 760 3440 nerandi
789 3401 799 3435 :
829 3393 882 3437 et
910 3383 1001 3453 qui
1046 3381 1176 3450 ju~ti
1220 3391 1566 3450 generantur,
1595 3396 1700 3436 non
1730 3389 1974 3436 naturam
2009 3398 2137 3452 pec-

535 3491 710 3539 casse,
738 3476 832 3530 sed
855 3476 1206 3541 voluntatem,
1237 3472 1556 3539 ostendunt;
1585 3488 1707 3527 cum
1739 3473 1906 3527 isdem
1938 3474 2019 3544 (Ξ)
2044 3491 2139 3546 pa-

535 3569 777 3624 rentibus
803 3567 1078 3622 constituti
1102 3573 1322 3621 servent
1353 3566 1450 3635 ipsi
1478 3564 1726 3618 mandata
1753 3581 1768 3618 :
1798 3580 1897 3620 nec
1928 3575 2141 3620 natura-

534 3660 601 3715 lis
629 3661 941 3714 substantia:
975 3674 1096 3724 pars
1119 3660 1384 3717 voluntas.
1405 3656 1500 3711 sed
1524 3665 1730 3721 motus;
1757 3666 1934 3712 motus
1963 3667 2140 3713 tamen

539 3764 811 3820 tamquam
845 3751 999 3803 index
1027 3750 1104 3820 (ὅ)
1127 3751 1510 3812 εοιιίιειιὶοηιιιῐι
1535 3751 1712 3820 ειΙίιιιιιι
1741 3749 1998 3803 soeiando
2036 3751 2136 3822 (4).

540 3843 604 3898 lli
634 3857 763 3898 vero
810 3842 960 3910 justi,
1003 3842 1069 3893 de
1099 3843 1290 3910 quibus
1321 3841 1574 3904 diximus,
1620 3842 1794 3896 isdem
1831 3841 2142 3911 parentibus

537 3937 590 3992 in
621 3947 838 3998 natura;
871 3934 1108 3987 moribus
1136 3932 1215 3985 eis
1238 3932 1548 3997 dissimiles,
1575 3933 1902 4000 paenitendo.
1937 3934 2144 4003 chus-

538 4029 652 4083 titia
698 4026 942 4094 deposcit
985 4039 1089 4079 non
1137 4025 1512 4095 ptenitentem,
1564 4025 1872 4093 praeterire;
1932 4025 2139 4080 donare

540 4121 841 4193 pmnitenti.
892 4119 1227 4174 Pmnitcntia:
1271 4117 1406 4171 ordo
1448 4118 1516 4171 ita
1562 4117 1826 4186 procedit,
1853 4127 1909 4172 ιιι
1951 4118 2142 4173 haheat

539 4214 810 4279 echctum,
860 4228 952 4280 per
997 4228 1155 4282 quem
1207 4210 1466 4280 placendo
1511 4210 1637 4275 Deo,
1672 4210 1740 4266 de
1791 4211 2144 4280 possibilitate

540 4306 658 4378 ejus
703 4304 993 4375 sperando,
1035 4303 1262 4370 gratiam
1314 4312 1477 4371 petat.
1511 4302 1706 4356 Petilio
1750 4303 1800 4356 in
1845 4302 2143 4357 absolutio-

540 4417 663 4456 nem
687 4398 768 4471 (Si)
801 4412 955 4451 suum
998 4407 1301 4451 creatorem
1330 4404 1526 4459 vocat;
1561 4411 1659 4450 nec
1695 4396 1858 4450 alium
1901 4400 2145 4463 sequitur

541 4490 744 4546 doiiare
792 4487 1116 4553 revocando,
1147 4488 1245 4541 nisi
1287 4502 1410 4540 eum
1442 4487 1530 4556 qui
1574 4487 1719 4542 fecit.
1755 4487 1810 4542 Si
1840 4486 1982 4541 enim
2030 4487 2143 4558 ipse
2171 4493 2222 4552 1)

542 4582 672 4638 fecit
718 4589 776 4636 ut
797 4583 925 4647 sint,
956 4580 1135 4636 evenit
1175 4589 1355 4634 autem
1406 4588 1464 4633 ut
1506 4593 1610 4632 non
1643 4581 1772 4640 sint,
1823 4577 2014 4632 melior
2043 4579 2146 4633 erit

541 4678 630 4746 qui
664 4685 877 4746 reparat
904 4675 954 4728 in
985 4674 1342 4729 aeternitatem
1367 4713 1383 4741 ,
1424 4657 1582 4744 quam
1615 4671 1704 4727 ille
1733 4673 1822 4741 qui
1853 4672 1975 4727 fecit
2002 4673 2144 4742 quod

543 4767 755 4823 cecidit.
791 4767 932 4837 Ergo
970 4768 1141 4836 ipsum
1178 4780 1464 4832 renovare,
1511 4767 1714 4834 expetit
1741 4764 1823 4832 (6)
1854 4765 1962 4819 Deo
1992 4780 2146 4819 crea-

544 4860 647 4914 tori
673 4877 686 4923 ;
721 4862 917 4928 quique
944 4859 1068 4914 fecit
1094 4875 1156 4914 ex
1183 4859 1352 4914 nihilo
1375 4867 1595 4912 revocat
1620 4863 1782 4914 etiam
1805 4873 1871 4912 ex
1903 4869 2135 4914 mortuo.

544 4953 645 5011 Hic
694 4952 969 5005 invocatur
991 4963 1046 5006 ut
1093 4959 1311 5021 pra-stet
1352 4951 1642 5014 docturus,
1687 4949 2137 5022 quemadmodum

543 5043 715 5117 gratia
760 5042 1056 5110 pr.rst:ind:i
1097 5052 1470 5106 c0nservetur,
1517 5059 1583 5096 ne
1613 5055 1718 5095 tam
1767 5057 2014 5112 magnum
2045 5041 2142 5095 do-

545 5155 673 5196 num
702 5136 976 5192 amittatur
1001 5154 1012 5189 :
1037 5135 1229 5190 iterum
1259 5137 1336 5191 sic
1368 5145 1426 5190 ut
1455 5137 1697 5191 sentiens
1730 5137 1891 5190 homo
1917 5151 1975 5192 se
2010 5136 2143 5192 libe-

543 5242 718 5290 ratum
748 5230 1011 5285 sententia
1037 5232 1334 5298 prmsentis,
1357 5231 1496 5284 tricut
1522 5239 1648 5286 ante
1674 5229 2010 5299 damnatum,
2036 5231 2144 5287 dis-

617 5348 696 5420 (I)
730 5347 934 5420 Adquiu
958 5360 1055 5416 pro
1077 5347 1238 5420 alqui.

619 5418 700 5488 (2)
734 5420 804 5473 Ita
828 5419 996 5474 codex
1029 5419 1296 5486 antiquior
1324 5433 1420 5488 pro
1451 5418 1652 5475 iisdem.

621 5491 699 5562 (5)
730 5490 788 5562 In
819 5490 974 5545 codd.
1007 5489 1222 5562 videtur
1236 5489 1419 5562 judex.

617 5561 694 5632 (4)
728 5561 801 5632 Ita
833 5577 1048 5627 prorsus
1069 5560 1227 5616 codd.

616 5630 697 5698 (5)
727 5630 896 5688 Codd.
927 5633 1264 5689 absolutione.

608 5703 692 5771 l6)
724 5702 782 5759 Id
806 5709 888 5759 est
907 5703 1166 5774 competit.

2243 3233 2365 3273 esse
2389 3227 2688 3286 peccatum,
2721 3231 2818 3286 per
2860 3215 2974 3269 haec
3006 3215 3334 3268 transeundo
3359 3213 3623 3269 Dominus
3649 3217 3812 3269 trium-

2245 3314 2448 3381 pltavit.

2319 3423 2480 3479 XVII.
2515 3423 2756 3477 Humana
2803 3423 3213 3493 inspicientibus
3250 3425 3592 3496 impossibile
3634 3422 3815 3478 videtur

2244 3529 2365 3570 esse
2409 3514 2551 3584 quod
2576 3515 2808 3580 dicitur,
2841 3525 2898 3568 ιιι
2922 3515 3013 3584 qui
3044 3518 3190 3570 nasci
3219 3517 3436 3581 debuit,
3468 3527 3660 3570 contra
3690 3525 3815 3570 natu-

2245 3625 2359 3664 ram
2406 3609 2553 3662 nasci
2598 3608 2920 3677 praedicetur
2965 3625 3032 3664 ex
3083 3611 3316 3673 virgine;
3351 3625 3473 3664 cum
3512 3610 3693 3666 hocin
3735 3608 3815 3663 bu-

2247 3718 2460 3758 tnanam
2507 3703 2770 3757 rationem
2817 3717 2920 3756 non
2959 3703 3136 3768 eadztt,
3177 3713 3233 3757 ιιι
3280 3715 3474 3769 praeter
3499 3713 3723 3758 czeteros
3762 3702 3817 3754 ita

2248 3804 2580 3861 nasceretur,
2609 3805 2663 3851 et
2691 3795 2756 3848 sit
2788 3811 2855 3849 ex
2889 3807 3059 3850 matre
3091 3796 3230 3850 [ilius
3255 3797 3372 3850 sine
3402 3806 3556 3867 patre
3584 3814 3596 3848 :
3625 3810 3738 3850 cum
3759 3802 3820 3847 ta-

2248 3906 2368 3944 men
2396 3890 2628 3943 maxime
2657 3888 2757 3942 hoc
2788 3890 2834 3940 ei
2867 3890 3174 3953 conveniat,
3217 3906 3282 3942 ne
3329 3899 3605 3943 terrenum
3640 3897 3819 3957 patrem

2249 3984 2443 4038 habeat
2471 3985 2560 4052 qui
2600 3982 2759 4035 habet
2791 3992 2996 4049 patrem
3043 3985 3341 4036 caelestem.
3371 3981 3481 4036 Nec
3521 3995 3717 4050 negare
3743 3993 3820 4048 pa-

2249 4086 2382 4131 trem
2409 4091 2564 4130 suum
2596 4087 2833 4136 venerat,
2865 4083 2926 4128 ut
2954 4089 3018 4128 ex
3051 4075 3156 4127 alio
3183 4083 3534 4139 nasceretur;
3569 4072 3665 4128 sed
3703 4071 3821 4143 quod

2247 4170 2432 4225 deerat
2455 4172 2504 4222 in
2536 4177 2719 4223 natura
2743 4170 3012 4239 gignentis
3041 4167 3142 4236 (Ξ),
3175 4180 3348 4220 mater
3370 4170 3416 4223 ei
3445 4169 3510 4223 sit
3542 4170 3712 4238 virgo.
3733 4165 3820 4220 Nec

2248 4263 2349 4318 sub
2378 4263 2474 4316 ista
2503 4261 2813 4316 conditione
2845 4269 3044 4315 nostra:
3072 4261 3440 4329 geiieratiOnis
3469 4262 3645 4316 teneri
3685 4261 3814 4314 debe-

2250 4357 2341 4410 bat
2387 4356 2627 4408 omnium
2671 4361 3020 4424 procreator;
3049 4369 3170 4407 t'llln
3203 4355 3363 4407 etiam
3394 4353 3558 4423 primi
3599 4365 3823 4408 auctores

2250 4467 2354 4504 non
2383 4465 2448 4504 ex
2478 4450 2620 4503 coitu
2649 4447 2757 4503 sint
2781 4448 3042 4517 generati.
3070 4446 3232 4501 Multa
3262 4462 3478 4517 quoque
3501 4463 3702 4517 genera
3720 4453 3824 4500 sunt

2249 4545 2302 4598 in
2325 4543 2522 4597 saeculo
2545 4541 2875 4612 gignentium
2897 4556 3018 4611 qua:
3056 4543 3173 4595 sine
3199 4540 3451 4610 conjugio
3491 4540 3632 4594 clam
3663 4539 3827 4594 multis

2249 4637 2423 4692 modis
2447 4645 2795 4707 generantur.
2823 4634 3131 4704 Conceptus
3159 4649 3289 4688 vero
3322 4635 3481 4697 ratio,
3503 4643 3655 4689 caste
3681 4633 3829 4701 instri—

2247 4731 2430 4793 cienti,
2465 4727 2754 4800 possibilis.
2784 4728 2858 4782 Ex
2893 4729 3083 4798 spiritu
3107 4735 3296 4782 sancto
3333 4727 3661 4798 pra‘dicatur
3691 4737 3830 4782 natus

2249 4839 2368 4879 esse
2396 4823 2482 4892 qni
2512 4831 2725 4877 sanctus
2753 4831 2870 4886 est;
2902 4821 3032 4876 nihil
3063 4821 3399 4876 incredibile.
3425 4821 3530 4878 Sed
3577 4818 3831 4891 inquinari

2243 4919 2500 4974 sanctitas
2529 4918 2646 4986 ejus
2673 4915 2886 4970 videtur
2927 4931 2990 4969 ex
3042 4915 3436 4984 permixtione;
3468 4931 3590 4970 cum
3648 4929 3749 4969 non
3773 4914 3832 4967 sit

2246 5010 2555 5082 permixtio.
2603 5008 2961 5078 lnterroganti
2991 5009 3134 5062 enim
3167 5009 3359 5078 virgini
3401 5019 3455 5065 et
3492 5025 3686 5065 causas
3711 5023 3832 5062 ron-

2246 5103 2511 5171 ceptionis
2566 5101 2892 5172 requirenti,
2947 5101 3170 5171 angelus
3235 5100 3454 5156 Gabriel
3497 5101 3833 5171 aitzspiritiu

2248 5209 2456 5254 sanctus
2482 5195 2791 5267 superveniet
2831 5209 2984 5264 super
3020 5204 3086 5257 te,
3119 5203 3165 5248 et
3191 5194 3352 5247 virtus
3389 5195 3628 5248 altissimi
3670 5193 3834 5246 obum-

2254 5290 2420 5345 brabit
2442 5298 2522 5342 te:
2554 5302 2651 5342 nec
2681 5294 2908 5356 utroque
2931 5286 3373 5341 commixtionem
3404 5288 3720 5346 nominans;
3750 5283 3834 5339 sed

2249 5390 2578 5453 superventu
2599 5381 2838 5448 Spiritus,
2871 5379 3066 5433 virtute
3092 5379 3361 5444 altissimi,
3395 5378 3710 5450 coagulatur
3749 5392 3835 5432 na-

2247 5485 2396 5541 tura;
2423 5484 2483 5530 ut
2509 5473 2652 5545 quod
2675 5473 2727 5528 in
2750 5473 2870 5528 aliis
2890 5485 3073 5528 semen
3096 5471 3278 5540 efﬁcit,
3309 5474 3654 5546 adjungendo
3681 5486 3832 5529 sanc-

2313 5629 2396 5762 ρ)
2417 5628 2591 5719 (ξοάᾶ.
2617 5629 2791 5713 ipsud.
2838 5700 2851 5713 .
2978 5699 2991 5713 .
3141 5699 3154 5709 .

2333 5702 2390 5762 2)
2418 5701 2588 5760 codd.
2621 5709 2877 5762 gignanm
2905 5700 3026 5758 betc
3054 5707 3110 5758 et
3137 5715 3154 5757 ι

2333 5698 2390 5768 9)
2418 5701 2588 5760 Codd.
2621 5698 2877 5771 gignanlia
2905 5699 3026 5758 beic
3054 5707 3110 5758 et
3137 5698 3294 5759 infra.
