4106 6184
293 282 430 339 1505

1562 277 1647 332 DE
1727 273 2032 332 I’HYSICIS
2075 275 2298 333 LIBER.

3449 278 3588 339 ιεοε

289 399 417 465 ιίιιε,
451 408 510 453 ut
529 398 684 454 decet
709 397 840 463 Deo,
867 411 961 468 per
993 395 1469 453 incontaminatum
1501 407 1698 464 corpus
1723 393 1886 464 virgi-
1914 395 1967 454 Α
1993 403 2099 448 tam
2141 403 2349 462 turpem
2394 404 2646 459 mortem,
2681 403 2955 465 pateretur
2982 413 2993 448 :
3022 406 3140 466 post
3165 409 3325 464 quam
3357 404 3587 451 mortem

288 493 373 547 nis
397 500 726 546 nasceretur.

360 585 548 642 XVIII.
603 585 709 640 Nec
752 583 1068 641 incredibile
1115 581 1218 637 hoc
1263 580 1629 652 cognoscitur,
1671 594 1792 634 cum
1837 579 1889 632 in

289 679 407 750 ipso
426 679 622 732 smculo
648 692 727 732 src
745 676 1040 746 constringi
1074 675 1296 744 plurima
1320 673 1697 744 cognOscimus
1720 688 1734 736 ;
1769 686 1890 726 cum

291 788 440 826 mare
464 769 868 826 transeuntibus
888 768 1087 823 Judacis
1137 769 1282 838 virga
1312 780 1652 838 percussum,
1686 763 1892 816 violen-

289 876 374 922 ter
405 866 621 936 quidem
655 880 802 918 mare
829 861 1112 926 dividitur;
1145 860 1314 914 nudas
1341 875 1470 914 vero
1496 871 1708 920 ventus,
1734 854 1894 925 spiri-

293 969 379 1014 tus
403 957 710 1020 mundialis,
749 954 1094 1018 constrinxit,
1137 960 1194 1007 ut
1224 952 1504 1020 Scriptura
1533 950 1888 1013 demonsurat,

291 1070 412 1124 qua:
441 1054 519 1108 sic
540 1052 670 1106 dicit
697 1069 708 1104 :
739 1048 980 1105 Extendit
1010 1048 1216 1120 Moyses
1238 1064 1444 1102 manum
1463 1064 1619 1115 super
1649 1064 1787 1102 mare
1807 1057 1884 1102 :et

291 1147 494 1202 induxit
515 1143 766 1198 Dominus
793 1159 932 1195 mare
957 1143 1010 1196 in
1036 1153 1181 1195 vento
1199 1149 1374 1195 austro
1398 1139 1567 1194 valido
1588 1149 1692 1192 tota
1715 1147 1892 1193 nocte:

293 1248 338 1293 et
365 1238 485 1308 fecit
511 1253 648 1291 mare
677 1237 908 1298 siccum;
940 1250 1044 1288 non
1074 1233 1258 1302 utique
1285 1243 1603 1287 evacuatum
1631 1247 1768 1303 aqua
1792 1231 1889 1286 sed

291 1328 664 1384 constrictum.
699 1328 834 1382 Dicit
863 1327 1006 1382 enim
1037 1344 1048 1379 :
1079 1338 1127 1380 et
1153 1326 1316 1380 divisa
1347 1335 1420 1379 est
1459 1342 1628 1394 aqua;
1659 1335 1704 1378 et
1730 1326 1895 1378 intra-

296 1434 475 1477 verunt
501 1422 598 1491 ﬁlii
618 1421 784 1475 Israel
806 1439 894 1492 per
919 1421 1139 1474 inediam
1168 1437 1309 1473 mare
1339 1437 1429 1490 per
1447 1420 1670 1483 siccum;
1695 1430 1740 1473 et
1762 1436 1895 1490 aqua

298 1517 378 1572 illi
399 1534 574 1572 murus
618 1527 724 1571 erat
751 1516 932 1571 dextra
963 1528 1113 1586 atque
1144 1517 1371 1569 sinislra.
1417 1515 1490 1568 Ita
1539 1513 1891 1569 constrictum

297 1611 540 1666 docetur.
577 1611 717 1680 quod
752 1625 848 1679 per
869 1620 1112 1664 austrum
1145 1609 1395 1664 eﬂ'cctum
1421 1617 1524 1662 est.
1556 1608 1664 1662 Nec
1698 1622 1805 1662 non
1839 1616 1893 1661 et

296 1704 558 1774 propheta
589 1703 1033 1773 psalmographus
1061 1701 1224 1756 David
1261 1701 1329 1756 de
1360 1701 1461 1756 hoc
1489 1701 1604 1770 ipso
1628 1701 1781 1770 signo
1810 1700 1893 1756 in-

1995 487 2158 558 (quod
2191 487 2505 544 incredibile
2534 498 2615 544 est
2643 489 3088 560 repugnantibus)
3119 490 3382 559 sepultus,
3409 506 3589 547 resur-

1994 582 2202 636 rexisse
2241 581 2468 636 dicatur.
2524 581 2590 636 Et
2641 581 2856 652 quidem
2902 583 2992 653 qui
3043 583 3095 636 in
3122 597 3287 637 carne
3338 581 3590 639 veniebat

1994 674 2230 728 salvator
2258 674 2457 739 carnis,
2487 675 2630 746 quod
2664 687 2902 729 nostram
2949 674 3134 730 debuit
3176 674 3451 746 suscipere
3478 692 3588 731 non

1994 767 2246 831 alienam,
2275 767 2618 822 manifestum
2645 776 2756 822 est:
2777 768 2950 822 aliena
2975 769 3118 823 enim
3147 777 3418 838 suscepta.
3443 769 3589 826 salus

1994 858 2061 913 ad
2087 874 2185 913 nos
2208 875 2312 914 non
2343 860 2664 930 pertinebat.
2691 859 2882 915 Nostra
2911 875 3127 930 quoque
3153 872 3396 929 suscepta
3428 876 3590 916 carne

1996 951 2142 1006 nasci
2191 953 2444 1021 parvulus
2487 953 2675 1007 debuit
2719 969 2784 1008 ex
2817 953 3059 1024 tirgine:
3101 969 3201 1009 nec
3239 955 3381 1010 enim
3415 954 3587 1010 virum

1994 1058 2427 1101 consummatum
2468 1064 2561 1118 per
2599 1049 2861 1119 virginem
2913 1049 3058 1102 nasci
3097 1049 3402 1118 oportebat,
3445 1049 3590 1120 quod

1994 1138 2072 1192 sic
2121 1138 2365 1194 docetur.
2417 1140 2701 1194 Dicebatur
2733 1151 2911 1205 natus,
2942 1149 3097 1195 natus
3118 1150 3293 1195 tamen
3324 1156 3430 1195 non
3463 1157 3582 1211 ιιι-οι

1995 1231 2222 1287 babatur
2247 1249 2260 1284 :
2286 1233 2559 1303 quomodo
2587 1235 2730 1288 enim
2761 1234 2846 1288 vir
2877 1242 3280 1288 consummatus
3322 1234 3466 1288 nasci
3497 1249 3590 1304 per

1995 1326 2255 1396 virginem
2311 1327 2557 1394 poterat?
2591 1339 2648 1382 ut
2695 1343 2852 1396 quem
2899 1327 3178 1396 parvulum
3223 1342 3328 1381 non
3371 1326 3592 1383 creditis

1995 1428 2203 1484 natum,
2230 1420 2401 1474 multo
2429 1422 2597 1491 magis
2627 1422 2795 1475 virum
2819 1420 3020 1475 editmn
3045 1436 3152 1474 non
3173 1421 3488 1476 crederetis.

2068 1510 2210 1565 XXI.
2255 1511 2498 1566 Parvitas
2527 1522 2706 1570 tamen
2738 1512 2856 1583 ejus
2885 1529 3042 1582 quam
3070 1512 3248 1567 divina
3279 1513 3371 1578 sit,
3399 1527 3595 1582 agnos.

1995 1615 2199 1657 camus.
2222 1601 2532 1675 Conceptus
2552 1615 2635 1658 cst
2663 1608 2847 1670 homo,
2873 1605 2968 1659 sed
3001 1607 3118 1660 sine
3145 1605 3352 1674 origine
3377 1605 3592 1659 humani

1995 1697 2238 1750 seminis.
2277 1695 2445 1750 Natus
2471 1707 2555 1752 est
2579 1697 2718 1752 sicut
2743 1696 2925 1762 homo,
2977 1697 3072 1751 sed
3101 1713 3165 1752 ex
3195 1699 3423 1768 virgine.
3449 1697 3592 1770 quod

293 1796 642 1865 terpretaudo
665 1797 736 1850 ait
765 1814 778 1850 :
810 1795 1033 1863 disrupit
1060 1812 1220 1860 mare,
1248 1803 1296 1849 et
1323 1795 1522 1858 traiecit
1554 1810 1674 1858 eos;
1709 1795 1887 1849 statuit
1919 1791 1966 1850 Β
1994 1799 2075 1843 εει
2102 1798 2370 1844 sanctum.
2407 1788 2661 1859 Ignohilis
2683 1799 2737 1844 et
2769 1789 3051 1856 deformis,
3081 1789 3175 1845 sed
3205 1791 3509 1860 gloriosus:
3538 1791 3592 1846 iu

292 1903 456 1958 aquas
490 1887 620 1940 sicut
665 1897 848 1941 utrem.
892 1886 968 1941 Ac
995 1887 1164 1956 siquis
1197 1902 1292 1957 per
1313 1887 1680 1940 infirmitatem
1725 1886 1890 1940 animi

293 1979 401 2044 sui,
431 1977 682 2033 duritiam
705 1979 883 2034 cordis
925 1979 1024 2033 sibi
1057 1979 1315 2048 parando,
1365 1977 1734 2049 prohamentis
1775 1979 1890 2032 istis

294 2088 404 2126 non
435 2073 644 2138 credit,
671 2074 776 2127 vim
804 2084 1084 2127 ventorum
1119 2071 1368 2141 inspiciat
1391 2112 1403 2134 ,
1437 2080 1489 2125 et
1534 2086 1695 2126 auras
1737 2087 1893 2125 mun-

291 2165 464 2221 diales
503 2165 802 2234 hocipsum
850 2173 1136 2234 operantes
1182 2164 1483 2234 intelligat,
1528 2181 1648 2234 qua:
1688 2164 1894 2233 pluvias

291 2257 644 2314 decurrentes
671 2259 722 2312 in
750 2257 860 2312 still
883 2257 1039 2313 cidits
1071 2258 1140 2311 ita
1170 2257 1574 2328 caustringuut,
1603 2265 1659 2311 ut
1690 2257 1740 2312 in
1765 2257 1894 2325 ipsis

292 2351 531 2422 lapsibus
552 2351 866 2421 glacientur.
908 2351 1043 2415 Quid
1071 2360 1287 2422 oportet
1327 2365 1648 2406 enumerare
1693 2358 1891 2404 cratera

289 2460 414 2515 qua:
440 2459 505 2499 ex
530 2443 694 2499 uvido
720 2445 1034 2510 constituta,
1063 2443 1371 2514 supradicta
1396 2445 1444 2498 vi
1487 2443 1894 2499 assolidantur?

289 2535 403 2590 Nec
430 2535 518 2590 diu
549 2537 746 2591 morari
781 2550 1003 2590 necesse
1043 2544 1147 2600 est,
1173 2551 1295 2590 cum
1343 2535 1462 2606 plus
1498 2533 1894 2588 adsertiouibus

290 2627 497 2682 nostris
537 2642 716 2682 rerum
762 2628 1002 2682 clament
1030 2625 1240 2693 effecta,
1273 2643 1392 2695 quin
1417 2642 1538 2681 cum
1587 2627 1695 2681 Deo
1743 2626 1896 2680 insti-

292 2726 482 2772 tueute
524 2722 779 2774 eveniunt
808 2719 859 2773 in
888 2727 1102 2783 natura,
1150 2729 1352 2788 quanto
1380 2718 1549 2787 magis
1580 2717 1632 2770 in
1661 2717 1894 2771 adventu

288 2825 393 2866 suo
441 2821 546 2866 tam
595 2813 920 2873 necessario.
955 2813 1007 2866 in
1047 2813 1530 2866 conformationem
1573 2811 1894 2867 adsumendi

287 2903 534 2972 corporis
580 2919 674 2972 per
717 2905 963 2973 spiritum
991 2911 1233 2985 sanctum
1275 2903 1463 2973 stringi
1498 2911 1667 2973 potuit
1700 2916 1895 2973 corpus

286 2994 536 3064 virginis.
561 2996 627 3050 de
649 3011 755 3066 quo
781 2994 944 3050 ﬂuere
968 2997 1323 3065 sperabatur?

366 3086 508 3142 XIX.
537 3088 688 3155 Quod
722 3089 935 3156 quidem
984 3089 1061 3158 (1)
1091 3089 1359 3158 aliquibus
1391 3089 1724 3144 innuundum
1772 3104 1894 3146 esse

288 3179 526 3243 videtur,
556 3187 702 3236 recte
733 3192 912 3236 autem
945 3179 1350 3250 iuspicieutibus
1381 3182 1448 3234 ita
1482 3181 1738 3235 mundum
1768 3196 1890 3250 [ιι-ο·
1919 3167 1962 3228 C

288 3274 468 3329 batur.
498 3274 634 3327 Ante
658 3273 902 3342 corporis
925 3271 1123 3326 ﬂuxum
1149 3287 1270 3341 pars
1292 3273 1464 3326 adlme
1491 3271 1736 3342 corporis
1758 3288 1890 3328 cou-

288 3369 494 3436 stituta,
553 3378 773 3436 totoque
820 3368 1117 3421 commixta
1168 3377 1328 3436 atque
1370 3375 1647 3432 concreta,
1697 3382 1890 3421 nomen

289 3460 550 3518 immundi
583 3477 688 3515 non
717 3460 908 3531 recipit
939 3476 1060 3513 cmn
1104 3459 1258 3514 vivit.
1294 3462 1361 3513 At
1390 3475 1512 3514 cum
1540 3458 1618 3532 (2)
1649 3459 1892 3515 deﬂuxe-

289 3556 383 3624 rit,
406 3566 458 3610 et
481 3571 546 3610 ex
580 3556 672 3608 illo
703 3564 975 3608 mortuum
1006 3553 1255 3608 elfccmm
1291 3551 1470 3620 fuerit,
1506 3562 1632 3607 tunc
1660 3553 1891 3607 immun-

289 3646 418 3702 dum
463 3657 514 3700 et
565 3655 874 3709 mortuum;
909 3644 1052 3712 quod
1087 3643 1198 3714 jam
1225 3644 1459 3699 alienum
1505 3652 1588 3698 est
1615 3661 1644 3698 a
1675 3651 1888 3708 natura,

292 3753 470 3806 neque
515 3738 778 3793 vivificari
832 3746 1048 3806 potest:
1083 3735 1226 3807 quod
1274 3737 1400 3791 dum
1447 3736 1500 3790 in
1548 3747 1737 3791 natura
1784 3745 1888 3801 est,

291 3843 610 3888 concretum
654 3841 708 3886 et
746 3831 1086 3898 coagulatum
1126 3842 1368 3898 generat,
1403 3846 1507 3884 non
1534 3830 1886 3884 immundum.

291 3926 367 3980 lta
401 3940 501 3977 nec
524 3922 855 3976 immundum
886 3923 1012 3976 illud
1045 3923 1230 3984 fuisse.
1264 3923 1462 3977 veritas
1485 3923 1708 3977 invenit.
1734 3923 1888 3990 Quod

290 4018 335 4072 si
378 4025 434 4071 et
473 4015 809 4069 immuudmn
861 4014 1103 4068 dicentes
1138 4015 1427 4084 patiamur,
1473 4030 1570 4069 nec
1605 4016 1680 4068 sic
1711 4023 1889 4071 tamen

290 4109 647 4165 contaminari
673 4108 1012 4162 sanctitatem
1045 4108 1113 4162 ah
1144 4106 1420 4161 immundo
1451 4108 1687 4175 potuisse
1709 4107 1890 4162 decla-

290 4213 470 4259 ratur:
503 4218 622 4256 cum
649 4203 838 4264 solem,
873 4215 1030 4270 quem
1059 4211 1364 4254 creaturam
1397 4199 1513 4269 ejus
1558 4215 1753 4268 negare
1783 4215 1887 4254 non

291 4312 601 4367 possumus,
634 4294 710 4348 sic
742 4294 1013 4348 immunda
1038 4293 1298 4356 sordium,
1330 4293 1572 4347 seminus
1597 4293 1884 4362 paludium,

294 4388 608 4461 putredines
649 4387 811 4451 omni,
843 4387 1144 4457 astringere
1183 4384 1484 4447 videamus,
1530 4395 1588 4438 ut
1628 4400 1748 4439 cum
1780 4388 1886 4439 vim

293 4497 444 4538 suam
477 4497 570 4551 per
595 4481 773 4535 radios
793 4495 956 4550 super
1001 4481 1115 4534 haec
1142 4479 1368 4541 emittat,
1405 4492 1508 4530 nou
1550 4488 1726 4531 tamen
1770 4477 1884 4547 pol-

1999 1894 2184 1937 natura
2221 1881 2397 1937 infans
2428 1884 2635 1954 positus
2667 1884 2716 1937 in
2747 1885 2920 1948 cunis,
2949 1883 3042 1939 sed
3079 1901 3168 1939 rex
3195 1885 3262 1939 ab
3287 1885 3518 1954 angelis,
3541 1893 3596 1940 et

1995 1976 2138 2030 ﬁlius
2179 1976 2272 2030 Dei
2319 1977 2630 2030 nuntiatus:
2663 1977 2897 2032 salvator
2938 1977 3156 2031 humani
3204 1979 3436 2049 generis,
3471 1978 3595 2034 cmli

1995 2077 2266 2140 terrmque
2288 2069 2524 2124 sociator
2551 2070 2763 2139 glorix,
2788 2078 2842 2124 et
2865 2072 3008 2141 pacis
3035 2070 3274 2126 effector.
3311 2071 3422 2126 lloc
3438 2088 3596 2142 aper-

1997 2163 2203 2217 tissime
2235 2171 2477 2232 pastores
2526 2162 2844 2218 edocentur.
2887 2163 3154 2234 Scriptum
3197 2174 3281 2219 est
3309 2165 3452 2219 enim
3485 2164 3590 2218 ita:

1996 2254 2217 2310 Factum
2244 2265 2316 2309 est
2345 2265 2513 2310 autent
2533 2273 2650 2310 cum
2677 2269 2839 2312 essent
2868 2259 2976 2312 illic
3006 2258 3156 2329 (dicit
3189 2268 3362 2313 autem
3401 2258 3454 2312 in
3486 2258 3592 2314 Be-

1995 2350 2218 2422 thleem)
2241 2352 2437 2421 impleti
2447 2361 2565 2406 sunt
2594 2350 2673 2406 illi
2697 2351 2772 2424 (id
2795 2361 2900 2418 est,
2923 2351 3128 2423 Mariae)
3152 2354 3261 2406 dies
3287 2353 3556 2424 utipareret
3571 2371 3590 2419 ;

1995 2457 2040 2500 et
2071 2447 2268 2518 peperit
2310 2447 2478 2515 ﬁlium
2512 2463 2662 2500 suum
2705 2447 3124 2518 primogenitum,
3173 2457 3219 2501 et
3265 2447 3593 2502 obvolverunt

1994 2555 2108 2592 eum
2131 2549 2176 2592 et
2207 2539 2580 2592 collocaverunt
2623 2538 2770 2592 illum
2801 2540 2855 2593 in
2901 2540 3172 2611 prtesepio,
3219 2540 3461 2610 quoniam
3487 2555 3591 2594 non

1995 2640 2106 2684 erat
2147 2629 2290 2684 locus
2317 2632 2371 2683 in
2399 2631 2617 2684 stabulo.
2649 2629 2889 2684 Pastores
2919 2642 3087 2686 autem
3131 2642 3276 2686 erant
3304 2633 3356 2686 in
3384 2633 3594 2702 regione

1996 2723 2088 2777 illa
2113 2733 2466 2794 pernoctantes
2487 2732 2534 2777 et
2578 2724 2918 2778 custodientes
2961 2734 3238 2778 nocturnas
3282 2725 3482 2795 vigilias
3507 2741 3594 2780 su-

1997 2834 2087 2888 per
2104 2834 2281 2888 greges
2303 2833 2440 2870 suos.
2473 2817 2694 2886 Angelus
2721 2827 2886 2870 autent
2913 2816 3120 2871 Domini
3137 2819 3292 2881 stetit,
3315 2828 3360 2872 et
3383 2821 3593 2873 claritas

1995 2910 2336 2981 circumfulsit
2366 2909 2503 2975 illos,
2546 2919 2594 2962 et
2621 2911 2896 2962 (inruerunt
2923 2911 3108 2962 timore
3137 2926 3320 2980 magno
3343 2928 3359 2963 :
3384 2921 3430 2965 et
3461 2909 3591 2964 dixit

1994 3002 2101 3056 illis
2127 3000 2361 3073 angelus,
2392 3017 2455 3054 ne
2490 3001 2794 3065 timueritis;
2831 3017 2942 3055 ecce
2980 3001 3113 3054 enim
3160 3002 3412 3054 annuntio
3454 3003 3590 3056 vobis

1995 3095 2242 3167 gaudium
2265 3111 2526 3166 magnum,
2554 3094 2690 3165 quod
2720 3105 2791 3149 est
2814 3095 2953 3148 omni
2973 3093 3199 3164 populo;
3233 3095 3472 3165 quoniam
3499 3113 3592 3149 na-

1999 3197 2079 3240 tus
2118 3196 2191 3240 est
2235 3187 2373 3240 vobis
2405 3187 2558 3241 hodie
2599 3187 2845 3249 salvator,
2876 3188 2963 3256 qui
2991 3197 3063 3240 est
3091 3187 3323 3240 Christus
3351 3185 3502 3240 Iesus
3537 3187 3590 3240 in

1994 3280 2196 3333 civitate
2225 3278 2412 3332 David.
2448 3277 2514 3332 Et
2547 3278 2642 3333 hoc
2665 3279 2804 3332 vobis
2849 3280 3052 3349 signant
3078 3295 3096 3333 :
3127 3281 3387 3332 invenietis
3417 3279 3590 3348 infan-

1993 3382 2092 3426 tem
2121 3372 2404 3426 involutum
2435 3371 2617 3441 pannis
2645 3382 2689 3424 et
2716 3372 2939 3440 positum
2957 3373 3007 3424 in
3037 3372 3305 3440 pra’sepio.
3332 3371 3397 3425 Et
3425 3371 3590 3426 subito

1991 3468 2133 3536 facta
2157 3476 2230 3520 est
2255 3476 2424 3520 autem
2454 3481 2565 3518 cum
2593 3465 2774 3534 angelo
2811 3464 3087 3518 multitudo
3131 3465 3379 3517 exercitus
3419 3465 3591 3518 mles-

1992 3557 2120 3610 tium
2165 3557 2487 3612 laudantium
2518 3554 2684 3610 Deum
2714 3567 2758 3610 et
2788 3557 3064 3610 dicentium
3096 3557 3262 3626 gloria
3300 3557 3351 3609 in
3379 3557 3590 3611 excelsis

1994 3648 2125 3715 Deo,
2159 3659 2204 3702 et
2233 3666 2338 3716 pax
2366 3651 2416 3703 in
2445 3660 2579 3703 terra
2607 3649 2898 3702 hominibus
2928 3647 3047 3700 boni
3069 3648 3276 3701 decreti.
3323 3646 3470 3703 Unus
3495 3661 3588 3701 an-

1991 3743 2142 3812 gelus
2170 3743 2409 3796 enuntiat
2456 3741 2814 3802 nativitatem.
2858 3739 3000 3810 quod
3035 3739 3153 3805 hic,
3205 3741 3294 3809 qui
3338 3742 3589 3809 parvulus

1993 3845 2107 3891 crat
2136 3845 2260 3889 ante
2297 3833 2555 3888 saeculum
2602 3844 2760 3887 natus
2799 3843 2879 3887 est
2912 3832 3066 3886 nobis
3109 3832 3286 3899 hodie,
3336 3833 3460 3903 quia
3493 3832 3589 3885 ho-

1996 3929 2226 3982 minibus
2255 3942 2377 3983 esse
2418 3936 2542 3982 tunc
2585 3928 2770 3996 C(Bpil.
2817 3927 2893 3982 Ac
2935 3942 3000 3980 ne
3027 3942 3213 3981 eorum
3265 3942 3358 3980 rex
3381 3935 3586 3980 tantum

1993 4023 2340 4077 annuntiatus
2371 4021 2634 4086 videatur,
2667 4021 2859 4091 quibus
2887 4021 3086 4074 dictum
3115 4028 3196 4074 est
3224 4030 3372 4072 natus
3399 4027 3471 4072 est
3502 4034 3587 4071 vo—

1993 4116 2067 4170 bis
2097 4114 2249 4168 hodie
2276 4113 2584 4182 augeloruut
2618 4113 2886 4168 exercitus
2906 4112 3202 4173 concurrit,
3247 4120 3301 4166 et
3321 4111 3452 4164 dicit
3473 4113 3586 4181 glo-

1991 4210 2070 4262 ria
2094 4210 2146 4261 in
2177 4209 2387 4263 excelsis
2418 4206 2548 4269 Deo,
2580 4217 2624 4262 et
2653 4224 2757 4277 pax
2783 4210 2834 4260 in
2858 4217 2993 4260 terra
3022 4204 3309 4258 hominibus
3345 4204 3461 4257 boni
3499 4203 3589 4258 de-

1991 4303 2132 4358 creti.
2181 4302 2441 4372 Apparuit
2485 4301 2598 4356 lucc
2641 4301 2757 4369 ejus
2795 4300 2964 4370 gloria
3013 4299 3065 4352 in
3116 4298 3276 4361 rcelo,
3311 4305 3364 4350 ct
3404 4311 3504 4367 pax
3534 4296 3587 4350 in

1996 4403 2135 4449 terra
2179 4394 2486 4448 hominibus
2531 4393 2658 4447 boni
2703 4392 2906 4447 decreti
2933 4391 2999 4443 ah
3041 4391 3248 4460 angelis
3289 4391 3584 4444 nuntiatur.

1995 4488 2186 4544 Utrum
2235 4496 2433 4542 nostra:
2486 4485 2727 4541 infantia:
2781 4485 2972 4540 similis
3027 4483 3290 4546 videatur,
3311 4479 3589 4537 advertitis

293 4575 491 4630 luatur.
519 4574 671 4640 Quod
701 4576 745 4628 si
773 4575 826 4628 in
876 4575 959 4627 his
988 4572 1239 4629 sordibus
1281 4589 1385 4626 non
1435 4571 1688 4641 polluitur
1734 4587 1884 4627 crea-
1914 4556 1964 4615 Ι)
1991 4599 2058 4638 an
2089 4582 2166 4654 (ι)
2191 4582 2332 4636 non?

292 4675 432 4726 tura.
484 4666 652 4720 multo
702 4665 878 4721 minus
919 4665 1001 4735 (5)
1039 4667 1090 4718 iu
1124 4665 1243 4718 vivo
1291 4662 1371 4734 (4)
1411 4672 1619 4730 sancto,
1650 4664 1774 4735 quia
1805 4664 1886 4735 (5)

289 4775 517 4827 corpore
547 4758 799 4813 divinitas
829 4759 939 4828 ipsa
973 4774 1079 4813 non
1103 4757 1380 4828 polluitur.

363 4853 481 4908 XX.
516 4852 668 4908 Nunc
698 4851 1038 4906 manifestata
1067 4853 1372 4906 necessario
1404 4850 1484 4922 (6)
1513 4860 1697 4906 sancta
1729 4862 1778 4905 ct
1801 4851 1886 4905 in-

289 4947 651 5002 contatniuata
685 4947 962 5000 nativitate
989 4960 1083 5014 per
1116 4944 1362 5015 corporis
1404 4944 1654 5011 formam,
1703 4945 1754 4998 in
1783 4959 1884 5014 qua

289 5039 482 5096 adesse
537 5039 728 5093 salutis
789 5047 988 5092 nostra:
1031 5039 1164 5092 ratio
1215 5039 1487 5108 poscebat,
1539 5047 1788 5105 superest
1831 5048 1887 5092 ut

290 5134 549 5204 probetur
571 5148 666 5187 cur
696 5132 760 5187 ad
791 5131 1196 5186 similitudinem
1238 5141 1478 5187 nostram
1508 5131 1763 5201 parvulus
1793 5147 1888 5184 na-

292 5234 378 5280 tus
407 5227 658 5287 creverit,
691 5225 943 5280 esurierit
962 5267 975 5289 ,
1009 5223 1416 5280 manducaverit
1436 5267 1450 5291 ,
1479 5224 1696 5286 sitiet-it.
1726 5233 1888 5280 cxte-

291 5333 458 5390 raque
479 5318 656 5373 ofﬁcia
679 5319 924 5387 corporis
952 5321 1274 5389 susceperit,
1303 5318 1374 5372 ita
1398 5328 1529 5374 utet
1552 5326 1800 5387 mortem,
1832 5329 1887 5374 et

394 5431 444 5513 ι
675 5431 933 5513 quoddam
961 5431 1115 5486 idem.

367 5502 447 5574 (2)
473 5502 642 5557 Codd.
667 5503 880 5570 adqnin.

363 5575 443 5642 (5)
474 5573 644 5628 Codd.
679 5572 861 5644 magis.

388 5645 444 5708 4)
468 5644 540 5698 Ita
569 5643 729 5699 codd.

391 5716 448 5788 5)
478 5713 647 5788 Godd-
675 5731 792 5786 que-

367 5785 450 5859 (ϐ)
473 5785 645 5844 Codd.
673 5785 975 5843 necessaria.

2065 4675 2231 4730 XXII.
2283 4673 2364 4728 An
2405 4671 2599 4727 mirum
2646 4680 2730 4726 est
2764 4669 2984 4740 angelos
3028 4683 3207 4738 regem
3249 4667 3582 4734 enuntiasse,

1995 4785 2153 4840 quem
2184 4768 2361 4823 sciunt
2389 4764 2522 4835 Magi
2549 4778 2762 4834 quoque
2790 4762 2841 4816 in
2876 4772 3016 4816 terra
3064 4760 3351 4830 longinqua
3394 4758 3589 4828 positi?

1994 4865 2128 4920 Cum
2159 4862 2370 4933 signum
2395 4861 2498 4914 illis
2525 4857 2862 4930 apparuisset
2887 4873 2916 4911 ε
2939 4855 3102 4921 coelo,
3125 4864 3179 4910 et
3207 4855 3590 4910 intellexerunt

1991 4967 2198 5018 natmn,
2221 4964 2274 5010 et
2295 4955 2384 5007 diu
2403 4953 2690 5024 quznsitum
2727 4950 3134 5017 adinvcneruut,
3167 4950 3440 5005 inventum
3459 4948 3590 5005 ado—

1991 5057 2264 5107 raverunt.
2292 5047 2458 5117 Cujus
2485 5046 2657 5100 stella:
2681 5045 2893 5114 signum
2917 5041 3403 5098 ca-terastellarum
3438 5042 3588 5111 ρι’τεί-

1993 5143 2083 5198 bat
2130 5139 2396 5211 insignia:
2429 5137 2580 5192 stella
2627 5137 2768 5190 enim
2809 5151 2927 5204 qua:
2969 5134 3260 5188 nativitatis
3303 5133 3587 5188 dominica:

1991 5235 2148 5291 index
2177 5233 2414 5295 fuit,nou
2444 5240 2500 5285 ut
2523 5239 2733 5284 caeteras
2760 5228 2974 5283 lucebat
3007 5229 3057 5281 iu
3085 5227 3341 5290 tenebris,
3372 5224 3466 5279 sed
3493 5238 3587 5293 per

1991 5329 2133 5385 diem
2163 5325 2459 5393 refulgebat
2491 5327 2541 5378 in
2574 5323 2726 5389 sole;
2759 5331 2812 5378 et
2839 5322 2951 5377 sole
2991 5321 3155 5378 etdie
3196 5321 3248 5375 in
3297 5316 3585 5387 Splendore

1993 5432 2274 5495 superato;
2308 5436 2412 5477 nou
2442 5421 2594 5490 quasi
2622 5434 2740 5490 quae
2768 5417 2870 5474 ﬁxa
2893 5426 3040 5475 esset
3059 5419 3111 5472 in
3140 5414 3299 5479 coelo,
3327 5411 3424 5467 sed
3448 5426 3585 5482 prte-

1992 5518 2192 5575 cedens
2232 5515 2414 5585 Specie
2443 5514 2574 5569 mira
2615 5514 2785 5585 magis
2824 5511 2894 5568 ad
2934 5509 3335 5582 inquisitionem
3373 5505 3584 5560 Domini

1990 5610 2338 5685 pergentibus
2363 5609 2504 5664 viam
2543 5607 2599 5663 in
2641 5606 2834 5664 itinere
2880 5600 3306 5661 demonstrabat.
3343 5599 3585 5671 Denique

2065 5787 2146 5860 (1)
2173 5787 2344 5847 Codd.
2371 5796 2480 5846 am.
