4106 6184
496 271 636 330 i307

1347 270 1538 327 MAR"
1579 266 1922 328 VICTORINI
1964 268 2125 326 AFRI
2167 268 2253 327 DE
2291 268 2604 329 PliYSiCIS
2630 270 2854 330 LIBER.

3661 275 3791 334 ιῖ⁸8

498 389 570 446 ibi
601 401 760 459 supra
788 385 1006 441 domum
1037 387 1301 451 constitit,
1339 386 1424 441 ubi
1458 401 1578 441 esse
1612 402 1770 456 qttvtn
1800 388 2079 440 annuntia-
2113 388 2167 448 Α
2192 383 2262 438 do
2313 386 2452 440 hunc
2492 387 2580 456 qui
2632 400 2757 442 reus
2787 401 2893 441 non
2936 396 3084 453 erat,
3116 397 3307 445 contra
3332 393 3655 447 sententiam
3704 409 3793 449 ve-

497 481 612 548 bat,
661 477 916 535 ostendit.
961 478 1114 547 Quod
1156 481 1422 551 scriptura
1455 487 1716 534 testatur:
1747 477 1888 533 Nato
1920 490 2090 533 autem

497 573 623 630 Iesu
663 573 720 627 in
763 570 1023 627 Bethleem
1046 570 1202 627 Iuda:
1226 573 1279 626 in
1307 572 1483 626 diebus
1522 567 1747 626 Herodis
1768 573 1902 644 regis
1923 613 1937 639 ,
1980 586 2092 627 ecce

496 668 643 739 Magi
670 676 914 722 uenerunt
942 667 1003 720 ab
1029 668 1223 721 oriente
1263 665 1588 720 Hierusalem
1616 666 1859 732 dicentes,
1892 667 1977 719 ubi
2018 674 2093 720 est

496 764 582 835 qui
609 771 757 818 natus
804 770 878 817 est
917 774 1011 816 res:
1054 760 1399 819 Iudaeorum?
1434 760 1670 815 Vidimus
1714 762 1850 815 enim
1889 760 2092 815 stellam

494 860 607 931 ejus
629 856 696 909 ad
721 856 983 923 orientem,
1016 864 1063 909 et
1092 857 1320 910 uenimus
1349 856 1568 911 adorare
1594 866 1729 910 eum.
1761 857 1931 924 Quem
1965 868 2088 926 par—

502 951 686 1006 vnlum
718 949 852 1019 Magi
882 962 1003 1004 cum
1035 950 1300 1005 vidissem
1324 950 1687 1004 adoraverunt
1721 957 1777 1004 ut
1802 962 2004 1020 regem,
2033 955 2093 1003 ut

498 1042 797 1110 hominem,
827 1050 885 1096 ut
914 1042 1114 1108 Deum;
1142 1054 1197 1098 et
1223 1054 1447 1099 munera
1473 1043 1805 1105 obtulerant,
1835 1057 1866 1097 e
1894 1043 2092 1113 quibus

498 1134 811 1191 muneribus
840 1134 998 1189 etiam
1033 1148 1289 1205 passurus
1315 1134 1747 1189 denuntiabatur.
1777 1132 1927 1188 Thus
1946 1134 2090 1189 enim

495 1228 809 1283 obtulerunt
842 1236 899 1282 ut
928 1228 1057 1294 Deo,
1079 1243 1269 1284 aurum
1299 1237 1355 1283 ιιι
1376 1229 1510 1298 regi,
1537 1228 1812 1299 myrrham
1840 1240 2087 1297 passuro.

497 1319 645 1376 Talis
675 1321 894 1376 infantia
920 1321 1094 1376 divina
1123 1322 1489 1394 cognoscitur,
1524 1321 1777 1389 nutritur,
1813 1330 1867 1379 et
1891 1322 2091 1379 educa-

492 1415 611 1469 tur!
662 1413 768 1471 Sed
809 1415 926 1470 sine
972 1418 1194 1471 doctore
1229 1418 1407 1471 omnia
1455 1416 1656 1473 sciens.
1688 1419 1949 1474 Mirantur
1989 1418 2092 1475 hoc

491 1505 665 1562 Judaei
694 1521 816 1562 cum
863 1506 1107 1563 viderent
1137 1510 1343 1565 litteras
1373 1509 1631 1566 scientem
1660 1511 1777 1568 sine
1803 1510 2047 1567 doctrina
2072 1525 2088 1578 ;

495 1600 736 1658 dicentes
775 1619 788 1656 :
822 1605 1088 1669 Quomodo
1116 1605 1211 1659 iste
1238 1605 1432 1660 litteras
1462 1608 1588 1673 scit,
1619 1611 1707 1677 qui
1735 1625 1838 1663 non
1863 1608 2093 1663 dedicit?

494 1694 646 1761 Quod
676 1698 859 1762 sciret,
892 1698 1230 1766 conﬁtentes;
1278 1701 1499 1772 etquod
1531 1717 1636 1757 non
1677 1701 1945 1769 didicerit,
1980 1719 2086 1759 non

2193 479 2346 533 niens
2393 495 2552 548 quam
2609 479 2690 549 (Ι)
2743 480 2992 546 tenebat,
3043 486 3314 538 amitteret
3336 484 3418 557 (2)
3446 496 3788 555 potestatem.

2191 571 2265 627 Ita
2296 573 2521 628 rationis
2548 571 2649 627 fuit
2675 572 2853 629 ofﬁcia
2881 575 3129 645 corporis
3168 590 3363 647 agere,
3412 588 3469 632 ut
3515 580 3632 649 ipse
3670 581 3795 649 qni-

2191 664 2317 720 dem
2344 664 2591 720 eamdem
2618 678 2739 720 esse
2765 679 2985 720 carnem
3011 668 3364 738 ostenderet,
3392 684 3553 741 quam
3596 685 3793 727 susce-

2194 767 2384 828 perat,
2426 772 2545 812 eam
2586 772 2708 829 qua:
2750 769 2878 816 ante
2907 760 3158 817 damnata
3185 772 3307 818 est:
3344 764 3436 821 ille
3462 779 3591 820 vero
3611 767 3799 821 carnis

2192 851 2368 907 ofﬁcia
2419 852 2682 920 videndo,
2734 868 2843 909 non
2889 855 3217 927 intelligeret
3255 858 3506 914 deitatem
3547 901 3563 926 ,
3619 874 3687 915 ac
3715 862 3800 916 sic

2193 954 2379 1001 contra
2409 947 2734 1001 sententiain
2768 944 2861 1003 Dei
2889 949 3133 1016 veniens,
3165 951 3417 1020 perderet
3442 961 3796 1022 potestatem;

2193 1041 2315 1111 quia
2336 1049 2593 1110 appetere
2616 1053 2782 1096 ausus
2810 1050 2924 1108 est,
2965 1056 3124 1114 quem
3168 1044 3287 1100 sine
3333 1045 3560 1102 crimine
3603 1049 3797 1119 pervi-

2192 1132 2371 1189 debat.

2263 1223 2456 1280 XXIV.
2500 1223 2610 1279 Hac
2639 1238 2770 1297 ergo
2794 1239 2954 1282 causa
2982 1227 3181 1284 factum
3201 1236 3325 1297 est,
3356 1231 3531 1288 'oilicia
3568 1234 3796 1306 quidem

2192 1318 2372 1374 carnis
2402 1317 2727 1383 ostendere,
2780 1334 2887 1374 non
2920 1328 3098 1376 tanien
3135 1322 3267 1392 ipsis
3295 1322 3487 1381 ofﬁciis
3514 1336 3639 1382 esse
3659 1329 3794 1382 sub-

2188 1408 2411 1480 jectum.
2439 1408 2506 1466 Ut
2535 1425 2757 1466 carnem
2785 1426 2969 1467 veram
3001 1415 3292 1484 probaret,
3325 1418 3549 1485 esuriit;
3599 1434 3709 1475 lion
3734 1430 3798 1475 tn

2195 1502 2367 1557 victus
2388 1502 2593 1572 jejunio
2621 1504 2989 1561 ntanducaret.
3046 1507 3288 1580 Denique
3332 1524 3455 1566 cum
3488 1511 3555 1566 ad
3597 1514 3802 1582 prohd-
3870 1528 3873 1531 λ

2195 1595 2398 1651 tionem
2430 1606 2631 1651 nostras
2655 1600 2834 1654 carnis
2863 1599 3003 1655 ultra
3037 1603 3449 1671 possibilitatem
3479 1614 3690 1660 natura:
3717 1605 3801 1663 40

2192 1688 2401 1744 dierum
2430 1698 2485 1745 et
2512 1691 2749 1746 noctium
2780 1693 2956 1763 spatio
2979 1694 3280 1765 jejnuasset
3302 1739 3316 1762 ,
3376 1698 3649 1754 invenitur
3674 1702 3801 1770 qui.

494 1796 753 1859 negantes
779 1807 793 1845 :
823 1791 963 1846 unde
994 1801 1170 1848 tamen
1204 1795 1306 1849 hoc
1329 1793 1565 1861 haberet,
1599 1810 1707 1849 non
1728 1793 2087 1866 comprehen-

2193 1779 2317 1836 dem
2345 1783 2584 1839 esurisse
2604 1824 2618 1846 .
2655 1798 2761 1838 non
2784 1785 2946 1840 etiam
2976 1788 3331 1845 manducasse
3357 1806 3374 1856 ι
3417 1793 3489 1846 its
3518 1793 3796 1862 scriptura

495 1879 713 1941 dentes.
750 1882 1059 1940 Judazorutn
1095 1885 1409 1943 doctoribus
1453 1901 1575 1943 cum
1622 1888 1878 1959 loquitur,
1901 1891 2093 1945 doctor

495 1973 778 2030 doctorum
827 1978 1116 2034 invenitur.
1166 1979 1267 2048 Qui
1313 1996 1432 2036 cum
1476 1979 1651 2038 adhuc
1690 1984 1945 2053 parvulus
1976 1983 2091 2041 fere

494 2083 758 2125 annorum
803 2071 899 2127 XII
939 2072 1154 2130 sederet
1197 2077 1248 2130 in
1293 2075 1469 2133 medio
1514 2079 1920 2150 magistrorum,
1957 2080 2090 2136 doc-

497 2163 693 2218 trinam
740 2164 856 2235 ejus
905 2178 1026 2221 cum
1068 2174 1290 2238 stupore
1329 2169 1666 2227 mirabantur
1706 2170 1977 2228 doctores.
2013 2173 2089 2229 Ita

490 2254 636 2308 enim
669 2254 944 2328 Scriptura
975 2258 1143 2315 dicit:
1173 2258 1241 2315 It’t
1280 2275 1474 2326 omnes,
1518 2263 1604 2334 qui
1642 2263 1918 2319 audiebant
1955 2274 2087 2333 eum,

489 2347 878 2404 admirabantur
897 2351 1222 2421 prudentiam
1255 2356 1367 2427 ejus
1387 2364 1433 2409 et
1463 2366 1731 2425 responsa.
1765 2356 1889 2413 Haec
1918 2363 2092 2429 scrip-

494 2439 630 2493 turis
656 2441 973 2509 probantur,
1004 2444 1241 2516 physicis
1271 2460 1399 2501 vero
1430 2449 1731 2503 rationibus
1757 2451 1987 2520 amplius
2010 2452 2091 2506 ln-

490 2533 705 2586 venitur
733 2550 746 2586 :
779 2534 917 2589 Deus
948 2537 1091 2591 enim
1123 2538 1178 2591 in
1206 2536 1426 2594 homine
1456 2549 1616 2596 natus
1636 2583 1652 2607 ,
1699 2541 1825 2597 talia
1857 2543 2088 2615 insignia

489 2622 727 2679 infantia:
755 2640 868 2682 suae
894 2626 1078 2683 debuit
1099 2628 1491 2687 demonstrare.

565 2716 756 2774 XXIII.
795 2723 865 2775 At
902 2728 1031 2777 vero
1060 2736 1276 2777 causam
1303 2723 1566 2782 adventus
1593 2727 1709 2798 ejus
1735 2728 1780 2785 si
1821 2731 2087 2801 requiras,

493 2808 769 2865 hominem
797 2812 989 2868 iterum
1015 2828 1282 2885 apparere
1311 2818 1617 2887 oportebat.
1664 2820 1859 2877 Latere
1904 2822 2090 2879 debuit

493 2911 638 2958 tanta
660 2904 918 2961 divinitas
948 2918 1055 2961 non
1085 2922 1180 2963 eos
1211 2909 1301 2977 qui
1331 2909 1625 2967 credebant
1648 2912 1728 2986 (1)
1752 2955 1767 2979 ,
1800 2906 1895 2970 sed
1941 2916 2088 2986 prin-

492 2998 667 3067 cipem
698 2999 880 3054 tnttndi
903 3041 919 3069 ,
947 3000 1001 3054 in
1024 3003 1181 3071 cujus
1211 3006 1620 3073 Oppressiuncm
1658 3006 1742 3080 (2)
1792 3008 2092 3067 descende-

493 3101 615 3159 rat,
667 3092 765 3147 sed
812 3103 1015 3149 nostra:
1055 3111 1216 3151 causa
1244 3096 1603 3155 llberatiouis.
1630 3100 1679 3155 is
1710 3101 1854 3157 enim
1885 3114 1990 3158 non
2022 3104 2090 3160 et

2194 1872 2443 1929 dicente:
2470 1875 2538 1929 Et
2566 1881 2929 1932 consummatis
2956 1879 3027 1934 40
3054 1880 3232 1937 diebus
3288 1893 3337 1937 et
3388 1882 3461 1939 40
3516 1888 3794 1955 noctibus,

2193 1954 2368 2035 postea
2415 1968 2640 2022 esuriuit.
2690 1968 2805 2024 Non
2878 1981 3055 2026 tamen
3118 1973 3492 2041 manducavit;
3569 1980 3802 2032 esurivit

2192 2069 2393 2115 autem.
2427 2061 2581 2127 Quod
2622 2063 2692 2117 ob
2714 2062 2794 2136 (5)
2843 2063 2983 2120 hanc
3023 2080 3240 2122 causam
3278 2069 3564 2126 manifesto
3589 2071 3797 2128 factum

2194 2159 2314 2220 est,
2345 2163 2402 2208 ut
2428 2157 2551 2225 quia
2572 2155 2642 2210 40
2667 2156 2879 2225 diebus,
2903 2160 3099 2230 quibus
3125 2163 3396 2219 continuis
3417 2165 3468 2219 in
3492 2180 3678 2221 eremo
3697 2164 3800 2223 sd-

2194 2260 2407 2301 versum
2456 2248 2740 2304 Dominum
2800 2254 3188 2309 tentationihus
3242 2256 3356 2311 anis
3401 2256 3648 2314 diabolus
3688 2272 3797 2329 pu-

2191 2353 2362 2409 gnans
2391 2352 2676 2410 superatus
2705 2342 2914 2411 fuerat,
2946 2361 3053 2401 non
3080 2357 3225 2403 esset
3246 2349 3358 2421 (4);
3393 2358 3448 2406 et
3474 2361 3533 2408 ut
3556 2366 3625 2407 ne
3644 2394 3659 2417 ,
3695 2355 3791 2408 in-

2196 2430 2496 2501 tellegendo
2527 2434 2692 2489 Deum
2719 2477 2734 2502 ,
2758 2435 3082 2509 diffugerat;
3114 2454 3180 2495 ne
3205 2441 3438 2510 perirent
3464 2452 3569 2499 tam
3600 2460 3800 2502 neces-

2192 2517 2333 2572 saria
2362 2517 2620 2575 beneﬁcia
2654 2522 2917 2592 passionis
2966 2537 3082 2581 sua:
3110 2565 3126 2593 ,
3168 2528 3415 2586 esurivit.
3459 2531 3629 2599 Quem
3661 2548 3791 2589 mox

2195 2610 2466 2667 inﬁrmum
2492 2622 2718 2684 putans,
2755 2617 2948 2674 iterum
2978 2630 3035 2674 ιιι
3061 2621 3334 2678 hominem
3356 2639 3646 2697 aggressus
3675 2635 3787 2695 est,

2192 2706 2426 2765 dicendo
2449 2711 2496 2765 ei
2519 2750 2536 2777 ,
2567 2720 2626 2766 ut
2645 2712 2730 2767 vel
2761 2723 2982 2785 propter
3005 2717 3380 2773 necessitatem
3424 2721 3506 2774 sui
3544 2724 3795 2792 Corporis

2197 2800 2402 2872 lapides
2446 2802 2498 2857 in
2550 2819 2716 2873 panes
2770 2817 3111 2865 converteret
3145 2826 3161 2867 :
3192 2812 3394 2882 quique
3422 2812 3504 2887 (5)
3537 2828 3636 2871 nec
3657 2814 3791 2872 fecit

2193 2908 2295 2947 nec
2323 2894 2684 2953 manducavit.
2717 2896 2792 2952 Ita
2824 2902 3050 2955 esurivit
3075 2903 3147 2959 ob
3174 2916 3424 2972 causam;
3456 2922 3562 2963 non
3606 2916 3793 2967 tamen

2193 2987 2465 3056 subjectus
2491 3001 2574 3045 est
2601 3006 2799 3047 causze.
2834 2993 2900 3048 Et
2929 3010 3035 3050 non
3070 3004 3276 3053 tantum
3306 3000 3358 3054 in
3390 3003 3491 3056 hoc
3512 3002 3653 3069 loco,
3685 3004 3790 3061 sed

2194 3081 2355 3136 etiam
2380 3082 2663 3153 discipulis
2690 3085 3046 3145 oderentibus
3074 3092 3333 3147 esurienti
3361 3108 3526 3163 panes
3546 3138 3560 3159 ,
3605 3110 3673 3151 ac
3703 3099 3757 3151 di
3777 3130 3795 3140 ο

493 3187 811 3242 auctoritate
835 3202 928 3244 sua
951 3231 964 3256 ,
994 3189 1088 3245 sed
1119 3206 1183 3245 es
1216 3193 1482 3248 sententia
1509 3194 1779 3251 dominica
1832 3196 2083 3265 tenebat,

2193 3175 2456 3239 centibus.
2486 3175 2640 3243 liabi,
2682 3177 2970 3246 manduca;
3005 3184 3284 3252 respondit
3313 3201 3324 3237 :
3362 3185 3470 3258 Ego
3497 3189 3669 3243 cibum
3692 3193 3795 3244 tte-

493 3276 615 3348 quia
641 3280 878 3348 jusserat
911 3291 1274 3352 peccatorem,
1307 3285 1398 3355 qui
1447 3298 1553 3341 non
1592 3288 1879 3359 paenituit,
1926 3293 2084 3346 mori.

494 3374 565 3427 At
591 3386 721 3429 vero
748 3374 1095 3443 poenitentem
1128 3376 1358 3434 liberare
1387 3376 1569 3435 debuit
1595 3382 1925 3438 misericors.
1977 3382 2089 3440 lluc

490 3465 699 3537 jusdtia
723 3509 739 3533 ,
775 3467 876 3524 hoc
905 3468 1232 3539 possibilitas
1262 3471 1445 3527 divina
1476 3476 1761 3544 poscebat,
1796 3483 1854 3529 ut
1897 3474 1990 3546 qui
2023 3490 2091 3532 ex

497 3562 765 3616 sententia
798 3562 1014 3618 tenebat
1034 3579 1183 3620 reum
1203 3606 1217 3632 ,
1251 3565 1297 3620 si
1325 3581 1430 3620 non
1463 3576 1615 3622 reum
1647 3576 1900 3637 caperet,
1955 3582 2091 3638 prte-

500 3652 764 3708 tereundo
791 3656 1112 3711 sententiam
1138 3699 1154 3725 ,
1220 3658 1496 3715 amitteret
1531 3662 1872 3730 potestatem.
1921 3661 2091 3717 Nemo

497 3754 675 3799 autem
706 3761 813 3801 non
843 3763 968 3804 reus
988 3790 1002 3814 ,
1037 3765 1159 3805 cum
1187 3760 1241 3806 et
1270 3751 1481 3822 origine
1507 3763 1564 3809 et
1609 3754 1826 3808 natione
1866 3750 1974 3810 sint
2024 3770 2091 3810 ex

498 3836 840 3892 mortalibus.
867 3840 937 3894 At
969 3841 1013 3895 is
1034 3841 1123 3911 qui
1156 3853 1312 3898 natus
1341 3851 1457 3911 est,
1490 3846 1603 3915 ipse
1628 3842 1843 3902 dedisse
1871 3856 2091 3902 senten—

499 3931 623 3985 tiam
658 3932 916 4001 probatus
936 3942 1054 4001 est;
1088 3942 1195 4006 qua
1220 3937 1485 3992 sententia
1529 3939 1644 4009 ipse
1689 3948 1813 3995 reus
1852 3956 1958 3996 non
2011 3948 2093 3997 te-

498 4028 658 4079 netur
678 4066 694 4093 ,
729 4025 818 4096 qui
845 4039 967 4082 cum
996 4031 1295 4099 susceperit
1323 4040 1575 4097 carnem,
1604 4033 1722 4090 sine
1762 4043 1982 4105 peccato
2013 4036 2093 4092 itt-

500 4124 582 4172 ter
634 4117 881 4176 homines
926 4133 1278 4179 conversatus
1325 4128 1428 4180 est.
1484 4124 1636 4182 Sicut
1682 4128 1940 4199 scriptum
1968 4132 2090 4185 est:

502 4206 602 4263 Hic
632 4208 775 4264 Deus
804 4223 976 4268 noster
994 4255 1009 4278 ,
1035 4224 1083 4269 et
1111 4231 1213 4269 non
1254 4215 1584 4286 deputabitur
1621 4218 1759 4273 alius
1789 4220 1980 4291 absque
2010 4236 2091 4276 eo.

499 4302 705 4359 Invenit
731 4320 930 4362 omnem
959 4310 1092 4363 uiam
1123 4307 1446 4379 prudentite,
1493 4316 1541 4365 et
1595 4311 1735 4366 dedit
1779 4324 1893 4367 eam
1933 4312 2095 4370 Jacob

502 4413 662 4468 puero
691 4410 807 4456 suo.
837 4398 969 4456 Post
997 4401 1106 4456 lucc
1134 4403 1188 4456 in
1217 4403 1367 4458 terris
1397 4403 1532 4461 visus
1563 4410 1634 4460 est
1659 4448 1675 4473 ,
1709 4416 1757 4461 et
1785 4423 1900 4461 cum
1930 4408 2095 4464 homi-

501 4491 652 4548 nibus
672 4507 996 4554 conversatus
1024 4508 1097 4554 est
1128 4494 1232 4571 ('5).
1265 4498 1363 4554 ilic
1392 4509 1493 4569 est,
1521 4500 1610 4571 qui
1638 4510 1988 4559 conversatus
2013 4515 2097 4561 est

2194 3268 2283 3322 beo
2329 3270 2644 3325 manducare
2685 3284 2834 3337 quem
2875 3287 2962 3327 vos
3014 3276 3234 3332 nescitis.
3289 3277 3439 3333 Meus
3465 3281 3603 3335 cibus
3632 3295 3710 3338 est
3734 3296 3799 3339 ut

2192 3363 2383 3434 faciam
2410 3363 2716 3418 voluntatem
2757 3366 2869 3436 ejus
2920 3369 3008 3438 qui
3061 3382 3140 3423 me
3186 3371 3362 3441 misit,
3423 3383 3478 3429 ut
3520 3376 3797 3445 perficiam

2194 3468 2322 3527 opus
2345 3458 2476 3529 ejus.

2268 3548 2432 3603 XXV.
2478 3549 2694 3617 Sitivit,
2725 3560 2780 3606 ut
2810 3568 2908 3623 per
2932 3554 3077 3609 sitim
3113 3563 3360 3612 naturam
3386 3561 3634 3630 corporis
3686 3561 3790 3617 de-

2194 3651 2554 3708 monstraret;
2581 3656 2690 3699 non
2735 3648 2878 3715 quod
2929 3647 3134 3716 poculis
3181 3650 3477 3721 indigeret,
3507 3667 3626 3708 eum
3670 3654 3795 3725 ipse

2194 3734 2262 3790 sit
2293 3734 2412 3790 fons
2466 3750 2619 3806 aqua:
2651 3738 2805 3794 vivat.
2857 3738 3098 3811 Denique
3123 3742 3513 3799 Samaritanam
3537 3789 3554 3814 ,
3585 3747 3679 3802 ubi
3716 3749 3791 3803 si-

2197 3829 2326 3883 tisse
2348 3830 2616 3885 invenitur
2640 3871 2656 3897 ,
2683 3846 2804 3886 cum
2834 3846 3026 3903 aquam
3057 3837 3381 3904 postulasset
3408 3879 3423 3904 ,
3484 3848 3648 3910 atque
3700 3841 3791 3896 illa

2189 3921 2429 3993 judzeum
2510 3923 2787 3980 aestimans
2832 3942 2939 3982 non
3003 3928 3278 3999 dedisset,
3330 3932 3526 3988 obtulit
3574 3936 3792 3991 mulieri

2195 4024 2387 4087 aquam
2423 4031 2519 4086 per
2544 4033 2704 4087 quam
2727 4018 2870 4073 sitim
2901 4030 3158 4091 perpetuo
3189 4024 3451 4091 satiaret,
3481 4026 3619 4081 sicut
3652 4028 3790 4082 scri—

2197 4118 2345 4180 ptum
2369 4116 2488 4164 est:
2535 4107 2691 4166 Iesus
2739 4112 2943 4168 sedebat
2993 4130 3148 4185 super
3173 4125 3420 4187 pateant;
3451 4129 3495 4173 et
3527 4121 3625 4191 fuit
3655 4125 3783 4178 liora

2195 4204 2341 4273 quasi
2368 4211 2513 4257 sexta
2536 4221 2554 4270 ;
2582 4209 2628 4258 et
2654 4206 2787 4260 venit
2815 4208 3050 4277 quedam
3079 4210 3266 4266 mulier
3300 4211 3632 4269 Samaritana
3655 4216 3789 4271 Itast-

2194 4297 2298 4353 rire
2324 4314 2527 4370 aquam.
2563 4297 2632 4353 Et
2650 4299 2806 4355 Iesus
2826 4302 3068 4370 sedebat;
3099 4313 3145 4359 ct
3173 4303 3325 4361 Jesus
3351 4306 3482 4363 dixit
3529 4309 3597 4362 ad
3633 4325 3745 4365 eam
3765 4327 3788 4365 :

2197 4388 2280 4444 Da
2309 4391 2436 4446 milii
2462 4390 2645 4446 bibere.
2683 4392 2925 4448 Abierant
2953 4396 3088 4450 enim
3115 4396 3360 4469 discipuli
3384 4400 3497 4466 eius
3524 4402 3579 4455 in
3608 4403 3789 4457 ciuita-

2198 4495 2297 4539 tem
2318 4488 2376 4540 ut
2401 4494 2624 4541 emerent
2652 4502 2811 4542 escas.
2848 4486 3039 4545 Mulier
3068 4499 3239 4547 tamen
3292 4495 3555 4565 respondit
3593 4497 3663 4551 ad
3696 4495 3789 4552 Je-

501 4593 621 4649 sine
649 4601 906 4664 peccato,
937 4602 994 4648 ut
1022 4593 1216 4649 iterum
1262 4594 1521 4665 scriptum
1568 4604 1685 4651 est:
1717 4594 1817 4662 Qui
1835 4604 2091 4666 peccatum

2198 4592 2312 4635 sum
2329 4622 2343 4645 ,
2373 4580 2548 4635 dicens
2566 4596 2585 4635 :
2613 4578 2691 4635 Tu
2714 4622 2728 4648 ,
2759 4594 2876 4637 cum
2903 4580 2973 4637 sis
3008 4583 3221 4656 judteus
3244 4627 3258 4651 ,
3303 4588 3557 4656 quomodo
3604 4589 3728 4659 petis
3754 4606 3790 4644 a

503 4700 607 4739 non
638 4685 790 4756 fecit,
825 4700 915 4740 nec
945 4684 1094 4741 dolus
1123 4685 1358 4740 iuventus
1388 4695 1461 4741 est
1487 4684 1540 4741 in
1568 4701 1655 4743 ore
1682 4688 1793 4759 ejus
1821 4688 1922 4761 (4).
1948 4689 2100 4747 Hanc

505 4790 722 4834 carnem
769 4781 886 4837 sine
934 4790 1154 4851 peccato
1206 4776 1495 4850 produxit:
1535 4796 1695 4853 quam
1728 4782 1916 4839 mundi
1938 4781 2098 4855 hujus

510 4871 756 4943 princeps
784 4874 1159 4933 adversantem
1212 4872 1315 4933 sibi
1365 4877 1696 4948 praevidens,
1758 4884 1933 4951 neque
1985 4880 2097 4937 suis

506 4964 870 5023 voluntatibus
892 4967 1232 5037 inclinatam,
1261 4968 1534 5027 hominem
1565 4980 1768 5029 tantum
1796 4975 2094 5043 aestimans,

505 5057 763 5115 invadere
806 5075 969 5117 ausus
1018 5073 1104 5120 est
1153 5067 1574 5135 permittentem.
1624 5062 1875 5124 Permisit
1915 5076 2096 5126 autem

507 5153 768 5211 Dominus
791 5196 807 5222 ,
840 5163 897 5211 ut
920 5155 1033 5227 ipse
1060 5160 1161 5217 sibi
1194 5161 1445 5232 princeps
1464 5176 1626 5219 causa
1662 5163 1733 5219 sit
1779 5164 2096 5232 amittendi;

506 5248 599 5323 qui
627 5265 748 5307 cum
776 5264 900 5305 reos
931 5265 1000 5305 ex
1020 5255 1288 5311 sententia
1316 5252 1420 5310 sibi
1453 5253 1804 5326 vindicasset,
1828 5270 2099 5331 usurpan-

598 5426 650 5505 1)
690 5433 861 5494 Codd.
884 5436 1115 5493 credant.

599 5507 656 5581 ξ)
695 5509 863 5564 Codd.
886 5510 1234 5581 oppressione.

581 5579 663 5650 (5)
686 5579 933 5653 _l_iarnch.
968 5600 1050 5649 tu,
1083 5583 1175 5642 56.
1204 5597 1323 5653 seq.
1376 5580 1444 5638 Et
1492 5590 1743 5640 notemus
1785 5582 2096 5653 antiquissi:

510 5644 654 5727 mam
686 5650 944 5727 Victorini
972 5644 1142 5713 nostri
1178 5644 1556 5713 aueioritatem
1592 5669 1692 5727 pro
1719 5653 1898 5711 divina
1918 5644 2097 5715 'Baru1

503 5723 591 5778 chi
620 5724 921 5793 prophetia.

578 5794 660 5870 (ιι)
698 5794 742 5852 l.
776 5794 918 5855 Petr.
949 5817 1009 5870 ιι,
1041 5800 1129 5861 ΞΞ.

1626 5812 1710 5835 ..μμ
1763 5799 1909 5835 ι-ιμι)
1941 5808 2019 5843 ιιι

2199 4682 2279 4727 me
2305 4671 2471 4728 bibere
2488 4714 2501 4736 .
2535 4686 2653 4727 cum
2680 4674 2777 4727 sim
2803 4674 2984 4728 mulier
3007 4677 3324 4731 samaritatta
3344 4677 3370 4731 Ζ)
3415 4676 3486 4731 Et
3508 4676 3663 4734 Jesus
3702 4698 3782 4735 re-

2198 4770 2405 4842 spondit
2432 4770 2553 4825 illi:
2582 4771 2624 4825 si
2651 4772 2807 4826 scires
2833 4771 3025 4827 donum
3063 4772 3190 4842 Dei,
3246 4782 3295 4829 et
3339 4775 3455 4846 quis
3482 4787 3556 4831 est
3584 4778 3672 4847 qui
3700 4776 3790 4832 tibi

2150 4882 2153 4885 ·
2201 4864 2370 4919 dixit:
2397 4865 2464 4919 da
2489 4865 2614 4920 milti
2633 4865 2837 4931 bibere;
2866 4875 2921 4921 tu
2950 4867 3112 4940 magis
3142 4866 3369 4938 petiisscs
3390 4887 3526 4937 eum,
3548 4882 3595 4926 et
3618 4872 3785 4927 dedis-

2200 4965 2272 5012 set
2302 4954 2393 5012 tibi
2420 4973 2607 5028 aquam
2634 4958 2818 5015 uiuam.
2849 4957 2920 5014 Et
2949 4960 3079 5015 dixit
3124 4960 3206 5016 illi
3252 4962 3435 5018 mulier
3456 4980 3478 5017 :
3523 4962 3739 5020 Domine
3760 5008 3777 5031 ,

2200 5067 2362 5124 neque
2389 5068 2599 5107 urceum
2628 5053 2816 5122 habes,
2849 5063 2895 5109 et
2920 5064 3105 5125 puteus
3146 5054 3284 5111 altus
3305 5064 3411 5123 est;
3467 5060 3601 5115 unde
3639 5060 3793 5115 italia

2201 5162 2390 5219 aquam
2417 5148 2579 5204 uiuam
2605 5146 2731 5203 milii
2760 5148 2924 5205 dare?
2955 5147 3039 5205 Ne
3075 5155 3129 5204 tu
3156 5154 3326 5224 major
3350 5153 3421 5207 sis
3450 5163 3598 5226 patre
3617 5162 3793 5213 nostra

2200 5238 2363 5295 Iacob
2384 5282 2400 5307 ,
2428 5241 2668 5309 quoniam
2692 5241 2803 5313 ipse
2822 5240 2963 5298 dedit
2983 5242 3126 5300 nobis
3167 5252 3377 5314 puteum
3416 5247 3482 5300 de
3508 5263 3620 5318 quo
3638 5248 3797 5303 bibat

2203 5349 2321 5389 cum
2351 5333 2474 5404 ﬁliis
2501 5334 2608 5390 suis
2635 5343 2683 5390 et
2709 5351 2828 5390 cum
2846 5335 3109 5407 pecoribus
3136 5336 3263 5392 suis.
3284 5335 3797 5412 'tEt'tlessit‘respu3

2277 5506 2878 5579 (υςοάἀ-ρενσιιαηι.
3158 5468 3167 5473 ’
3232 5524 3279 5573 οξ
3326 5472 3411 5563 (ιῖη
3469 5498 3513 5573 ii
3600 5458 3708 5575 ιιςῖ

2299 5577 2356 5650 2)
2395 5577 2567 5653 godd.
2593 5577 2902 5653 admitteret.
3248 5596 3391 5645 κιρν.⁸
3469 5598 3511 5619 ιι
3576 5600 3605 5616 αι

2299 5648 2358 5722 5)
2399 5648 2689 5722 Qodd.atl.
3384 5667 3431 5692 ..
3504 5684 3511 5689 .
3566 5648 3710 5722 με)

2299 5580 2356 5650 2)
2395 5580 2567 5635 Codd.
2593 5580 2902 5634 admitteret.
3248 5596 3391 5645 κεν.⁸
3469 5598 3511 5619 ιι
3576 5600 3605 5616 η.

2299 5654 2358 5722 5)
2399 5648 2571 5705 Οοάά.
2600 5650 2689 5704 ad.
3384 5667 3431 5692 ιι
3504 5684 3511 5689 .
3566 5668 3612 5717 1.:
3642 5665 3705 5721 ξι

2275 5580 2362 5805 is.)
2399 5721 2560 5805 iis“
2584 5720 3147 5805 είθιιηιηφιεοερίκειο
3464 5739 3523 5792 tt
3567 5718 3705 5805 13:3?

2281 5796 2361 5879 (5)
2403 5796 2614 5885 iiallem
2643 5797 2731 5874 qui
2759 5795 2985 5869 quidem.
3127 5800 3412 5837 οτ-αηωὲ-
3465 5795 3701 5847 unum.
