4106 6184
331 303 352 357 i
367 302 470 358 509

1048 300 1322 356 NOTITIA
1356 288 1717 355 lilS’i‘UlllCA
1764 298 1849 355 DE
1890 296 2043 356 OSIO
2086 300 2416 356 EPISL’OPO
2445 301 2897 357 CORDlJIiENSI.

3485 300 3623 357 1510

331 419 408 471 dit
458 417 526 470 ad
555 414 701 471 illum
727 432 745 470 .'
802 416 982 469 Omnis
1026 417 1112 486 qui
1140 432 1201 469 ex
1247 430 1377 484 aqua
1419 415 1516 469 ista
1545 414 1761 480 biberit,
1795 413 1929 469 sitiet
1959 408 2011 479 Α
2038 414 2180 471 Dixit
2202 426 2248 471 et
2276 416 2411 471 stetit
2432 412 2645 487 spiritus
2663 417 2927 488 potestatis
2955 459 2968 481 ,
2991 424 3039 471 et
3068 416 3279 471 excitati
3302 428 3417 470 sunt
3441 415 3628 487 ﬂut‘ins

329 512 557 564 iterum:
595 509 681 580 qui
734 521 903 563 autem
954 507 1132 562 biberit
1162 522 1224 563 ex
1252 522 1385 578 aqua
1407 550 1422 573 ,
1445 520 1599 578 quam
1627 520 1718 579 ego
1742 507 1928 561 dedero

329 603 410 657 itii
434 645 450 667 ,
482 616 584 656 non
607 601 742 655 sitiet
771 601 827 654 in
856 609 1099 655 tetermtm
1121 616 1141 667 ;
1170 603 1260 655 sed
1302 602 1395 655 erit
1417 602 1533 672 fons
1569 615 1715 672 aqua:
1741 598 1927 654 salien-

331 698 397 751 tis
425 696 479 750 in
507 696 661 750 vitam
689 704 950 749 (sternam.
986 693 1129 766 Ergo
1157 708 1264 748 non
1294 693 1505 748 sitierat
1528 693 1772 761 accipere
1793 734 1808 757 ,
1834 689 1929 748 sed

331 788 466 843 dare
492 830 505 852 ,
536 789 627 859 qui
651 786 886 841 divinam
918 783 996 859 (l)
1050 784 1411 856 promittendo
1442 784 1611 841 dedit.
1645 784 1721 840 ita
1744 789 1802 838 ut
1840 792 1925 838 re-

334 879 459 934 licia
492 879 681 951 hydria
707 894 802 933 sua
828 878 1058 945 mulier,
1101 878 1267 934 oblita
1317 877 1437 933 sitis
1469 876 1665 933 veteris
1690 919 1703 941 ,
1739 877 1929 934 Sama-

331 973 426 1027 ritc
454 972 666 1028 Castoris
698 971 1054 1029 Samaritanis
1078 970 1366 1026 adventum
1396 969 1560 1040 ipsius
1590 967 1926 1041 praedicaret.

332 1066 448 1122 Hoc
475 1066 693 1122 sitiebat
724 1064 983 1121 Dominus
1022 1065 1221 1121 docere
1258 1065 1572 1127 mulierem,
1629 1077 1789 1133 quam
1820 1062 1929 1133 jam

330 1161 534 1218 sciebat
557 1166 678 1216 esse
702 1171 976 1229 paratam:
1009 1172 1117 1214 non
1147 1172 1340 1229 aquam
1375 1164 1644 1213 terrenam
1697 1163 1887 1227 petens
1913 1192 1928 1219 ,

330 1252 428 1311 sed
460 1266 523 1308 ex
551 1252 811 1322 petitiune
836 1248 971 1306 dans
998 1261 1191 1323 aquam
1221 1251 1401 1306 vivam
1422 1292 1437 1319 ,
1470 1262 1591 1321 qua:
1615 1248 1819 1304 fontem
1853 1246 1932 1304 ie-

329 1346 404 1401 cit
428 1345 710 1400 salientem
745 1345 797 1398 in
822 1345 987 1399 vitam
1014 1352 1299 1399 mternam.

402 1436 595 1493 XXVI.
639 1437 821 1494 Sitivit
849 1438 1043 1492 iterum
1072 1437 1123 1491 in
1145 1449 1308 1492 cruce
1337 1434 1496 1490 Jesus
1515 1475 1531 1502 ,
1584 1441 1639 1489 et
1658 1432 1928 1489 exclama-

330 1528 451 1585 vit:
478 1528 635 1585 Sitio.
669 1528 776 1584 Sed
806 1541 969 1583 causa
1000 1527 1119 1583 sitis
1149 1527 1268 1598 ejus
1306 1525 1424 1581 lucc
1468 1524 1588 1580 fuit.
1635 1522 1932 1580 Crucinxe—

331 1633 453 1677 rant
484 1637 605 1691 eum
631 1663 646 1688 ,
680 1637 783 1677 nec
812 1629 991 1676 tamen
1017 1621 1095 1676 sic
1126 1629 1279 1675 erant
1307 1619 1521 1674 satiati:
1555 1618 1734 1673 adhuc
1762 1616 1928 1672 babe-

330 1712 461 1768 bant
489 1722 714 1784 peccare
738 1730 752 1766 :
777 1724 829 1768 et
852 1727 976 1767 cum
1004 1713 1056 1766 in
1084 1725 1237 1781 pmna
1262 1710 1449 1778 positis
1469 1712 1630 1767 etiam
1655 1709 1811 1764 malis
1833 1702 1931 1764 ho-

2032 513 2163 583 ejus.
2195 507 2349 578 Quod
2377 520 2556 564 autem
2590 510 2633 564 is
2659 509 3116 579 dispensationem
3146 527 3358 565 omnem
3387 554 3402 575 ,
3437 513 3505 565 ita
3537 526 3629 583 ge—

2032 601 2232 665 rcndo,
2264 602 2615 673 compleverit
2646 618 2741 674 per
2769 614 3027 670 mortem,
3068 616 3500 675 ascensum-que
3540 620 3625 660 es-

2031 702 2115 750 set
2150 693 2215 750 ad
2240 697 2443 763 eteius,
2479 694 2622 751 illico
2676 696 2752 769 (Ι)
2809 696 3082 767 subiunxit
3132 696 3317 751 dicens
3345 715 3358 750 :
3385 696 3626 751 Ascendit

2032 796 2193 857 usque
2218 787 2288 843 ad
2308 782 2493 857 eteius,
2531 796 2576 842 et
2616 786 2879 842 descendit
2906 796 3062 860 usque
3091 789 3159 843 ad
3183 789 3413 860 nbgstos.

2108 877 2319 935 XXVII.
2361 878 2429 935 Et
2462 880 2563 936 hoc
2592 887 2767 936 tamen
2798 882 2921 936 licet
2942 894 2969 933 a
3000 880 3181 935 divino
3211 880 3398 952 Spiritu
3426 876 3624 937 dictum

2032 972 2360 1029 credendum
2392 982 2506 1040 eSt;
2538 983 2714 1029 tamen
2743 1016 2757 1040 ,
2788 984 2848 1029 ut
2872 982 3068 1030 caetera
3095 1016 3109 1040 ,
3142 975 3302 1030 etiam
3337 976 3437 1030 hoc
3484 975 3624 1047 phy-

2032 1065 2158 1121 sicis
2188 1064 2484 1121 rationibus
2514 1066 2695 1136 paucis
2732 1066 3153 1139 comprobemus
3199 1066 3298 1140 (Ξ).
3342 1067 3627 1123 Liberatus

2032 1176 2060 1215 a
2092 1170 2266 1215 morte
2299 1158 2550 1230 passione
2577 1158 2842 1215 dominica
2869 1175 2967 1216 nos
2990 1161 3183 1215 iterum
3216 1162 3281 1216 ad
3308 1159 3626 1217 immortali-

2034 1255 2159 1309 tatis
2190 1260 2388 1310 statum
2416 1250 2703 1322 perduxit;
2731 1264 2793 1309 ac
2818 1268 2916 1309 nos
2951 1253 3097 1324 prius
3127 1256 3332 1310 caelesti
3367 1255 3621 1326 ituparm,

2034 1360 2176 1404 nunc
2204 1340 2516 1404 caelestibus
2547 1344 2793 1402 sociavit.
2828 1344 3155 1415 Quibusdam
3187 1356 3363 1403 tamen
3394 1347 3494 1403 hoc
3540 1348 3619 1403 vi-

2032 1441 2190 1496 detur
2215 1439 2471 1511 injustum
2497 1455 2512 1506 ;
2541 1456 2644 1494 non
2674 1440 2795 1511 quia
2823 1454 2926 1494 non
2957 1448 3135 1509 potest
3163 1439 3334 1507 Deus,
3366 1441 3462 1496 sed
3503 1440 3625 1511 quia

2028 1533 2250 1605 justitiae
2277 1544 2387 1588 sum
2418 1544 2523 1586 non
2549 1532 2841 1587 convenire
2863 1532 3110 1587 videatur
3134 1575 3149 1599 ,
3181 1548 3301 1588 cum
3335 1534 3617 1604 prompta-

2032 1632 2173 1680 stum
2201 1626 2358 1695 culpa
2389 1620 2565 1680 adhuc
2594 1636 2825 1680 Vacuum
2853 1636 2907 1679 et
2938 1638 2966 1678 a
2995 1622 3224 1681 crimine
3254 1625 3514 1690 alit-num,
3542 1641 3627 1696 pa-

2034 1717 2198 1772 radisi
2249 1722 2455 1771 tantum
2509 1714 2788 1770 dominum
2845 1716 3222 1785 praestitisset,
3281 1715 3386 1772 hoc
3425 1715 3624 1772 donum

329 1805 567 1861 minibus
593 1806 898 1861 communis
925 1813 1130 1859 natura;
1155 1804 1381 1860 uti‘ectus
1411 1803 1779 1860 misericordia
1829 1804 1923 1858 de-
1954 1814 2002 1875 Β
2036 1810 2125 1866 Dei
2152 1816 2465 1880 competens
2490 1808 2812 1880 indicando;
2843 1822 2985 1865 nunc
3034 1818 3154 1880 post
3203 1816 3481 1881 peccatum
3540 1809 3624 1867 of.

330 1902 559 1967 bentur;
588 1900 743 1967 huic,
773 1902 928 1970 cujus
960 1903 1013 1956 in
1034 1900 1287 1956 curandis
1331 1899 1729 1954 inﬁrmitatibus
1758 1897 1927 1954 bettea

329 1993 453 2049 licia
482 2004 796 2059 senserant,
829 2007 1098 2064 quemque
1131 1997 1248 2049 sine
1278 1994 1515 2049 crimine
1554 1992 1925 2062 oppetissent,

328 2094 521 2140 contra
552 2087 855 2141 naturalem
905 2085 1293 2141 misericordia:
1350 2094 1551 2140 motutn
1603 2086 1765 2141 etiam
1809 2091 1930 2153 post

326 2194 548 2235 crucem
579 2176 945 2247 insuitabanl;
993 2180 1046 2235 in
1082 2188 1287 2236 tantum
1333 2182 1536 2253 impleti
1565 2181 1754 2251 spiritu
1785 2179 1931 2236 furo-

326 2273 439 2339 ris,
471 2279 533 2327 ut
557 2272 830 2328 sitientem
863 2284 1111 2343 potarent
1137 2282 1312 2330 aceto.
1337 2276 1404 2331 Et
1430 2274 1520 2344 qui
1548 2275 1932 2344 pratnptoanid

326 2380 421 2420 mo
449 2366 755 2435 passimtem
778 2367 1045 2437 suscepit,
1076 2378 1174 2423 nec
1207 2369 1309 2424 hoc
1355 2368 1553 2424 invitus
1600 2366 1842 2437 accepit:
1874 2366 1929 2423 et

324 2470 592 2531 quantum
617 2462 695 2517 illi
724 2463 1041 2519 audaciores
1069 2466 1135 2519 ad
1163 2465 1438 2520 iitt'crcnda
1470 2467 1729 2535 snppiiCia
1755 2508 1770 2532 ,
1804 2472 1927 2521 tan-

327 2562 446 2607 tum
491 2552 583 2609 ille
625 2553 693 2609 ad
741 2554 1137 2623 suscipiendam
1191 2556 1440 2626 injuriam
1490 2557 1669 2612 mitis:
1699 2562 1926 2627 quurnm

321 2643 551 2700 malitia:
577 2654 743 2715 opera
774 2646 1040 2716 aspiciens
1068 2647 1297 2702 necdum
1329 2658 1451 2703 esse
1494 2645 1760 2719 completa
1788 2689 1801 2713 ,
1835 2658 1930 2703 ex-

320 2736 613 2792 clamavit:
644 2736 798 2793 Sitio.
832 2738 934 2807 ραι
960 2738 1027 2794 ad
1057 2739 1483 2796 cumulationem
1514 2740 1725 2810 injuria!
1756 2783 1771 2807 ,
1804 2755 1928 2796 ace-

322 2839 442 2885 tum
464 2829 731 2885 dederunt
755 2848 770 2886 ι
803 2842 908 2886 nun
936 2840 1115 2887 tamen
1139 2832 1255 2901 ipse
1277 2842 1336 2887 ut
1361 2844 1572 2889 acetum
1601 2835 1924 2903 ingererent,

322 2923 682 2993 provocavit;
713 2923 811 2978 sed
835 2924 978 2996 quod
1004 2924 1082 2979 illi
1111 2926 1163 2979 ei
1188 2922 1489 2991 dederunt,
1523 2934 1714 2996 sponte
1744 2932 1927 2981 susce-

322 3015 429 3088 pit.
464 3015 610 3070 Talis
639 3016 850 3071 Domini
878 3019 1018 3075 sitis.
1045 3019 1284 3090 Denique
1306 3024 1531 3088 accepto
1562 3017 1885 3074 exclamavit
1910 3034 1924 3075 :

327 3107 751 3161 Cousummotum
772 3118 866 3163 est.
900 3108 968 3163 Et
997 3112 1236 3164 continuo
1266 3110 1489 3165 reddidit
1511 3111 1765 3183 spiritum.
1795 3108 1927 3165 Dor-

2031 1902 2443 1972 fensiottemque
2474 1910 2728 1957 revocato
2753 1945 2767 1967 ,
2799 1912 2919 1956 cum
2954 1916 3059 1956 non
3092 1910 3237 1957 esset
3263 1916 3452 1973 parum
3483 1902 3546 1957 ad
3574 1902 3624 1959 id

2031 1994 2261 2052 rediisse
2290 1994 2432 2066 quod
2457 1993 2662 2061 fuerat,
2691 2002 2745 2049 ct
2782 1990 3024 2051 coelestia
3059 2010 3219 2065 regna
3270 1997 3620 2053 concesserit.

2031 2086 2183 2156 Quod
2218 2094 2394 2141 tamen
2423 2085 2783 2156 iustissimum
2806 2085 3202 2156 comprobatur.
3230 2086 3285 2143 Si
3307 2084 3447 2142 enim
3476 2089 3626 2158 prius

2029 2180 2200 2250 gratia
2231 2184 2323 2234 sua
2346 2220 2361 2246 ,
2396 2176 2554 2233 nullis
2583 2176 2886 2233 devotionis
2914 2175 3107 2234 ciliciis
3141 2182 3489 2249 promerenti,
3526 2196 3618 2251 pa-

2032 2272 2196 2327 radisi
2223 2271 2409 2328 sedent
2441 2270 2643 2326 homini
2675 2278 3049 2337 concesserat;
3096 2272 3276 2342 utique
3318 2286 3460 2329 nunc
3494 2288 3625 2328 con-

2034 2372 2115 2419 tra
2143 2365 2528 2434 impatientiam
2558 2364 2739 2419 carnis
2780 2376 2844 2419 ac
2873 2362 3141 2420 desideria
3186 2364 3483 2437 iniquitatis
3515 2365 3623 2435 iam

2031 2466 2175 2511 mota
2200 2499 2215 2523 ,
2244 2466 2433 2513 eontra
2461 2455 2643 2511 mundi
2673 2456 2968 2527 principem
2998 2462 3052 2512 e't
3080 2465 3374 2527 potestates
3398 2457 3515 2528 ejus
3542 2470 3627 2514 rc-

2031 2554 2354 2620 pngnantem
2376 2586 2391 2613 ,
2426 2549 2627 2603 smculo
2655 2548 2890 2615 calcato;
2913 2550 3132 2605 eteieste
3161 2551 3436 2620 praemium
3457 2566 3623 2621 onor-

2033 2642 2134 2697 tnit
2163 2646 2487 2710 repensare:
2520 2648 2579 2695 ut
2608 2649 2657 2695 et
2688 2641 2734 2696 is
2762 2643 2850 2711 qni
2871 2684 2885 2704 ,
2934 2641 3195 2698 imitando
3230 2642 3428 2710 Deum,
3460 2645 3624 2701 vitam

2031 2734 2267 2790 divinam
2306 2735 2358 2787 in
2391 2733 2548 2789 terris
2573 2733 2762 2789 habuit
2782 2735 3109 2791 conStitutus
3137 2736 3189 2790 in
3218 2751 3469 2808 corpore,
3500 2748 3623 2793 cum

2031 2826 2224 2882 eodem
2257 2838 2485 2894 corpore
2502 2827 2615 2894 jam
2643 2826 2937 2880 immortali
2965 2826 3105 2882 facto
3135 2828 3303 2884 oculos
3331 2827 3623 2898 habitaret,

2026 2921 2138 2992 jant
2172 2919 2405 2974 terrenis
2431 2918 2679 2974 sublatis.
2716 2919 2916 2974 Deinde
2940 2918 3007 2974 ad
3053 2919 3212 2989 hujus
3240 2922 3480 2977 muneris
3500 2936 3628 2976 can-

2031 3026 2145 3069 sattt
2178 3014 2307 3069 illud
2337 3011 2578 3079 accedit,
2610 3015 2752 3084 quod
2788 3013 3005 3085 dignum
3036 3014 3120 3069 est
3142 3020 3360 3071 carnem
3390 3016 3626 3072 hominis

2031 3104 2185 3163 caelis
2224 3105 2454 3169 inferre,
2507 3105 2663 3174 cujus
2693 3102 2964 3160 habitator
3024 3106 3165 3161 Deus
3208 3120 3328 3161 esse
3377 3106 3627 3178 dignatus

326 3198 483 3255 mivit
511 3200 671 3253 etiam
702 3198 863 3255 Iesus
883 3239 898 3267 ,
930 3214 1037 3256 non
1068 3212 1259 3261 somno
1295 3205 1471 3257 victus
1517 3208 1575 3257 ut
1611 3203 1886 3258 videretur
1908 3245 1923 3269 ,
1954 3197 2000 3261 C
2032 3202 2150 3256 est:
2183 3210 2286 3254 nec
2316 3206 2494 3268 potest
2520 3198 2691 3254 videri
2721 3199 2994 3254 hominem
3022 3207 3210 3253 contra
3257 3200 3505 3255 meritum
3548 3200 3626 3256 ia-

325 3289 424 3345 sed
452 3299 512 3345 ut
535 3301 679 3346 esset
707 3291 842 3346 ordo
866 3292 1081 3348 virttitis
1105 3286 1392 3350 iaciendas.
1421 3293 1681 3348 Dormivit
1703 3295 1846 3349 enitn
1872 3296 1929 3350 tit

325 3382 641 3438 imitaretur
678 3398 863 3448 mare,
915 3393 973 3439 ut
1013 3384 1260 3455 dlscipttli
1295 3387 1547 3440 timentes
1593 3384 1928 3455 postularent

323 3475 585 3530 auxilium
610 3515 626 3543 ,
657 3483 713 3529 ut
737 3476 1054 3546 impleretur
1082 3476 1364 3547 prophetia
1388 3477 1553 3532 David
1582 3488 1701 3547 quae
1721 3476 1774 3532 in
1800 3490 1928 3532 cett-

331 3565 530 3622 tesinio
554 3577 610 3622 et
632 3575 788 3622 sexto
814 3566 1026 3637 psalmo
1053 3568 1435 3639 pronuntiabat
1465 3569 1681 3625 dicens:
1710 3566 1925 3624 Annuu-

324 3661 518 3714 tientur
536 3672 693 3731 opera
718 3662 829 3732 ejus
856 3664 910 3716 tu
934 3661 1275 3718 exultatione.
1312 3663 1416 3732 Qui
1442 3662 1757 3719 descendunt
1782 3674 1926 3721 ntur'e

320 3755 382 3808 in
409 3753 622 3808 nauibus
642 3795 657 3820 ,
688 3757 774 3825 qui
802 3757 997 3826 (eiciunt
1025 3764 1258 3827 questum
1288 3759 1344 3812 in
1386 3760 1533 3828 aquis
1568 3757 1773 3826 multis,
1819 3756 1925 3829 ipsi

323 3845 560 3901 uiderunt
589 3856 747 3919 opera
770 3847 982 3905 Domini
1022 3856 1068 3905 et
1109 3849 1368 3906 mirdttiiia
1390 3853 1500 3925 ejus
1538 3852 1593 3907 in
1636 3852 1914 3923 profundo.

397 4050 478 4124 (l)
516 4048 612 4108 Vel
636 4051 875 4125 intellige
904 4064 1093 4127 aquam
1116 4099 1131 4124 ,
1175 4053 1262 4112 vel
1290 4054 1470 4112 scribe
1498 4047 1691 4111 diuina.

2029 3303 2176 3347 ctum
2209 3305 2332 3347 esse
2360 3291 2591 3346 incolam
2624 3292 2750 3347 ctuti
2776 3332 2792 3357 ,
2832 3289 2984 3361 cujus
3026 3291 3271 3361 Vaginam
3323 3299 3430 3347 non
3473 3292 3624 3348 dedi-

2028 3396 2221 3457 gnatus
2260 3384 2327 3440 sit
2372 3384 2593 3453 spiritus
2640 3384 2756 3454 ipse
2790 3384 2967 3439 Deus:
2994 3384 3308 3455 iustumque
3357 3384 3458 3440 iuit
3499 3392 3625 3440 eor-

2030 3490 2162 3549 pus,
2194 3478 2247 3533 in
2285 3490 2394 3548 quo
2423 3476 2564 3531 Deus
2593 3475 2882 3531 habitando
2903 3519 2917 3542 ,
2945 3483 3141 3531 terram
3188 3478 3412 3532 visitare
3436 3477 3627 3547 dignas

2031 3579 2115 3626 tus
2160 3578 2271 3635 est,
2328 3579 2425 3640 per
2462 3569 2606 3640 quod
2637 3569 2907 3639 particeps
2946 3569 3116 3624 nostri
3147 3568 3215 3624 ad
3244 3568 3624 3625 immortalita-

2031 3671 2136 3718 tem
2184 3674 2356 3732 genus
2410 3669 2654 3716 nostrum
2709 3660 2987 3730 perduxit,
3044 3656 3283 3717 etiamin
3306 3663 3630 3720 caelestibus

2025 3755 2311 3811 collocare.
2349 3748 2446 3809 Ubi
2480 3762 2709 3824 nemone
2737 3752 2828 3809 Dei
2870 3753 3126 3809 habitatio
3152 3768 3275 3809 esse
3302 3754 3483 3820 debet,
3512 3755 3614 3811 nisi

2023 3847 2078 3903 in
2109 3858 2276 3919 regno
2302 3846 2447 3903 Det?
2479 3845 2580 3903 Ubi
2605 3857 2785 3903 autem
2810 3856 3036 3919 regnum
3065 3847 3181 3919 ejus
3213 3849 3314 3904 nisi
3342 3848 3394 3904 in
3426 3850 3619 3907 editis?

2095 3983 2174 4058 (ί)
2215 3980 2383 4058 Codd.
2406 3972 2538 4041 loco.

2095 3986 2149 4058 (ly
2215 3983 2383 4040 Codd.
2406 3985 2538 4041 loco.

2093 3983 2174 4132 (εἰ
2213 4052 2382 4112 Codd.
2422 4057 2829 4130 comprobatum.

1560 4315 1700 4359 ANNO
1728 4314 1910 4359 11011141
1933 4317 2379 4362 οσοινιιοοαινιι.

1593 4457 2346 4626 OSIUS

793 4712 1772 4854 EPISCOPUS
1886 4718 3179 4868 CORDUBENSIS.

1467 5040 2482 5137 PROLEGOMENA.

878 5170 1215 5245 NOTITIA
1255 5178 1692 5245 HISTORICA
1734 5174 1840 5242 DE
1884 5174 2070 5245 OSIO
2110 5184 2498 5249 EPISCOPO
2531 5184 3056 5254 CORDUBENSI.

1390 5292 1410 5362 (
1437 5288 1520 5345 Ba:
1563 5286 1808 5345 ϐοείοηά.
1837 5288 2223 5364 Protegomeu.,
2251 5302 2407 5365 caput
2440 5310 2492 5350 ιι.
2528 5294 2550 5369 )

385 5409 573 5466 Osium
600 5451 615 5478 ,
658 5417 818 5480 gente
865 5410 1157 5482 Hispanum
1187 5454 1204 5479 ,
1257 5413 1543 5470 ecclesiam
1601 5398 1915 5493 Corduben-

303 5520 432 5563 sem
461 5505 514 5561 in
537 5503 810 5576 provincia
838 5502 1037 5561 Bmtica
1067 5512 1163 5575 per
1185 5522 1358 5562 annos
1380 5505 1549 5564 ierme
1576 5506 1915 5581 septuaginta

301 5597 523 5657 rexisse
561 5605 898 5667 compertum
951 5596 1231 5655 habemus.
1276 5596 1565 5656 Innumera
1592 5602 1763 5672 prope
1790 5608 1916 5660 sunt

302 5690 425 5749 Osii
472 5690 668 5763 elogia,
699 5705 820 5763 quat
840 5690 982 5763 apud
1003 5700 1220 5749 veteres
1238 5701 1477 5749 exstant.
1501 5678 1764 5753 Eusebius
1797 5682 1907 5770 (l):

379 5802 469 5889 ςι)
496 5804 682 5864 Euseb.
716 5804 795 5865 De
818 5804 926 5868 Vit.
949 5804 1255 5881 Consum,
1274 5807 1312 5868 l.
1336 5823 1418 5881 tu,
1446 5823 1497 5867 c.
1535 5809 1586 5866 7.

2026 5435 2046 5470 ι
2079 5417 2171 5473 Vir
2199 5418 2317 5487 iuit,
2374 5419 2567 5493 inquit,
2602 5421 2776 5479 multo
2804 5422 3044 5478 omnium
3076 5428 3330 5476 sermone
3379 5413 3617 5471 celebra-

2019 5519 2135 5579 tus,
2170 5531 2189 5565 ι
2223 5512 2249 5568 ὁ
2275 5515 2408 5570 πάνυ
2428 5515 2701 5589 βοώμωος.
2726 5515 2910 5587 Neque
2941 5512 3100 5569 aliter
3119 5506 3480 5567 Tlteodoritus
3507 5506 3608 5582 (2),

2016 5602 2103 5659 cui
2123 5603 2318 5660 dicitur
2339 5624 2357 5659 ι
2380 5609 2620 5663 omnium
2640 5608 2800 5681 longe
2819 5606 3152 5663 clarissimus
3180 5617 3345 5659 senex
3369 5602 3387 5655 ὀ
3416 5602 3619 5659 πάντων

2013 5878 2019 5882 .
2087 5809 2437 5901 (Ξηνιεοᾴον.
2470 5792 2608 5879 Hist.
2636 5814 2860 5896 coclea,
2892 5813 2930 5872 l.
2960 5828 3020 5884 it,
3045 5826 3095 5871 c.
3127 5812 3215 5887 15.
