  <div class='ocr_page' id='page_1' title='image "/cluster/home/n/w/nwhite01/storage/ocr_20150623/8/hvd.32044096580360/669.png"; bbox 0 0 4106 6184; ppageno 0'>
   <div class='ocr_carea' id='block_1_1' title="bbox 544 245 672 302">
    <p class='ocr_par' dir='ltr' id='par_1_1' title="bbox 544 245 672 302">
     <span class='ocr_line' id='line_1_1' title="bbox 544 245 672 302; baseline -0.023 0"><span class='ocrx_word' id='word_1_1' title='bbox 544 245 672 302; x_wconf 74' lang='grc'>1311</span> 
     </span>
    </p>
   </div>
   <div class='ocr_carea' id='block_1_2' title="bbox 1695 242 2830 303">
    <p class='ocr_par' dir='ltr' id='par_1_2' title="bbox 1695 242 2830 303">
     <span class='ocr_line' id='line_1_2' title="bbox 1695 242 2830 303; baseline 0.004 -5"><span class='ocrx_word' id='word_1_2' title='bbox 1695 242 1893 299; x_wconf 79' lang='lat' dir='ltr'><strong>OSIUS</strong></span> <span class='ocrx_word' id='word_1_3' title='bbox 1934 242 2298 298; x_wconf 76' lang='lat' dir='ltr'><strong>EPISCOPUS</strong></span> <span class='ocrx_word' id='word_1_4' title='bbox 2337 244 2830 303; x_wconf 68' lang='lat' dir='ltr'><strong>CORDUBENSIS.</strong></span> 
     </span>
    </p>
   </div>
   <div class='ocr_carea' id='block_1_3' title="bbox 3649 258 3753 314">
    <p class='ocr_par' dir='ltr' id='par_1_3' title="bbox 3649 258 3753 314">
     <span class='ocr_line' id='line_1_3' title="bbox 3649 258 3753 314; baseline 0.029 -3"><span class='ocrx_word' id='word_1_5' title='bbox 3649 258 3753 314; x_wconf 66' lang='grc' dir='ltr'>ιδιξ</span> 
     </span>
    </p>
   </div>
   <div class='ocr_carea' id='block_1_4' title="bbox 550 358 2163 443">
    <p class='ocr_par' dir='ltr' id='par_1_4' title="bbox 550 361 2150 443">
     <span class='ocr_line' id='line_1_4' title="bbox 550 361 2150 443; baseline -0.004 -21"><span class='ocrx_word' id='word_1_6' title='bbox 550 367 772 438; x_wconf 78' lang='grc' dir='ltr'>μάλιστα</span> <span class='ocrx_word' id='word_1_7' title='bbox 792 369 1070 443; x_wconf 74' lang='grc' dir='ltr'><strong>περιφανὴς</strong></span> <span class='ocrx_word' id='word_1_8' title='bbox 1099 362 1306 441; x_wconf 77' lang='grc' dir='ltr'>ὁγέρων</span> <span class='ocrx_word' id='word_1_9' title='bbox 1330 378 1342 419; x_wconf 87' lang='lat'><strong>:</strong></span> <span class='ocrx_word' id='word_1_10' title='bbox 1363 361 1605 431; x_wconf 87' lang='lat' dir='ltr'><strong>adeoque</strong></span> <span class='ocrx_word' id='word_1_11' title='bbox 1749 372 1858 417; x_wconf 90' lang='lat' dir='ltr'><strong>tum</strong></span> <span class='ocrx_word' id='word_1_12' title='bbox 1885 361 1955 416; x_wconf 80' lang='lat' dir='ltr'><strong>ob</strong></span> <span class='ocrx_word' id='word_1_13' title='bbox 1976 362 2150 416; x_wconf 50' lang='lat' dir='ltr'><strong>aetatis</strong></span> 
     </span>
    </p>
   </div>
   <div class='ocr_carea' id='block_1_5' title="bbox 2280 358 3765 443">
    <p class='ocr_par' dir='ltr' id='par_1_5' title="bbox 2333 361 3765 434">
     <span class='ocr_line' id='line_1_5' title="bbox 2333 361 3765 434; baseline 0.012 -18"><span class='ocrx_word' id='word_1_14' title='bbox 2333 361 2394 417; x_wconf 93' lang='lat' dir='ltr'><strong>ll.</strong></span> <span class='ocrx_word' id='word_1_15' title='bbox 2428 363 2610 418; x_wconf 86' lang='lat' dir='ltr'><strong>Talem</strong></span> <span class='ocrx_word' id='word_1_16' title='bbox 2663 365 2840 432; x_wconf 78' lang='lat' dir='ltr'><strong>itaque</strong></span> <span class='ocrx_word' id='word_1_17' title='bbox 2895 381 2956 421; x_wconf 88' lang='lat' dir='ltr'><strong>ac</strong></span> <span class='ocrx_word' id='word_1_18' title='bbox 3000 375 3204 421; x_wconf 88' lang='lat' dir='ltr'><strong>tantum</strong></span> <span class='ocrx_word' id='word_1_19' title='bbox 3237 369 3418 434; x_wconf 90' lang='lat' dir='ltr'><strong>virum,</strong></span> <span class='ocrx_word' id='word_1_20' title='bbox 3476 373 3765 433; x_wconf 81' lang='lat' dir='ltr'><strong>confessionis</strong></span> 
     </span>
    </p>
   </div>
   <div class='ocr_carea' id='block_1_6' title="bbox 553 453 3765 530">
    <p class='ocr_par' dir='ltr' id='par_1_6' title="bbox 553 453 3765 530">
     <span class='ocr_line' id='line_1_6' title="bbox 553 453 3765 530; baseline 0.003 -17"><span class='ocrx_word' id='word_1_21' title='bbox 553 458 990 530; x_wconf 66' lang='lat' dir='ltr'><strong>praerogativam,</strong></span> <span class='ocrx_word' id='word_1_22' title='bbox 1041 466 1149 511; x_wconf 90' lang='lat' dir='ltr'><strong>tum</strong></span> <span class='ocrx_word' id='word_1_23' title='bbox 1199 457 1270 510; x_wconf 88' lang='lat' dir='ltr'><strong>ob</strong></span> <span class='ocrx_word' id='word_1_24' title='bbox 1299 455 1693 510; x_wconf 80' lang='lat' dir='ltr'><strong>confessionem</strong></span> <span class='ocrx_word' id='word_1_25' title='bbox 1745 453 1866 509; x_wconf 91' lang='lat' dir='ltr'><strong>ﬁdei</strong></span> <span class='ocrx_word' id='word_1_26' title='bbox 1890 496 1903 516; x_wconf 90' lang='lat'><strong>,</strong></span> <span class='ocrx_word' id='word_1_27' title='bbox 1939 464 2048 508; x_wconf 89' lang='lat' dir='ltr'><strong>tum</strong></span> <span class='ocrx_word' id='word_1_28' title='bbox 2081 454 2152 510; x_wconf 90' lang='lat' dir='ltr'><strong>ob</strong></span> <span class='ocrx_word' id='word_1_29' title='bbox 2252 456 2420 527; x_wconf 77' lang='lat' dir='ltr'><strong>gloria</strong></span> <span class='ocrx_word' id='word_1_30' title='bbox 2447 457 2501 510; x_wconf 90' lang='lat' dir='ltr'><strong>in</strong></span> <span class='ocrx_word' id='word_1_31' title='bbox 2529 457 2714 526; x_wconf 90' lang='lat' dir='ltr'><strong>primis</strong></span> <span class='ocrx_word' id='word_1_32' title='bbox 2735 459 3186 526; x_wconf 88' lang='lat' dir='ltr'><strong>conspicuum,ad</strong></span> <span class='ocrx_word' id='word_1_33' title='bbox 3220 476 3363 514; x_wconf 91' lang='lat' dir='ltr'><strong>suam</strong></span> <span class='ocrx_word' id='word_1_34' title='bbox 3385 464 3656 530; x_wconf 88' lang='lat' dir='ltr'><strong>pertrahere</strong></span> <span class='ocrx_word' id='word_1_35' title='bbox 3671 483 3765 523; x_wconf 85' lang='lat' dir='ltr'><strong>sen-</strong></span> 
     </span>
    </p>
   </div>
   <div class='ocr_carea' id='block_1_7' title="bbox 553 547 2150 607">
    <p class='ocr_par' dir='ltr' id='par_1_7' title="bbox 553 547 2150 607">
     <span class='ocr_line' id='line_1_7' title="bbox 553 547 2150 607; baseline -0.006 0"><span class='ocrx_word' id='word_1_36' title='bbox 553 560 632 607; x_wconf 92' lang='lat' dir='ltr'><strong>tot</strong></span> <span class='ocrx_word' id='word_1_37' title='bbox 655 566 717 606; x_wconf 91' lang='lat' dir='ltr'><strong>ac</strong></span> <span class='ocrx_word' id='word_1_38' title='bbox 741 559 918 605; x_wconf 90' lang='lat' dir='ltr'><strong>tantos</strong></span> <span class='ocrx_word' id='word_1_39' title='bbox 938 550 1242 605; x_wconf 88' lang='lat' dir='ltr'><strong>exantlatos</strong></span> <span class='ocrx_word' id='word_1_40' title='bbox 1275 547 1485 604; x_wconf 77' lang='lat' dir='ltr'><strong>labores</strong></span> <span class='ocrx_word' id='word_1_41' title='bbox 1511 547 1718 602; x_wconf 85' lang='lat' dir='ltr'><strong>honore</strong></span> <span class='ocrx_word' id='word_1_42' title='bbox 1744 563 1807 600; x_wconf 91' lang='lat' dir='ltr'><strong>ac</strong></span> <span class='ocrx_word' id='word_1_43' title='bbox 1852 547 2150 601; x_wconf 88' lang='lat' dir='ltr'><strong>reverentia</strong></span> 
     </span>
    </p>
   </div>
   <div class='ocr_carea' id='block_1_8' title="bbox 553 640 2152 715">
    <p class='ocr_par' dir='ltr' id='par_1_8' title="bbox 553 640 2152 715">
     <span class='ocr_line' id='line_1_8' title="bbox 553 640 2152 715; baseline -0.003 -15"><span class='ocrx_word' id='word_1_44' title='bbox 553 645 769 715; x_wconf 89' lang='lat' dir='ltr'><strong>dignus.</strong></span> <span class='ocrx_word' id='word_1_45' title='bbox 801 663 819 696; x_wconf 80' lang='grc' dir='ltr'><strong>ι</strong></span> <span class='ocrx_word' id='word_1_46' title='bbox 864 644 920 700; x_wconf 86' lang='lat' dir='ltr'><strong>In</strong></span> <span class='ocrx_word' id='word_1_47' title='bbox 967 644 1213 700; x_wconf 81' lang='lat' dir='ltr'><strong>eamdem</strong></span> <span class='ocrx_word' id='word_1_48' title='bbox 1251 643 1568 697; x_wconf 87' lang='lat' dir='ltr'><strong>sententiam</strong></span> <span class='ocrx_word' id='word_1_49' title='bbox 1600 641 1790 713; x_wconf 86' lang='lat' dir='ltr'><strong>synodi</strong></span> <span class='ocrx_word' id='word_1_50' title='bbox 1818 640 2152 696; x_wconf 79' lang='lat' dir='ltr'><strong>Sardiconsis</strong></span> 
     </span>
    </p>
   </div>
   <div class='ocr_carea' id='block_1_9' title="bbox 555 732 2156 809">
    <p class='ocr_par' dir='ltr' id='par_1_9' title="bbox 555 732 2156 809">
     <span class='ocr_line' id='line_1_9' title="bbox 555 732 2156 809; baseline -0.001 -23"><span class='ocrx_word' id='word_1_51' title='bbox 555 746 735 809; x_wconf 75' lang='lat' dir='ltr'><strong>patres</strong></span> <span class='ocrx_word' id='word_1_52' title='bbox 754 735 831 809; x_wconf 99' lang='lat'><strong>(2)</strong></span> <span class='ocrx_word' id='word_1_53' title='bbox 863 755 884 789; x_wconf 77' lang='lat'><strong>¢</strong></span> <span class='ocrx_word' id='word_1_54' title='bbox 914 737 1145 792; x_wconf 79' lang='lat' dir='ltr'><strong>maxime</strong></span> <span class='ocrx_word' id='word_1_55' title='bbox 1170 735 1490 792; x_wconf 79' lang='lat' dir='ltr'><strong>venerabilis</strong></span> <span class='ocrx_word' id='word_1_56' title='bbox 1512 745 1742 790; x_wconf 69' lang='lat' dir='ltr'><strong>senectae</strong></span> <span class='ocrx_word' id='word_1_57' title='bbox 1759 732 1945 788; x_wconf 90' lang='lat' dir='ltr'><strong>Osium</strong></span> <span class='ocrx_word' id='word_1_58' title='bbox 1966 733 2156 800; x_wconf 65' lang='lat' dir='ltr'><strong>pradi-</strong></span> 
     </span>
    </p>
   </div>
   <div class='ocr_carea' id='block_1_10' title="bbox 553 825 2152 899">
    <p class='ocr_par' dir='ltr' id='par_1_10' title="bbox 553 825 2152 899">
     <span class='ocr_line' id='line_1_10' title="bbox 553 825 2152 899; baseline -0.003 -16"><span class='ocrx_word' id='word_1_59' title='bbox 553 839 691 894; x_wconf 87' lang='lat' dir='ltr'><strong>cant,</strong></span> <span class='ocrx_word' id='word_1_60' title='bbox 719 829 808 899; x_wconf 90' lang='lat' dir='ltr'><strong>qui</strong></span> <span class='ocrx_word' id='word_1_61' title='bbox 840 836 893 882; x_wconf 90' lang='lat' dir='ltr'><strong>et</strong></span> <span class='ocrx_word' id='word_1_62' title='bbox 920 837 1136 898; x_wconf 84' lang='lat' dir='ltr'><strong>propter</strong></span> <span class='ocrx_word' id='word_1_63' title='bbox 1156 837 1369 882; x_wconf 68' lang='lat' dir='ltr'><strong>tntatem</strong></span> <span class='ocrx_word' id='word_1_64' title='bbox 1401 839 1453 882; x_wconf 91' lang='lat' dir='ltr'><strong>et</strong></span> <span class='ocrx_word' id='word_1_65' title='bbox 1483 825 1882 881; x_wconf 83' lang='lat' dir='ltr'><strong>confessionem</strong></span> <span class='ocrx_word' id='word_1_66' title='bbox 1927 836 1982 880; x_wconf 91' lang='lat' dir='ltr'><strong>et</strong></span> <span class='ocrx_word' id='word_1_67' title='bbox 2023 825 2152 879; x_wconf 90' lang='lat' dir='ltr'><strong>tanti</strong></span> 
     </span>
    </p>
   </div>
   <div class='ocr_carea' id='block_1_11' title="bbox 555 919 2155 992">
    <p class='ocr_par' dir='ltr' id='par_1_11' title="bbox 555 919 2155 992">
     <span class='ocr_line' id='line_1_11' title="bbox 555 919 2155 992; baseline -0.001 -16"><span class='ocrx_word' id='word_1_68' title='bbox 555 923 818 992; x_wconf 87' lang='lat' dir='ltr'><strong>temporis</strong></span> <span class='ocrx_word' id='word_1_69' title='bbox 851 922 1128 991; x_wconf 82' lang='lat' dir='ltr'><strong>probatam</strong></span> <span class='ocrx_word' id='word_1_70' title='bbox 1159 921 1342 984; x_wconf 84' lang='lat' dir='ltr'><strong>ﬁdem.</strong></span> <span class='ocrx_word' id='word_1_71' title='bbox 1379 931 1584 976; x_wconf 90' lang='lat' dir='ltr'><strong>tantum</strong></span> <span class='ocrx_word' id='word_1_72' title='bbox 1625 920 1867 974; x_wconf 86' lang='lat' dir='ltr'><strong>laborem</strong></span> <span class='ocrx_word' id='word_1_73' title='bbox 1899 919 1949 974; x_wconf 88' lang='lat' dir='ltr'><strong>id</strong></span> <span class='ocrx_word' id='word_1_74' title='bbox 1981 919 2155 974; x_wconf 60' lang='lat' dir='ltr'><strong>aetatis</strong></span> 
     </span>
    </p>
   </div>
   <div class='ocr_carea' id='block_1_12' title="bbox 559 1013 2155 1086">
    <p class='ocr_par' dir='ltr' id='par_1_12' title="bbox 559 1013 2155 1086">
     <span class='ocr_line' id='line_1_12' title="bbox 559 1013 2155 1086; baseline -0.001 -18"><span class='ocrx_word' id='word_1_75' title='bbox 559 1028 660 1086; x_wconf 91' lang='lat' dir='ltr'><strong>pro</strong></span> <span class='ocrx_word' id='word_1_76' title='bbox 708 1013 966 1068; x_wconf 69' lang='lat' dir='ltr'><strong>Ecclesia:</strong></span> <span class='ocrx_word' id='word_1_77' title='bbox 999 1014 1229 1069; x_wconf 85' lang='lat' dir='ltr'><strong>utilitate</strong></span> <span class='ocrx_word' id='word_1_78' title='bbox 1260 1015 1537 1080; x_wconf 80' lang='lat' dir='ltr'><strong>sustinuit,</strong></span> <span class='ocrx_word' id='word_1_79' title='bbox 1565 1023 1621 1068; x_wconf 90' lang='lat' dir='ltr'><strong>ut</strong></span> <span class='ocrx_word' id='word_1_80' title='bbox 1657 1015 1803 1067; x_wconf 89' lang='lat' dir='ltr'><strong>omni</strong></span> <span class='ocrx_word' id='word_1_81' title='bbox 1857 1013 2155 1067; x_wconf 86' lang='lat' dir='ltr'><strong>reverentia</strong></span> 
     </span>
    </p>
   </div>
   <div class='ocr_carea' id='block_1_13' title="bbox 562 1105 2153 1176">
    <p class='ocr_par' dir='ltr' id='par_1_13' title="bbox 562 1105 2153 1176">
     <span class='ocr_line' id='line_1_13' title="bbox 562 1105 2153 1176; baseline -0.001 -16"><span class='ocrx_word' id='word_1_82' title='bbox 562 1105 907 1176; x_wconf 84' lang='lat' dir='ltr'><strong>dignissimus</strong></span> <span class='ocrx_word' id='word_1_83' title='bbox 935 1106 1207 1161; x_wconf 81' lang='lat' dir='ltr'><strong>habeatur.</strong></span> <span class='ocrx_word' id='word_1_84' title='bbox 1250 1126 1267 1158; x_wconf 79' lang='grc' dir='ltr'><strong>ι</strong></span> <span class='ocrx_word' id='word_1_85' title='bbox 1305 1106 1410 1162; x_wconf 89' lang='lat' dir='ltr'><strong>Sed</strong></span> <span class='ocrx_word' id='word_1_86' title='bbox 1443 1106 1696 1161; x_wconf 91' lang='lat' dir='ltr'><strong>utomnia</strong></span> <span class='ocrx_word' id='word_1_87' title='bbox 1711 1106 2153 1175; x_wconf 86' lang='lat' dir='ltr'><strong>complectamur,</strong></span> 
     </span>
    </p>
   </div>
   <div class='ocr_carea' id='block_1_14' title="bbox 563 1200 2158 1271">
    <p class='ocr_par' dir='ltr' id='par_1_14' title="bbox 563 1200 2158 1271">
     <span class='ocr_line' id='line_1_14' title="bbox 563 1200 2158 1271; baseline -0.001 -16"><span class='ocrx_word' id='word_1_88' title='bbox 563 1200 921 1256; x_wconf 82' lang='lat' dir='ltr'><strong>Athanasium</strong></span> <span class='ocrx_word' id='word_1_89' title='bbox 947 1200 1222 1254; x_wconf 81' lang='lat' dir='ltr'><strong>audiamus</strong></span> <span class='ocrx_word' id='word_1_90' title='bbox 1250 1200 1329 1271; x_wconf 80' lang='grc'>(5)</span> <span class='ocrx_word' id='word_1_91' title='bbox 1361 1219 1372 1254; x_wconf 90' lang='lat'><strong>:</strong></span> <span class='ocrx_word' id='word_1_92' title='bbox 1408 1219 1426 1251; x_wconf 76' lang='grc' dir='ltr'><strong>ι</strong></span> <span class='ocrx_word' id='word_1_93' title='bbox 1460 1201 1532 1255; x_wconf 82' lang='lat' dir='ltr'><strong>De</strong></span> <span class='ocrx_word' id='word_1_94' title='bbox 1553 1216 1746 1270; x_wconf 90' lang='lat' dir='ltr'><strong>magno</strong></span> <span class='ocrx_word' id='word_1_95' title='bbox 1773 1216 1835 1256; x_wconf 91' lang='lat' dir='ltr'><strong>ac</strong></span> <span class='ocrx_word' id='word_1_96' title='bbox 1873 1201 2044 1254; x_wconf 81' lang='lat' dir='ltr'><strong>felicis</strong></span> <span class='ocrx_word' id='word_1_97' title='bbox 2071 1215 2158 1254; x_wconf 88' lang='lat' dir='ltr'><strong>se—</strong></span> 
     </span>
    </p>
   </div>
   <div class='ocr_carea' id='block_1_15' title="bbox 563 1292 2158 1363">
    <p class='ocr_par' dir='ltr' id='par_1_15' title="bbox 563 1292 2158 1363">
     <span class='ocr_line' id='line_1_15' title="bbox 563 1292 2158 1363; baseline -0.001 -16"><span class='ocrx_word' id='word_1_98' title='bbox 563 1292 796 1347; x_wconf 88' lang='lat' dir='ltr'><strong>nectutis</strong></span> <span class='ocrx_word' id='word_1_99' title='bbox 827 1295 941 1346; x_wconf 87' lang='lat' dir='ltr'><strong>viro</strong></span> <span class='ocrx_word' id='word_1_100' title='bbox 969 1301 1023 1347; x_wconf 92' lang='lat' dir='ltr'><strong>et</strong></span> <span class='ocrx_word' id='word_1_101' title='bbox 1052 1292 1386 1356; x_wconf 72' lang='lat' dir='ltr'><strong>confessore,</strong></span> <span class='ocrx_word' id='word_1_102' title='bbox 1419 1309 1478 1348; x_wconf 92' lang='lat' dir='ltr'><strong>re</strong></span> <span class='ocrx_word' id='word_1_103' title='bbox 1524 1309 1646 1348; x_wconf 85' lang='lat' dir='ltr'><strong>vera</strong></span> <span class='ocrx_word' id='word_1_104' title='bbox 1690 1293 1818 1347; x_wconf 88' lang='lat' dir='ltr'><strong>Osio</strong></span> <span class='ocrx_word' id='word_1_105' title='bbox 1841 1334 1854 1357; x_wconf 92' lang='lat'><strong>,</strong></span> <span class='ocrx_word' id='word_1_106' title='bbox 1890 1294 2032 1363; x_wconf 84' lang='lat' dir='ltr'><strong>loqui</strong></span> <span class='ocrx_word' id='word_1_107' title='bbox 2063 1309 2158 1346; x_wconf 86' lang='lat' dir='ltr'><strong>stt-</strong></span> 
     </span>
    </p>
   </div>
   <div class='ocr_carea' id='block_1_16' title="bbox 562 1384 2161 1455">
    <p class='ocr_par' dir='ltr' id='par_1_16' title="bbox 562 1384 2161 1455">
     <span class='ocr_line' id='line_1_16' title="bbox 562 1384 2161 1455; baseline 0.003 -19"><span class='ocrx_word' id='word_1_108' title='bbox 562 1399 958 1455; x_wconf 88' lang='lat' dir='ltr'><strong>pervacaneum</strong></span> <span class='ocrx_word' id='word_1_109' title='bbox 990 1384 1244 1440; x_wconf 82' lang='lat' dir='ltr'><strong>fuerit....</strong></span> <span class='ocrx_word' id='word_1_110' title='bbox 1269 1385 1417 1440; x_wconf 87' lang='lat' dir='ltr'><strong>Hand</strong></span> <span class='ocrx_word' id='word_1_111' title='bbox 1447 1386 1590 1441; x_wconf 90' lang='lat' dir='ltr'><strong>enim</strong></span> <span class='ocrx_word' id='word_1_112' title='bbox 1617 1386 1896 1448; x_wconf 83' lang='lat' dir='ltr'><strong>obscurus,</strong></span> <span class='ocrx_word' id='word_1_113' title='bbox 1926 1387 2018 1442; x_wconf 91' lang='lat' dir='ltr'><strong>sed</strong></span> <span class='ocrx_word' id='word_1_114' title='bbox 2044 1401 2161 1440; x_wconf 86' lang='lat' dir='ltr'><strong>om-</strong></span> 
     </span>
    </p>
   </div>
   <div class='ocr_carea' id='block_1_17' title="bbox 562 1477 2156 1551">
    <p class='ocr_par' dir='ltr' id='par_1_17' title="bbox 562 1477 2156 1551">
     <span class='ocr_line' id='line_1_17' title="bbox 562 1477 2156 1551; baseline 0.003 -21"><span class='ocrx_word' id='word_1_115' title='bbox 562 1478 712 1531; x_wconf 87' lang='lat' dir='ltr'><strong>nium</strong></span> <span class='ocrx_word' id='word_1_116' title='bbox 743 1477 1076 1531; x_wconf 77' lang='lat' dir='ltr'><strong>clarissimus</strong></span> <span class='ocrx_word' id='word_1_117' title='bbox 1105 1477 1193 1531; x_wconf 89' lang='lat' dir='ltr'><strong>ille</strong></span> <span class='ocrx_word' id='word_1_118' title='bbox 1236 1494 1402 1533; x_wconf 90' lang='lat' dir='ltr'><strong>senex</strong></span> <span class='ocrx_word' id='word_1_119' title='bbox 1429 1489 1530 1534; x_wconf 88' lang='lat' dir='ltr'><strong>est.</strong></span> <span class='ocrx_word' id='word_1_120' title='bbox 1562 1479 1692 1546; x_wconf 81' lang='lat' dir='ltr'><strong>Quzo</strong></span> <span class='ocrx_word' id='word_1_121' title='bbox 1723 1480 1962 1551; x_wconf 86' lang='lat' dir='ltr'><strong>synodus</strong></span> <span class='ocrx_word' id='word_1_122' title='bbox 1990 1481 2156 1546; x_wconf 84' lang='lat' dir='ltr'><strong>enim,</strong></span> 
     </span>
    </p>
   </div>
   <div class='ocr_carea' id='block_1_18' title="bbox 561 1570 2162 1643">
    <p class='ocr_par' dir='ltr' id='par_1_18' title="bbox 561 1570 2162 1643">
     <span class='ocr_line' id='line_1_18' title="bbox 561 1570 2162 1643; baseline 0.002 -18"><span class='ocrx_word' id='word_1_123' title='bbox 561 1570 646 1625; x_wconf 90' lang='lat' dir='ltr'><strong>cui</strong></span> <span class='ocrx_word' id='word_1_124' title='bbox 695 1587 800 1625; x_wconf 91' lang='lat' dir='ltr'><strong>non</strong></span> <span class='ocrx_word' id='word_1_125' title='bbox 853 1570 942 1626; x_wconf 90' lang='lat' dir='ltr'><strong>ille</strong></span> <span class='ocrx_word' id='word_1_126' title='bbox 971 1571 1668 1641; x_wconf 63' lang='lat' dir='ltr'><strong>praefuerit?Quandonam</strong></span> <span class='ocrx_word' id='word_1_127' title='bbox 1713 1574 2042 1643; x_wconf 86' lang='lat' dir='ltr'><strong>sapientibus</strong></span> <span class='ocrx_word' id='word_1_128' title='bbox 2080 1574 2162 1628; x_wconf 56' lang='lat' dir='ltr'><strong>di-</strong></span> 
     </span>
    </p>
   </div>
   <div class='ocr_carea' id='block_1_19' title="bbox 561 1663 2162 1735">
    <p class='ocr_par' dir='ltr' id='par_1_19' title="bbox 561 1663 2162 1735">
     <span class='ocr_line' id='line_1_19' title="bbox 561 1663 2162 1735; baseline 0.001 -17"><span class='ocrx_word' id='word_1_129' title='bbox 561 1663 664 1718; x_wconf 74' lang='lat' dir='ltr'><strong>etis</strong></span> <span class='ocrx_word' id='word_1_130' title='bbox 693 1663 806 1716; x_wconf 90' lang='lat' dir='ltr'><strong>suis</strong></span> <span class='ocrx_word' id='word_1_131' title='bbox 855 1677 960 1716; x_wconf 88' lang='lat' dir='ltr'><strong>non</strong></span> <span class='ocrx_word' id='word_1_132' title='bbox 995 1663 1046 1716; x_wconf 90' lang='lat' dir='ltr'><strong>itt</strong></span> <span class='ocrx_word' id='word_1_133' title='bbox 1079 1678 1230 1717; x_wconf 88' lang='lat' dir='ltr'><strong>suam</strong></span> <span class='ocrx_word' id='word_1_134' title='bbox 1269 1679 1458 1719; x_wconf 90' lang='lat' dir='ltr'><strong>omnes</strong></span> <span class='ocrx_word' id='word_1_135' title='bbox 1504 1664 1757 1735; x_wconf 88' lang='lat' dir='ltr'><strong>perduxit</strong></span> <span class='ocrx_word' id='word_1_136' title='bbox 1793 1666 2162 1720; x_wconf 84' lang='lat' dir='ltr'><strong>sententiam?</strong></span> 
     </span>
    </p>
   </div>
   <div class='ocr_carea' id='block_1_20' title="bbox 2257 548 3769 619">
    <p class='ocr_par' dir='ltr' id='par_1_20' title="bbox 2257 548 3769 619">
     <span class='ocr_line' id='line_1_20' title="bbox 2257 548 3769 619; baseline 0.009 -17"><span class='ocrx_word' id='word_1_137' title='bbox 2257 548 2477 602; x_wconf 89' lang='lat' dir='ltr'><strong>tentiam</strong></span> <span class='ocrx_word' id='word_1_138' title='bbox 2508 549 2652 602; x_wconf 90' lang='lat' dir='ltr'><strong>omni</strong></span> <span class='ocrx_word' id='word_1_139' title='bbox 2677 549 2860 603; x_wconf 91' lang='lat' dir='ltr'><strong>studio</strong></span> <span class='ocrx_word' id='word_1_140' title='bbox 2886 551 3024 619; x_wconf 89' lang='lat' dir='ltr'><strong>apud</strong></span> <span class='ocrx_word' id='word_1_141' title='bbox 3052 552 3417 608; x_wconf 83' lang='lat' dir='ltr'><strong>Constantium</strong></span> <span class='ocrx_word' id='word_1_142' title='bbox 3458 556 3667 613; x_wconf 84' lang='lat' dir='ltr'><strong>adhibito</strong></span> <span class='ocrx_word' id='word_1_143' title='bbox 3701 577 3769 616; x_wconf 89' lang='lat' dir='ltr'><strong>co-</strong></span> 
     </span>
    </p>
   </div>
   <div class='ocr_carea' id='block_1_21' title="bbox 2256 643 3772 717">
    <p class='ocr_par' dir='ltr' id='par_1_21' title="bbox 2256 643 3772 717">
     <span class='ocr_line' id='line_1_21' title="bbox 2256 643 3772 717; baseline 0.006 -20"><span class='ocrx_word' id='word_1_144' title='bbox 2256 643 2522 697; x_wconf 84' lang='lat' dir='ltr'><strong>nabantur</strong></span> <span class='ocrx_word' id='word_1_145' title='bbox 2551 643 2732 696; x_wconf 87' lang='lat' dir='ltr'><strong>Ariani</strong></span> <span class='ocrx_word' id='word_1_146' title='bbox 2765 644 2862 714; x_wconf 97' lang='grc'>(1).</span> <span class='ocrx_word' id='word_1_147' title='bbox 2891 646 3130 712; x_wconf 90' lang='lat' dir='ltr'><strong>Quorum</strong></span> <span class='ocrx_word' id='word_1_148' title='bbox 3163 646 3298 700; x_wconf 91' lang='lat' dir='ltr'><strong>dolis</strong></span> <span class='ocrx_word' id='word_1_149' title='bbox 3326 646 3622 717; x_wconf 80' lang='lat' dir='ltr'><strong>fallaciisque</strong></span> <span class='ocrx_word' id='word_1_150' title='bbox 3641 652 3772 706; x_wconf 88' lang='lat' dir='ltr'><strong>inter-</strong></span> 
     </span>
    </p>
   </div>
   <div class='ocr_carea' id='block_1_22' title="bbox 2256 737 3772 806">
    <p class='ocr_par' dir='ltr' id='par_1_22' title="bbox 2256 737 3772 806">
     <span class='ocr_line' id='line_1_22' title="bbox 2256 737 3772 806; baseline 0.006 -16"><span class='ocrx_word' id='word_1_151' title='bbox 2256 745 2443 806; x_wconf 90' lang='lat' dir='ltr'><strong>ceptus</strong></span> <span class='ocrx_word' id='word_1_152' title='bbox 2500 737 2835 804; x_wconf 88' lang='lat' dir='ltr'><strong>imperator,</strong></span> <span class='ocrx_word' id='word_1_153' title='bbox 2881 737 3242 793; x_wconf 88' lang='lat' dir='ltr'><strong>venerandum</strong></span> <span class='ocrx_word' id='word_1_154' title='bbox 3295 740 3431 792; x_wconf 90' lang='lat' dir='ltr'><strong>illum</strong></span> <span class='ocrx_word' id='word_1_155' title='bbox 3481 757 3537 794; x_wconf 92' lang='lat' dir='ltr'><strong>ac</strong></span> <span class='ocrx_word' id='word_1_156' title='bbox 3584 743 3772 800; x_wconf 89' lang='lat' dir='ltr'><strong>nobilem</strong></span> 
     </span>
    </p>
   </div>
   <div class='ocr_carea' id='block_1_23' title="bbox 2257 831 3774 899">
    <p class='ocr_par' dir='ltr' id='par_1_23' title="bbox 2257 831 3774 899">
     <span class='ocr_line' id='line_1_23' title="bbox 2257 831 3774 899; baseline 0.005 -13"><span class='ocrx_word' id='word_1_157' title='bbox 2257 845 2442 886; x_wconf 86' lang='lat' dir='ltr'><strong>senem</strong></span> <span class='ocrx_word' id='word_1_158' title='bbox 2497 831 2806 885; x_wconf 87' lang='lat' dir='ltr'><strong>centenario</strong></span> <span class='ocrx_word' id='word_1_159' title='bbox 2861 831 3118 899; x_wconf 85' lang='lat' dir='ltr'><strong>majorem</strong></span> <span class='ocrx_word' id='word_1_160' title='bbox 3191 833 3394 886; x_wconf 79' lang='lat' dir='ltr'><strong>accivit.</strong></span> <span class='ocrx_word' id='word_1_161' title='bbox 3470 835 3774 892; x_wconf 81' lang='lat' dir='ltr'><strong>Accedentem</strong></span> 
     </span>
    </p>
   </div>
   <div class='ocr_carea' id='block_1_24' title="bbox 2257 922 3778 993">
    <p class='ocr_par' dir='ltr' id='par_1_24' title="bbox 2257 922 3778 993">
     <span class='ocr_line' id='line_1_24' title="bbox 2257 922 3778 993; baseline 0.007 -18"><span class='ocrx_word' id='word_1_162' title='bbox 2257 938 2386 977; x_wconf 84' lang='lat' dir='ltr'><strong>vero</strong></span> <span class='ocrx_word' id='word_1_163' title='bbox 2418 922 2568 977; x_wconf 90' lang='lat' dir='ltr'><strong>illum</strong></span> <span class='ocrx_word' id='word_1_164' title='bbox 2593 933 2744 993; x_wconf 83' lang='lat' dir='ltr'><strong>rogat</strong></span> <span class='ocrx_word' id='word_1_165' title='bbox 2765 923 3112 978; x_wconf 84' lang='lat' dir='ltr'><strong>Constantius</strong></span> <span class='ocrx_word' id='word_1_166' title='bbox 3134 925 3445 992; x_wconf 63' lang='lat' dir='ltr'><strong>lenibusque</strong></span> <span class='ocrx_word' id='word_1_167' title='bbox 3470 926 3609 980; x_wconf 58' lang='lat' dir='ltr'><strong>dit‘llx‘</strong></span> <span class='ocrx_word' id='word_1_168' title='bbox 3632 928 3778 985; x_wconf 80' lang='lat' dir='ltr'><strong>horta-</strong></span> 
     </span>
    </p>
   </div>
   <div class='ocr_carea' id='block_1_25' title="bbox 2261 1018 3783 1088">
    <p class='ocr_par' dir='ltr' id='par_1_25' title="bbox 2261 1018 3783 1088">
     <span class='ocr_line' id='line_1_25' title="bbox 2261 1018 3783 1088; baseline 0.005 -18"><span class='ocrx_word' id='word_1_169' title='bbox 2261 1025 2441 1080; x_wconf 92' lang='lat' dir='ltr'><strong>tur,ut</strong></span> <span class='ocrx_word' id='word_1_170' title='bbox 2471 1033 2590 1071; x_wconf 89' lang='lat' dir='ltr'><strong>cum</strong></span> <span class='ocrx_word' id='word_1_171' title='bbox 2621 1018 2832 1072; x_wconf 87' lang='lat' dir='ltr'><strong>Ariauis</strong></span> <span class='ocrx_word' id='word_1_172' title='bbox 2856 1019 3215 1073; x_wconf 86' lang='lat' dir='ltr'><strong>communicet</strong></span> <span class='ocrx_word' id='word_1_173' title='bbox 3248 1019 3667 1088; x_wconf 83' lang='lat' dir='ltr'><strong>Athanasiumqne</strong></span> <span class='ocrx_word' id='word_1_174' title='bbox 3684 1038 3783 1077; x_wconf 89' lang='lat' dir='ltr'><strong>eon-</strong></span> 
     </span>
    </p>
   </div>
   <div class='ocr_carea' id='block_1_26' title="bbox 2261 1109 3782 1182">
    <p class='ocr_par' dir='ltr' id='par_1_26' title="bbox 2261 1109 3782 1182">
     <span class='ocr_line' id='line_1_26' title="bbox 2261 1109 3782 1182; baseline 0.005 -18"><span class='ocrx_word' id='word_1_175' title='bbox 2261 1109 2498 1165; x_wconf 88' lang='lat' dir='ltr'><strong>demnet.</strong></span> <span class='ocrx_word' id='word_1_176' title='bbox 2536 1109 2732 1166; x_wconf 87' lang='lat' dir='ltr'><strong>Verum</strong></span> <span class='ocrx_word' id='word_1_177' title='bbox 2767 1111 3001 1181; x_wconf 90' lang='lat' dir='ltr'><strong>optimus</strong></span> <span class='ocrx_word' id='word_1_178' title='bbox 3044 1112 3135 1167; x_wconf 90' lang='lat' dir='ltr'><strong>ille</strong></span> <span class='ocrx_word' id='word_1_179' title='bbox 3180 1127 3341 1167; x_wconf 83' lang='lat' dir='ltr'><strong>senex</strong></span> <span class='ocrx_word' id='word_1_180' title='bbox 3368 1113 3451 1177; x_wconf 91' lang='lat' dir='ltr'><strong>qui</strong></span> <span class='ocrx_word' id='word_1_181' title='bbox 3486 1114 3554 1167; x_wconf 85' lang='lat' dir='ltr'><strong>rei</strong></span> <span class='ocrx_word' id='word_1_182' title='bbox 3581 1114 3782 1182; x_wconf 68' lang='lat' dir='ltr'><strong>hujusce-</strong></span> 
     </span>
    </p>
   </div>
   <div class='ocr_carea' id='block_1_27' title="bbox 2263 1203 3786 1278">
    <p class='ocr_par' dir='ltr' id='par_1_27' title="bbox 2263 1203 3786 1278">
     <span class='ocr_line' id='line_1_27' title="bbox 2263 1203 3786 1278; baseline 0.005 -20"><span class='ocrx_word' id='word_1_183' title='bbox 2263 1203 2405 1258; x_wconf 83' lang='lat' dir='ltr'><strong>modi</strong></span> <span class='ocrx_word' id='word_1_184' title='bbox 2435 1205 2521 1257; x_wconf 91' lang='lat' dir='ltr'><strong>vel</strong></span> <span class='ocrx_word' id='word_1_185' title='bbox 2569 1205 2807 1258; x_wconf 87' lang='lat' dir='ltr'><strong>auditum</strong></span> <span class='ocrx_word' id='word_1_186' title='bbox 2839 1220 2983 1274; x_wconf 62' lang='lat' dir='ltr'><strong>a‘gre</strong></span> <span class='ocrx_word' id='word_1_187' title='bbox 3025 1205 3213 1271; x_wconf 80' lang='lat' dir='ltr'><strong>ferret,</strong></span> <span class='ocrx_word' id='word_1_188' title='bbox 3248 1207 3539 1275; x_wconf 74' lang='lat' dir='ltr'><strong>indignatus</strong></span> <span class='ocrx_word' id='word_1_189' title='bbox 3563 1209 3683 1278; x_wconf 89' lang='lat' dir='ltr'><strong>quod</strong></span> <span class='ocrx_word' id='word_1_190' title='bbox 3707 1211 3786 1267; x_wconf 85' lang='lat' dir='ltr'><strong>tale</strong></span> 
     </span>
    </p>
   </div>
   <div class='ocr_carea' id='block_1_28' title="bbox 2261 1297 3786 1368">
    <p class='ocr_par' dir='ltr' id='par_1_28' title="bbox 2261 1297 3786 1368">
     <span class='ocr_line' id='line_1_28' title="bbox 2261 1297 3786 1368; baseline 0.006 -20"><span class='ocrx_word' id='word_1_191' title='bbox 2261 1298 2533 1366; x_wconf 84' lang='lat' dir='ltr'><strong>quippiam</strong></span> <span class='ocrx_word' id='word_1_192' title='bbox 2558 1298 2639 1350; x_wconf 82' lang='lat' dir='ltr'><strong>vel</strong></span> <span class='ocrx_word' id='word_1_193' title='bbox 2684 1297 2925 1367; x_wconf 82' lang='lat' dir='ltr'><strong>proferre</strong></span> <span class='ocrx_word' id='word_1_194' title='bbox 2947 1313 3111 1351; x_wconf 86' lang='lat' dir='ltr'><strong>ausus</strong></span> <span class='ocrx_word' id='word_1_195' title='bbox 3135 1300 3318 1354; x_wconf 78' lang='lat' dir='ltr'><strong>fuisset</strong></span> <span class='ocrx_word' id='word_1_196' title='bbox 3349 1300 3634 1368; x_wconf 87' lang='lat' dir='ltr'><strong>imperator,</strong></span> <span class='ocrx_word' id='word_1_197' title='bbox 3656 1302 3786 1358; x_wconf 88' lang='lat' dir='ltr'><strong>virum</strong></span> 
     </span>
    </p>
   </div>
   <div class='ocr_carea' id='block_1_29' title="bbox 2262 1391 3788 1461">
    <p class='ocr_par' dir='ltr' id='par_1_29' title="bbox 2262 1391 3788 1461">
     <span class='ocr_line' id='line_1_29' title="bbox 2262 1391 3788 1461; baseline 0.005 -17"><span class='ocrx_word' id='word_1_198' title='bbox 2262 1391 2459 1444; x_wconf 82' lang='lat' dir='ltr'><strong>acriter</strong></span> <span class='ocrx_word' id='word_1_199' title='bbox 2496 1393 2819 1459; x_wconf 90' lang='lat' dir='ltr'><strong>compellat,</strong></span> <span class='ocrx_word' id='word_1_200' title='bbox 2853 1393 3138 1461; x_wconf 84' lang='lat' dir='ltr'><strong>verbisque</strong></span> <span class='ocrx_word' id='word_1_201' title='bbox 3160 1395 3271 1448; x_wconf 93' lang='lat' dir='ltr'><strong>suis</strong></span> <span class='ocrx_word' id='word_1_202' title='bbox 3305 1396 3587 1457; x_wconf 86' lang='lat' dir='ltr'><strong>perculsum</strong></span> <span class='ocrx_word' id='word_1_203' title='bbox 3615 1399 3672 1451; x_wconf 86' lang='lat' dir='ltr'><strong>tle</strong></span> <span class='ocrx_word' id='word_1_204' title='bbox 3696 1414 3788 1452; x_wconf 87' lang='lat' dir='ltr'><strong>sen-</strong></span> 
     </span>
    </p>
   </div>
   <div class='ocr_carea' id='block_1_30' title="bbox 2265 1483 3790 1561">
    <p class='ocr_par' dir='ltr' id='par_1_30' title="bbox 2265 1483 3790 1561">
     <span class='ocr_line' id='line_1_30' title="bbox 2265 1483 3790 1561; baseline 0.007 -24"><span class='ocrx_word' id='word_1_205' title='bbox 2265 1484 2431 1538; x_wconf 89' lang='lat' dir='ltr'><strong>tentia</strong></span> <span class='ocrx_word' id='word_1_206' title='bbox 2455 1483 2690 1540; x_wconf 76' lang='lat' dir='ltr'><strong>deducit.</strong></span> <span class='ocrx_word' id='word_1_207' title='bbox 2716 1486 2892 1556; x_wconf 83' lang='lat' dir='ltr'><strong>Atque</strong></span> <span class='ocrx_word' id='word_1_208' title='bbox 2939 1487 3008 1541; x_wconf 91' lang='lat' dir='ltr'><strong>ita</strong></span> <span class='ocrx_word' id='word_1_209' title='bbox 3054 1487 3271 1541; x_wconf 90' lang='lat' dir='ltr'><strong>demum</strong></span> <span class='ocrx_word' id='word_1_210' title='bbox 3331 1488 3486 1542; x_wconf 90' lang='lat' dir='ltr'><strong>rebus</strong></span> <span class='ocrx_word' id='word_1_211' title='bbox 3532 1489 3733 1561; x_wconf 86' lang='lat' dir='ltr'><strong>integris,</strong></span> <span class='ocrx_word' id='word_1_212' title='bbox 3752 1493 3790 1548; x_wconf 90' lang='lat' dir='ltr'><strong>in</strong></span> 
     </span>
    </p>
   </div>
   <div class='ocr_carea' id='block_1_31' title="bbox 2264 1577 3492 1645">
    <p class='ocr_par' dir='ltr' id='par_1_31' title="bbox 2264 1577 3492 1645">
     <span class='ocr_line' id='line_1_31' title="bbox 2264 1577 3492 1645; baseline 0.005 -17"><span class='ocrx_word' id='word_1_213' title='bbox 2264 1577 2488 1645; x_wconf 91' lang='lat' dir='ltr'><strong>patriam</strong></span> <span class='ocrx_word' id='word_1_214' title='bbox 2517 1586 2572 1632; x_wconf 90' lang='lat' dir='ltr'><strong>et</strong></span> <span class='ocrx_word' id='word_1_215' title='bbox 2600 1577 2664 1631; x_wconf 86' lang='lat' dir='ltr'><strong>ad</strong></span> <span class='ocrx_word' id='word_1_216' title='bbox 2699 1578 2992 1634; x_wconf 80' lang='lat' dir='ltr'><strong>Ecclesiam</strong></span> <span class='ocrx_word' id='word_1_217' title='bbox 3021 1595 3171 1634; x_wconf 91' lang='lat' dir='ltr'><strong>suam</strong></span> <span class='ocrx_word' id='word_1_218' title='bbox 3194 1580 3492 1635; x_wconf 81' lang='lat' dir='ltr'><strong>revertitur.</strong></span> 
     </span>
    </p>
   </div>
   <div class='ocr_carea' id='block_1_32' title="bbox 2340 1669 3791 1743">
    <p class='ocr_par' dir='ltr' id='par_1_32' title="bbox 2340 1669 3791 1743">
     <span class='ocr_line' id='line_1_32' title="bbox 2340 1669 3791 1743; baseline 0.006 -20"><span class='ocrx_word' id='word_1_219' title='bbox 2340 1669 2445 1723; x_wconf 86' lang='lat' dir='ltr'><strong>Sed</strong></span> <span class='ocrx_word' id='word_1_220' title='bbox 2491 1671 2578 1725; x_wconf 92' lang='lat' dir='ltr'><strong>vix</strong></span> <span class='ocrx_word' id='word_1_221' title='bbox 2609 1670 2736 1725; x_wconf 89' lang='lat' dir='ltr'><strong>dum</strong></span> <span class='ocrx_word' id='word_1_222' title='bbox 2775 1671 2865 1726; x_wconf 93' lang='lat' dir='ltr'><strong>ille</strong></span> <span class='ocrx_word' id='word_1_223' title='bbox 2901 1673 3126 1736; x_wconf 86' lang='lat' dir='ltr'><strong>aberat,</strong></span> <span class='ocrx_word' id='word_1_224' title='bbox 3157 1689 3321 1743; x_wconf 90' lang='lat' dir='ltr'><strong>quum</strong></span> <span class='ocrx_word' id='word_1_225' title='bbox 3362 1689 3484 1728; x_wconf 90' lang='lat' dir='ltr'><strong>ecce</strong></span> <span class='ocrx_word' id='word_1_226' title='bbox 3529 1673 3612 1728; x_wconf 93' lang='lat' dir='ltr'><strong>tihi</strong></span> <span class='ocrx_word' id='word_1_227' title='bbox 3652 1676 3791 1731; x_wconf 80' lang='lat' dir='ltr'><strong>Ariani</strong></span> 
     </span>
    </p>
   </div>
   <div class='ocr_carea' id='block_1_33' title="bbox 563 1753 3793 1837">
    <p class='ocr_par' dir='ltr' id='par_1_33' title="bbox 563 1753 3793 1837">
     <span class='ocr_line' id='line_1_33' title="bbox 563 1753 3793 1837; baseline 0.005 -33"><span class='ocrx_word' id='word_1_228' title='bbox 563 1753 822 1822; x_wconf 75' lang='lat' dir='ltr'><strong>Qumnam</strong></span> <span class='ocrx_word' id='word_1_229' title='bbox 862 1755 1104 1810; x_wconf 81' lang='lat' dir='ltr'><strong>Ecrlesia</strong></span> <span class='ocrx_word' id='word_1_230' title='bbox 1134 1757 1276 1810; x_wconf 92' lang='lat' dir='ltr'><strong>illius</strong></span> <span class='ocrx_word' id='word_1_231' title='bbox 1333 1756 1614 1825; x_wconf 83' lang='lat' dir='ltr'><strong>patrocinii</strong></span> <span class='ocrx_word' id='word_1_232' title='bbox 1647 1756 2007 1824; x_wconf 90' lang='lat' dir='ltr'><strong>pulcherrima</strong></span> <span class='ocrx_word' id='word_1_233' title='bbox 2053 1774 2158 1813; x_wconf 90' lang='lat' dir='ltr'><strong>non</strong></span> <span class='ocrx_word' id='word_1_234' title='bbox 2193 1754 2238 1813; x_wconf 88' lang='grc' dir='ltr'><strong>Β</strong></span> <span class='ocrx_word' id='word_1_235' title='bbox 2266 1764 2648 1833; x_wconf 62' lang='grc' dir='ltr'><strong>αιιωτίηιοιιίτιε</strong></span> <span class='ocrx_word' id='word_1_236' title='bbox 2675 1774 2949 1834; x_wconf 88' lang='lat' dir='ltr'><strong>repetunt,</strong></span> <span class='ocrx_word' id='word_1_237' title='bbox 2977 1766 3210 1820; x_wconf 90' lang='lat' dir='ltr'><strong>lamenta</strong></span> <span class='ocrx_word' id='word_1_238' title='bbox 3243 1768 3553 1830; x_wconf 87' lang='lat' dir='ltr'><strong>instaurant,</strong></span> <span class='ocrx_word' id='word_1_239' title='bbox 3581 1767 3793 1837; x_wconf 83' lang='lat' dir='ltr'><strong>nullisque</strong></span> 
     </span>
    </p>
   </div>
   <div class='ocr_carea' id='block_1_34' title="bbox 563 1850 2161 1921">
    <p class='ocr_par' dir='ltr' id='par_1_34' title="bbox 563 1850 2161 1921">
     <span class='ocr_line' id='line_1_34' title="bbox 563 1850 2161 1921; baseline 0.001 -16"><span class='ocrx_word' id='word_1_240' title='bbox 563 1861 739 1905; x_wconf 85' lang='lat' dir='ltr'><strong>servat</strong></span> <span class='ocrx_word' id='word_1_241' title='bbox 760 1851 1132 1905; x_wconf 83' lang='lat' dir='ltr'><strong>monumenta?</strong></span> <span class='ocrx_word' id='word_1_242' title='bbox 1150 1850 1279 1918; x_wconf 84' lang='lat' dir='ltr'><strong>Quis</strong></span> <span class='ocrx_word' id='word_1_243' title='bbox 1298 1850 1450 1904; x_wconf 91' lang='lat' dir='ltr'><strong>illum</strong></span> <span class='ocrx_word' id='word_1_244' title='bbox 1468 1850 1988 1921; x_wconf 77' lang='lat' dir='ltr'><strong>nitestusadiit,quin</strong></span> <span class='ocrx_word' id='word_1_245' title='bbox 2007 1853 2161 1908; x_wconf 65' lang='lat' dir='ltr'><strong>laetus</strong></span> 
     </span>
    </p>
   </div>
   <div class='ocr_carea' id='block_1_35' title="bbox 564 1941 2163 2014">
    <p class='ocr_par' dir='ltr' id='par_1_35' title="bbox 564 1941 2163 2014">
     <span class='ocr_line' id='line_1_35' title="bbox 564 1941 2163 2014; baseline 0.003 -20"><span class='ocrx_word' id='word_1_246' title='bbox 564 1941 632 1996; x_wconf 91' lang='lat' dir='ltr'><strong>ab</strong></span> <span class='ocrx_word' id='word_1_247' title='bbox 651 1957 717 1996; x_wconf 93' lang='lat' dir='ltr'><strong>eo</strong></span> <span class='ocrx_word' id='word_1_248' title='bbox 735 1941 1041 1996; x_wconf 86' lang='lat' dir='ltr'><strong>recesserit?</strong></span> <span class='ocrx_word' id='word_1_249' title='bbox 1061 1941 1194 2010; x_wconf 85' lang='lat' dir='ltr'><strong>Quis</strong></span> <span class='ocrx_word' id='word_1_250' title='bbox 1210 1941 1393 2012; x_wconf 88' lang='lat' dir='ltr'><strong>aliquo</strong></span> <span class='ocrx_word' id='word_1_251' title='bbox 1410 1957 1575 2011; x_wconf 89' lang='lat' dir='ltr'><strong>egens</strong></span> <span class='ocrx_word' id='word_1_252' title='bbox 1589 1942 1653 1994; x_wconf 90' lang='lat' dir='ltr'><strong>ah</strong></span> <span class='ocrx_word' id='word_1_253' title='bbox 1667 1956 1733 1997; x_wconf 91' lang='lat' dir='ltr'><strong>eo</strong></span> <span class='ocrx_word' id='word_1_254' title='bbox 1748 1943 2056 2012; x_wconf 89' lang='lat' dir='ltr'><strong>postulavit,</strong></span> <span class='ocrx_word' id='word_1_255' title='bbox 2072 1959 2163 2014; x_wconf 90' lang='lat' dir='ltr'><strong>op-</strong></span> 
     </span>
    </p>
   </div>
   <div class='ocr_carea' id='block_1_36' title="bbox 565 2033 2162 2104">
    <p class='ocr_par' dir='ltr' id='par_1_36' title="bbox 565 2033 2162 2104">
     <span class='ocr_line' id='line_1_36' title="bbox 565 2033 2162 2104; baseline 0.001 -16"><span class='ocrx_word' id='word_1_256' title='bbox 565 2041 838 2102; x_wconf 88' lang='lat' dir='ltr'><strong>tatumqtte</strong></span> <span class='ocrx_word' id='word_1_257' title='bbox 865 2049 969 2087; x_wconf 86' lang='lat' dir='ltr'><strong>non</strong></span> <span class='ocrx_word' id='word_1_258' title='bbox 1001 2033 1130 2087; x_wconf 91' lang='lat' dir='ltr'><strong>abiit</strong></span> <span class='ocrx_word' id='word_1_259' title='bbox 1158 2035 1512 2088; x_wconf 81' lang='lat' dir='ltr'><strong>consecutus?</strong></span> <span class='ocrx_word' id='word_1_260' title='bbox 1540 2053 1558 2085; x_wconf 78' lang='grc' dir='ltr'><strong>ι</strong></span> <span class='ocrx_word' id='word_1_261' title='bbox 1584 2033 1699 2089; x_wconf 90' lang='lat' dir='ltr'><strong>Huc</strong></span> <span class='ocrx_word' id='word_1_262' title='bbox 1727 2050 1894 2104; x_wconf 92' lang='lat' dir='ltr'><strong>nsque</strong></span> <span class='ocrx_word' id='word_1_263' title='bbox 1922 2037 2162 2090; x_wconf 85' lang='lat' dir='ltr'><strong>Athana-</strong></span> 
     </span>
    </p>
   </div>
   <div class='ocr_carea' id='block_1_37' title="bbox 562 2126 2157 2202">
    <p class='ocr_par' dir='ltr' id='par_1_37' title="bbox 562 2126 2157 2202">
     <span class='ocr_line' id='line_1_37' title="bbox 562 2126 2157 2202; baseline 0.005 -22"><span class='ocrx_word' id='word_1_264' title='bbox 562 2127 697 2188; x_wconf 89' lang='lat' dir='ltr'><strong>sius,</strong></span> <span class='ocrx_word' id='word_1_265' title='bbox 720 2126 874 2196; x_wconf 89' lang='lat' dir='ltr'><strong>cujus</strong></span> <span class='ocrx_word' id='word_1_266' title='bbox 896 2128 1149 2198; x_wconf 74' lang='lat' dir='ltr'><strong>przcclara</strong></span> <span class='ocrx_word' id='word_1_267' title='bbox 1177 2127 1339 2182; x_wconf 86' lang='lat' dir='ltr'><strong>verba</strong></span> <span class='ocrx_word' id='word_1_268' title='bbox 1362 2127 1721 2183; x_wconf 88' lang='lat' dir='ltr'><strong>Theodoritns</strong></span> <span class='ocrx_word' id='word_1_269' title='bbox 1746 2131 2025 2200; x_wconf 91' lang='lat' dir='ltr'><strong>exscripsit</strong></span> <span class='ocrx_word' id='word_1_270' title='bbox 2055 2131 2157 2202; x_wconf 79' lang='grc'>(4).</span> 
     </span>
    </p>
   </div>
   <div class='ocr_carea' id='block_1_38' title="bbox 639 2221 2159 2283">
    <p class='ocr_par' dir='ltr' id='par_1_38' title="bbox 639 2221 2159 2283">
     <span class='ocr_line' id='line_1_38' title="bbox 639 2221 2159 2283; baseline 0.005 -8"><span class='ocrx_word' id='word_1_271' title='bbox 639 2221 808 2276; x_wconf 86' lang='lat' dir='ltr'><strong>Porro</strong></span> <span class='ocrx_word' id='word_1_272' title='bbox 858 2223 909 2276; x_wconf 90' lang='lat' dir='ltr'><strong>in</strong></span> <span class='ocrx_word' id='word_1_273' title='bbox 943 2223 1006 2276; x_wconf 90' lang='lat' dir='ltr'><strong>iis</strong></span> <span class='ocrx_word' id='word_1_274' title='bbox 1047 2222 1428 2279; x_wconf 86' lang='lat' dir='ltr'><strong>Athanasianis</strong></span> <span class='ocrx_word' id='word_1_275' title='bbox 1469 2225 1596 2280; x_wconf 89' lang='lat' dir='ltr'><strong>illttd</strong></span> <span class='ocrx_word' id='word_1_276' title='bbox 1644 2227 1875 2282; x_wconf 87' lang='lat' dir='ltr'><strong>maxime</strong></span> <span class='ocrx_word' id='word_1_277' title='bbox 1921 2227 2159 2283; x_wconf 90' lang='lat' dir='ltr'><strong>omnium</strong></span> 
     </span>
    </p>
   </div>
   <div class='ocr_carea' id='block_1_39' title="bbox 564 2314 2162 2392">
    <p class='ocr_par' dir='ltr' id='par_1_39' title="bbox 564 2314 2162 2392">
     <span class='ocr_line' id='line_1_39' title="bbox 564 2314 2162 2392; baseline 0.004 -22"><span class='ocrx_word' id='word_1_278' title='bbox 564 2314 857 2370; x_wconf 89' lang='lat' dir='ltr'><strong>observare</strong></span> <span class='ocrx_word' id='word_1_279' title='bbox 889 2316 1062 2385; x_wconf 90' lang='lat' dir='ltr'><strong>placet</strong></span> <span class='ocrx_word' id='word_1_280' title='bbox 1093 2332 1189 2387; x_wconf 91' lang='lat' dir='ltr'><strong>per</strong></span> <span class='ocrx_word' id='word_1_281' title='bbox 1229 2318 1516 2373; x_wconf 88' lang='lat' dir='ltr'><strong>Baronium</strong></span> <span class='ocrx_word' id='word_1_282' title='bbox 1547 2318 1650 2389; x_wconf 86' lang='lat'>(5),</span> <span class='ocrx_word' id='word_1_283' title='bbox 1676 2335 1927 2392; x_wconf 87' lang='lat' dir='ltr'><strong>maguum</strong></span> <span class='ocrx_word' id='word_1_284' title='bbox 1955 2323 2162 2378; x_wconf 90' lang='lat' dir='ltr'><strong>scilicet</strong></span> 
     </span>
    </p>
   </div>
   <div class='ocr_carea' id='block_1_40' title="bbox 563 2411 2159 2484">
    <p class='ocr_par' dir='ltr' id='par_1_40' title="bbox 563 2411 2159 2484">
     <span class='ocr_line' id='line_1_40' title="bbox 563 2411 2159 2484; baseline 0.003 -19"><span class='ocrx_word' id='word_1_285' title='bbox 563 2411 711 2466; x_wconf 90' lang='lat' dir='ltr'><strong>illum</strong></span> <span class='ocrx_word' id='word_1_286' title='bbox 757 2411 942 2466; x_wconf 87' lang='lat' dir='ltr'><strong>Osium</strong></span> <span class='ocrx_word' id='word_1_287' title='bbox 997 2413 1068 2467; x_wconf 93' lang='lat' dir='ltr'><strong>ob</strong></span> <span class='ocrx_word' id='word_1_288' title='bbox 1116 2412 1444 2484; x_wconf 81' lang='lat' dir='ltr'><strong>singularem</strong></span> <span class='ocrx_word' id='word_1_289' title='bbox 1499 2413 1761 2470; x_wconf 62' lang='lat' dir='ltr'><strong>doctrinae</strong></span> <span class='ocrx_word' id='word_1_290' title='bbox 1790 2430 1852 2470; x_wconf 87' lang='lat' dir='ltr'><strong>ac</strong></span> <span class='ocrx_word' id='word_1_291' title='bbox 1901 2415 2159 2470; x_wconf 85' lang='lat' dir='ltr'><strong>virtutum</strong></span> 
     </span>
    </p>
   </div>
   <div class='ocr_carea' id='block_1_41' title="bbox 562 2507 2162 2580">
    <p class='ocr_par' dir='ltr' id='par_1_41' title="bbox 562 2507 2162 2580">
     <span class='ocr_line' id='line_1_41' title="bbox 562 2507 2162 2580; baseline 0.004 -20"><span class='ocrx_word' id='word_1_292' title='bbox 562 2507 950 2575; x_wconf 72' lang='lat' dir='ltr'><strong>przestantiam,</strong></span> <span class='ocrx_word' id='word_1_293' title='bbox 984 2507 1466 2579; x_wconf 88' lang='lat' dir='ltr'><strong>admirabilemque</strong></span> <span class='ocrx_word' id='word_1_294' title='bbox 1491 2509 1544 2563; x_wconf 90' lang='lat' dir='ltr'><strong>in</strong></span> <span class='ocrx_word' id='word_1_295' title='bbox 1588 2509 1751 2564; x_wconf 89' lang='lat' dir='ltr'><strong>rebus</strong></span> <span class='ocrx_word' id='word_1_296' title='bbox 1779 2510 2002 2580; x_wconf 78' lang='lat' dir='ltr'><strong>agendis</strong></span> <span class='ocrx_word' id='word_1_297' title='bbox 2023 2510 2162 2566; x_wconf 86' lang='lat' dir='ltr'><strong>dex-</strong></span> 
     </span>
    </p>
   </div>
   <div class='ocr_carea' id='block_1_42' title="bbox 564 2601 2160 2673">
    <p class='ocr_par' dir='ltr' id='par_1_42' title="bbox 564 2601 2160 2673">
     <span class='ocr_line' id='line_1_42' title="bbox 564 2601 2160 2673; baseline 0.003 -19"><span class='ocrx_word' id='word_1_298' title='bbox 564 2601 838 2655; x_wconf 85' lang='lat' dir='ltr'><strong>teritatem</strong></span> <span class='ocrx_word' id='word_1_299' title='bbox 871 2610 1033 2670; x_wconf 90' lang='lat' dir='ltr'><strong>atque</strong></span> <span class='ocrx_word' id='word_1_300' title='bbox 1061 2601 1426 2671; x_wconf 90' lang='lat' dir='ltr'><strong>prudentiam,</strong></span> <span class='ocrx_word' id='word_1_301' title='bbox 1465 2602 1606 2657; x_wconf 91' lang='lat' dir='ltr'><strong>inter</strong></span> <span class='ocrx_word' id='word_1_302' title='bbox 1626 2603 1904 2673; x_wconf 87' lang='lat' dir='ltr'><strong>complura</strong></span> <span class='ocrx_word' id='word_1_303' title='bbox 1935 2605 2160 2659; x_wconf 89' lang='lat' dir='ltr'><strong>concilia</strong></span> 
     </span>
    </p>
   </div>
   <div class='ocr_carea' id='block_1_43' title="bbox 561 2692 2159 2766">
    <p class='ocr_par' dir='ltr' id='par_1_43' title="bbox 561 2692 2159 2766">
     <span class='ocr_line' id='line_1_43' title="bbox 561 2692 2159 2766; baseline 0.004 -21"><span class='ocrx_word' id='word_1_304' title='bbox 561 2692 759 2764; x_wconf 90' lang='lat' dir='ltr'><strong>quibus</strong></span> <span class='ocrx_word' id='word_1_305' title='bbox 787 2692 1066 2762; x_wconf 65' lang='lat' dir='ltr'><strong>praefuisse</strong></span> <span class='ocrx_word' id='word_1_306' title='bbox 1095 2693 1427 2764; x_wconf 84' lang='lat' dir='ltr'><strong>perhibetur,</strong></span> <span class='ocrx_word' id='word_1_307' title='bbox 1473 2695 1525 2750; x_wconf 91' lang='lat' dir='ltr'><strong>in</strong></span> <span class='ocrx_word' id='word_1_308' title='bbox 1578 2695 1795 2751; x_wconf 73' lang='lat' dir='ltr'><strong>Nicmno</strong></span> <span class='ocrx_word' id='word_1_309' title='bbox 1826 2698 2159 2766; x_wconf 89' lang='lat' dir='ltr'><strong>potissimum</strong></span> 
     </span>
    </p>
   </div>
   <div class='ocr_carea' id='block_1_44' title="bbox 565 2785 2162 2860">
    <p class='ocr_par' dir='ltr' id='par_1_44' title="bbox 565 2785 2162 2860">
     <span class='ocr_line' id='line_1_44' title="bbox 565 2785 2162 2860; baseline 0.001 -18"><span class='ocrx_word' id='word_1_310' title='bbox 565 2785 806 2842; x_wconf 85' lang='lat' dir='ltr'><strong>Omnium</strong></span> <span class='ocrx_word' id='word_1_311' title='bbox 854 2786 1210 2842; x_wconf 82' lang='lat' dir='ltr'><strong>celeberrimo</strong></span> <span class='ocrx_word' id='word_1_312' title='bbox 1244 2789 1470 2857; x_wconf 90' lang='lat' dir='ltr'><strong>primam</strong></span> <span class='ocrx_word' id='word_1_313' title='bbox 1503 2787 1687 2843; x_wconf 89' lang='lat' dir='ltr'><strong>sedem</strong></span> <span class='ocrx_word' id='word_1_314' title='bbox 1725 2788 1966 2844; x_wconf 89' lang='lat' dir='ltr'><strong>Silvestri</strong></span> <span class='ocrx_word' id='word_1_315' title='bbox 2012 2805 2162 2860; x_wconf 70' lang='lat' dir='ltr'><strong>papa:</strong></span> 
     </span>
    </p>
   </div>
   <div class='ocr_carea' id='block_1_45' title="bbox 563 2879 2159 2951">
    <p class='ocr_par' dir='ltr' id='par_1_45' title="bbox 563 2879 2159 2951">
     <span class='ocr_line' id='line_1_45' title="bbox 563 2879 2159 2951; baseline 0.003 -18"><span class='ocrx_word' id='word_1_316' title='bbox 563 2879 781 2934; x_wconf 90' lang='lat' dir='ltr'><strong>nomine</strong></span> <span class='ocrx_word' id='word_1_317' title='bbox 813 2893 1132 2950; x_wconf 86' lang='lat' dir='ltr'><strong>occupasse,</strong></span> <span class='ocrx_word' id='word_1_318' title='bbox 1163 2889 1217 2934; x_wconf 91' lang='lat' dir='ltr'><strong>et</strong></span> <span class='ocrx_word' id='word_1_319' title='bbox 1241 2881 1570 2950; x_wconf 77' lang='lat' dir='ltr'><strong>collegarum</strong></span> <span class='ocrx_word' id='word_1_320' title='bbox 1603 2880 1819 2950; x_wconf 87' lang='lat' dir='ltr'><strong>quidem</strong></span> <span class='ocrx_word' id='word_1_321' title='bbox 1864 2881 2159 2951; x_wconf 86' lang='lat' dir='ltr'><strong>legatorum</strong></span> 
     </span>
    </p>
   </div>
   <div class='ocr_carea' id='block_1_46' title="bbox 563 2972 2158 3046">
    <p class='ocr_par' dir='ltr' id='par_1_46' title="bbox 563 2972 2158 3046">
     <span class='ocr_line' id='line_1_46' title="bbox 563 2972 2158 3046; baseline 0.004 -20"><span class='ocrx_word' id='word_1_322' title='bbox 563 2972 902 3044; x_wconf 89' lang='lat' dir='ltr'><strong>primarium,</strong></span> <span class='ocrx_word' id='word_1_323' title='bbox 925 2983 980 3026; x_wconf 89' lang='grc' dir='ltr'><strong>ιιι</strong></span> <span class='ocrx_word' id='word_1_324' title='bbox 1000 2989 1064 3028; x_wconf 91' lang='lat' dir='ltr'><strong>ex</strong></span> <span class='ocrx_word' id='word_1_325' title='bbox 1088 2973 1301 3030; x_wconf 88' lang='lat' dir='ltr'><strong>Gelasio</strong></span> <span class='ocrx_word' id='word_1_326' title='bbox 1319 2975 1597 3029; x_wconf 89' lang='lat' dir='ltr'><strong>erudimur</strong></span> <span class='ocrx_word' id='word_1_327' title='bbox 1623 2975 1731 3046; x_wconf 79' lang='lat'>(6):</span> <span class='ocrx_word' id='word_1_328' title='bbox 1759 2994 1776 3026; x_wconf 85' lang='lat' dir='ltr'><strong>t</strong></span> <span class='ocrx_word' id='word_1_329' title='bbox 1818 2975 1931 3042; x_wconf 91' lang='lat' dir='ltr'><strong>llle,</strong></span> <span class='ocrx_word' id='word_1_330' title='bbox 1966 2977 2158 3046; x_wconf 88' lang='lat' dir='ltr'><strong>inquit,</strong></span> 
     </span>
    </p>
   </div>
   <div class='ocr_carea' id='block_1_47' title="bbox 563 3063 2159 3136">
    <p class='ocr_par' dir='ltr' id='par_1_47' title="bbox 563 3063 2159 3136">
     <span class='ocr_line' id='line_1_47' title="bbox 563 3063 2159 3136; baseline 0.003 -15"><span class='ocrx_word' id='word_1_331' title='bbox 563 3063 721 3121; x_wconf 87' lang='lat' dir='ltr'><strong>Osius</strong></span> <span class='ocrx_word' id='word_1_332' title='bbox 769 3081 836 3121; x_wconf 89' lang='lat' dir='ltr'><strong>ex</strong></span> <span class='ocrx_word' id='word_1_333' title='bbox 876 3065 1174 3136; x_wconf 86' lang='lat' dir='ltr'><strong>Hispaniis,</strong></span> <span class='ocrx_word' id='word_1_334' title='bbox 1205 3067 1440 3121; x_wconf 91' lang='lat' dir='ltr'><strong>nominis</strong></span> <span class='ocrx_word' id='word_1_335' title='bbox 1460 3076 1514 3120; x_wconf 90' lang='lat' dir='ltr'><strong>et</strong></span> <span class='ocrx_word' id='word_1_336' title='bbox 1554 3067 1708 3122; x_wconf 75' lang='lat' dir='ltr'><strong>famae</strong></span> <span class='ocrx_word' id='word_1_337' title='bbox 1732 3068 2046 3125; x_wconf 88' lang='lat' dir='ltr'><strong>celebritate</strong></span> <span class='ocrx_word' id='word_1_338' title='bbox 2078 3071 2159 3125; x_wconf 57' lang='lat' dir='ltr'><strong>in.</strong></span> 
     </span>
    </p>
   </div>
   <div class='ocr_carea' id='block_1_48' title="bbox 2265 1855 3793 1915">
    <p class='ocr_par' dir='ltr' id='par_1_48' title="bbox 2265 1855 3793 1915">
     <span class='ocr_line' id='line_1_48' title="bbox 2265 1855 3793 1915; baseline 0.003 -5"><span class='ocrx_word' id='word_1_339' title='bbox 2265 1872 2372 1910; x_wconf 90' lang='lat' dir='ltr'><strong>non</strong></span> <span class='ocrx_word' id='word_1_340' title='bbox 2407 1855 2668 1912; x_wconf 85' lang='lat' dir='ltr'><strong>machinis</strong></span> <span class='ocrx_word' id='word_1_341' title='bbox 2713 1857 3044 1912; x_wconf 89' lang='lat' dir='ltr'><strong>levissimum</strong></span> <span class='ocrx_word' id='word_1_342' title='bbox 3099 1857 3396 1914; x_wconf 86' lang='lat' dir='ltr'><strong>Constantii</strong></span> <span class='ocrx_word' id='word_1_343' title='bbox 3444 1859 3654 1913; x_wconf 90' lang='lat' dir='ltr'><strong>animum</strong></span> <span class='ocrx_word' id='word_1_344' title='bbox 3681 1859 3793 1915; x_wconf 86' lang='lat' dir='ltr'><strong>intle-</strong></span> 
     </span>
    </p>
   </div>
   <div class='ocr_carea' id='block_1_49' title="bbox 2264 1950 3795 2023">
    <p class='ocr_par' dir='ltr' id='par_1_49' title="bbox 2264 1950 3795 2023">
     <span class='ocr_line' id='line_1_49' title="bbox 2264 1950 3795 2023; baseline 0.003 -18"><span class='ocrx_word' id='word_1_345' title='bbox 2264 1950 2506 2005; x_wconf 88' lang='lat' dir='ltr'><strong>sinenter</strong></span> <span class='ocrx_word' id='word_1_346' title='bbox 2531 1951 2779 2020; x_wconf 87' lang='lat' dir='ltr'><strong>pulsant:</strong></span> <span class='ocrx_word' id='word_1_347' title='bbox 2813 1954 2901 2022; x_wconf 91' lang='lat' dir='ltr'><strong>qui</strong></span> <span class='ocrx_word' id='word_1_348' title='bbox 2933 1963 3215 2021; x_wconf 84' lang='lat' dir='ltr'><strong>propterea</strong></span> <span class='ocrx_word' id='word_1_349' title='bbox 3244 1971 3430 2008; x_wconf 84' lang='lat' dir='ltr'><strong>eorum</strong></span> <span class='ocrx_word' id='word_1_350' title='bbox 3462 1956 3709 2023; x_wconf 85' lang='lat' dir='ltr'><strong>postulatis</strong></span> <span class='ocrx_word' id='word_1_351' title='bbox 3730 1969 3795 2009; x_wconf 80' lang='lat' dir='ltr'><strong>ac-</strong></span> 
     </span>
    </p>
   </div>
   <div class='ocr_carea' id='block_1_50' title="bbox 2265 2044 3795 2117">
    <p class='ocr_par' dir='ltr' id='par_1_50' title="bbox 2265 2044 3795 2117">
     <span class='ocr_line' id='line_1_50' title="bbox 2265 2044 3795 2117; baseline 0.007 -24"><span class='ocrx_word' id='word_1_352' title='bbox 2265 2044 2568 2114; x_wconf 80' lang='lat' dir='ltr'><strong>quiescens.</strong></span> <span class='ocrx_word' id='word_1_353' title='bbox 2624 2045 2829 2100; x_wconf 76' lang='lat' dir='ltr'><strong>litteras</strong></span> <span class='ocrx_word' id='word_1_354' title='bbox 2883 2046 3147 2101; x_wconf 91' lang='lat' dir='ltr'><strong>minarum</strong></span> <span class='ocrx_word' id='word_1_355' title='bbox 3197 2047 3385 2117; x_wconf 82' lang='lat' dir='ltr'><strong>plenas</strong></span> <span class='ocrx_word' id='word_1_356' title='bbox 3433 2049 3495 2102; x_wconf 88' lang='lat' dir='ltr'><strong>ad</strong></span> <span class='ocrx_word' id='word_1_357' title='bbox 3523 2049 3681 2104; x_wconf 84' lang='lat' dir='ltr'><strong>Osium</strong></span> <span class='ocrx_word' id='word_1_358' title='bbox 3704 2051 3795 2103; x_wconf 90' lang='lat' dir='ltr'><strong>mit-</strong></span> 
     </span>
    </p>
   </div>
   <div class='ocr_carea' id='block_1_51' title="bbox 2269 2136 3796 2207">
    <p class='ocr_par' dir='ltr' id='par_1_51' title="bbox 2269 2136 3796 2207">
     <span class='ocr_line' id='line_1_51' title="bbox 2269 2136 3796 2207; baseline 0.003 -16"><span class='ocrx_word' id='word_1_359' title='bbox 2269 2136 2364 2197; x_wconf 86' lang='lat' dir='ltr'><strong>tit.</strong></span> <span class='ocrx_word' id='word_1_360' title='bbox 2412 2136 2692 2206; x_wconf 84' lang='lat' dir='ltr'><strong>ipsumque</strong></span> <span class='ocrx_word' id='word_1_361' title='bbox 2758 2140 3098 2194; x_wconf 90' lang='lat' dir='ltr'><strong>contumeliis</strong></span> <span class='ocrx_word' id='word_1_362' title='bbox 3156 2142 3436 2207; x_wconf 78' lang='lat' dir='ltr'><strong>exagitans</strong></span> <span class='ocrx_word' id='word_1_363' title='bbox 3481 2142 3796 2197; x_wconf 65' lang='lat' dir='ltr'><strong>intermittatur</strong></span> 
     </span>
    </p>
   </div>
   <div class='ocr_carea' id='block_1_52' title="bbox 2267 2227 3792 2303">
    <p class='ocr_par' dir='ltr' id='par_1_52' title="bbox 2267 2227 3792 2303">
     <span class='ocr_line' id='line_1_52' title="bbox 2267 2227 3792 2303; baseline 0.005 -22"><span class='ocrx_word' id='word_1_364' title='bbox 2267 2228 2525 2298; x_wconf 86' lang='lat' dir='ltr'><strong>pericula.</strong></span> <span class='ocrx_word' id='word_1_365' title='bbox 2554 2227 2979 2298; x_wconf 85' lang='lat' dir='ltr'><strong>deportationes,</strong></span> <span class='ocrx_word' id='word_1_366' title='bbox 3038 2232 3299 2303; x_wconf 83' lang='lat' dir='ltr'><strong>supplicia</strong></span> <span class='ocrx_word' id='word_1_367' title='bbox 3328 2251 3340 2287; x_wconf 91' lang='lat'>:</span> <span class='ocrx_word' id='word_1_368' title='bbox 3374 2248 3493 2288; x_wconf 88' lang='lat' dir='ltr'><strong>mox</strong></span> <span class='ocrx_word' id='word_1_369' title='bbox 3538 2249 3648 2289; x_wconf 77' lang='lat' dir='ltr'><strong>vero</strong></span> <span class='ocrx_word' id='word_1_370' title='bbox 3673 2235 3792 2288; x_wconf 81' lang='lat' dir='ltr'><strong>itera-</strong></span> 
     </span>
    </p>
   </div>
   <div class='ocr_carea' id='block_1_53' title="bbox 2268 2320 3794 2382">
    <p class='ocr_par' dir='ltr' id='par_1_53' title="bbox 2268 2320 3794 2382">
     <span class='ocr_line' id='line_1_53' title="bbox 2268 2320 3794 2382; baseline 0.006 -9"><span class='ocrx_word' id='word_1_371' title='bbox 2268 2320 2336 2374; x_wconf 92' lang='lat' dir='ltr'><strong>tis</strong></span> <span class='ocrx_word' id='word_1_372' title='bbox 2369 2320 2558 2374; x_wconf 90' lang='lat' dir='ltr'><strong>litteris</strong></span> <span class='ocrx_word' id='word_1_373' title='bbox 2588 2322 2736 2375; x_wconf 91' lang='lat' dir='ltr'><strong>senis</strong></span> <span class='ocrx_word' id='word_1_374' title='bbox 2760 2325 2998 2376; x_wconf 89' lang='lat' dir='ltr'><strong>animum</strong></span> <span class='ocrx_word' id='word_1_375' title='bbox 3027 2323 3223 2380; x_wconf 89' lang='lat' dir='ltr'><strong>blande</strong></span> <span class='ocrx_word' id='word_1_376' title='bbox 3260 2325 3528 2381; x_wconf 88' lang='lat' dir='ltr'><strong>sollicitat.</strong></span> <span class='ocrx_word' id='word_1_377' title='bbox 3557 2329 3615 2380; x_wconf 82' lang='lat' dir='ltr'><strong>At</strong></span> <span class='ocrx_word' id='word_1_378' title='bbox 3634 2327 3706 2382; x_wconf 92' lang='lat' dir='ltr'><strong>ille</strong></span> <span class='ocrx_word' id='word_1_379' title='bbox 3724 2343 3794 2382; x_wconf 89' lang='lat' dir='ltr'><strong>ne-</strong></span> 
     </span>
    </p>
   </div>
   <div class='ocr_carea' id='block_1_54' title="bbox 2265 2411 3796 2489">
    <p class='ocr_par' dir='ltr' id='par_1_54' title="bbox 2265 2411 3796 2489">
     <span class='ocr_line' id='line_1_54' title="bbox 2265 2411 3796 2489; baseline 0.006 -25"><span class='ocrx_word' id='word_1_380' title='bbox 2265 2426 2370 2481; x_wconf 92' lang='lat' dir='ltr'><strong>que</strong></span> <span class='ocrx_word' id='word_1_381' title='bbox 2417 2411 2806 2481; x_wconf 89' lang='lat' dir='ltr'><strong>impudentinm</strong></span> <span class='ocrx_word' id='word_1_382' title='bbox 2857 2415 3124 2470; x_wconf 90' lang='lat' dir='ltr'><strong>malorum</strong></span> <span class='ocrx_word' id='word_1_383' title='bbox 3164 2415 3470 2481; x_wconf 81' lang='lat' dir='ltr'><strong>formidine,</strong></span> <span class='ocrx_word' id='word_1_384' title='bbox 3501 2433 3654 2489; x_wconf 89' lang='lat' dir='ltr'><strong>neque</strong></span> <span class='ocrx_word' id='word_1_385' title='bbox 3681 2418 3796 2474; x_wconf 79' lang='lat' dir='ltr'><strong>blan-</strong></span> 
     </span>
    </p>
   </div>
   <div class='ocr_carea' id='block_1_55' title="bbox 2265 2505 3796 2581">
    <p class='ocr_par' dir='ltr' id='par_1_55' title="bbox 2265 2505 3796 2581">
     <span class='ocr_line' id='line_1_55' title="bbox 2265 2505 3796 2581; baseline 0.003 -21"><span class='ocrx_word' id='word_1_386' title='bbox 2265 2505 2625 2560; x_wconf 89' lang='lat' dir='ltr'><strong>dimentorum</strong></span> <span class='ocrx_word' id='word_1_387' title='bbox 2673 2505 2938 2561; x_wconf 84' lang='lat' dir='ltr'><strong>illecebris</strong></span> <span class='ocrx_word' id='word_1_388' title='bbox 2977 2508 3061 2562; x_wconf 85' lang='lat' dir='ltr'><strong>vel</strong></span> <span class='ocrx_word' id='word_1_389' title='bbox 3115 2508 3386 2563; x_wconf 88' lang='lat' dir='ltr'><strong>tantillum</strong></span> <span class='ocrx_word' id='word_1_390' title='bbox 3435 2511 3665 2573; x_wconf 85' lang='lat' dir='ltr'><strong>dimotus,</strong></span> <span class='ocrx_word' id='word_1_391' title='bbox 3702 2526 3796 2581; x_wconf 83' lang='lat' dir='ltr'><strong>per-</strong></span> 
     </span>
    </p>
   </div>
   <div class='ocr_carea' id='block_1_56' title="bbox 2267 2597 3799 2672">
    <p class='ocr_par' dir='ltr' id='par_1_56' title="bbox 2267 2597 3799 2672">
     <span class='ocr_line' id='line_1_56' title="bbox 2267 2597 3799 2672; baseline 0.003 -18"><span class='ocrx_word' id='word_1_392' title='bbox 2267 2606 2372 2654; x_wconf 89' lang='lat' dir='ltr'><strong>stat</strong></span> <span class='ocrx_word' id='word_1_393' title='bbox 2421 2597 2472 2652; x_wconf 92' lang='lat' dir='ltr'><strong>in</strong></span> <span class='ocrx_word' id='word_1_394' title='bbox 2524 2613 2617 2652; x_wconf 88' lang='lat' dir='ltr'><strong>sua</strong></span> <span class='ocrx_word' id='word_1_395' title='bbox 2672 2598 2859 2653; x_wconf 82' lang='lat' dir='ltr'><strong>ﬁrmus</strong></span> <span class='ocrx_word' id='word_1_396' title='bbox 2925 2603 3216 2656; x_wconf 89' lang='lat' dir='ltr'><strong>sententia.</strong></span> <span class='ocrx_word' id='word_1_397' title='bbox 3269 2601 3409 2670; x_wconf 92' lang='lat' dir='ltr'><strong>Quin</strong></span> <span class='ocrx_word' id='word_1_398' title='bbox 3456 2613 3508 2659; x_wconf 90' lang='lat' dir='ltr'><strong>et</strong></span> <span class='ocrx_word' id='word_1_399' title='bbox 3552 2603 3799 2672; x_wconf 82' lang='lat' dir='ltr'><strong>imperatori</strong></span> 
     </span>
    </p>
   </div>
   <div class='ocr_carea' id='block_1_57' title="bbox 2267 2690 3802 2765">
    <p class='ocr_par' dir='ltr' id='par_1_57' title="bbox 2267 2690 3802 2765">
     <span class='ocr_line' id='line_1_57' title="bbox 2267 2690 3802 2765; baseline 0.003 -19"><span class='ocrx_word' id='word_1_400' title='bbox 2267 2690 2549 2761; x_wconf 88' lang='lat' dir='ltr'><strong>epistolam</strong></span> <span class='ocrx_word' id='word_1_401' title='bbox 2603 2692 2849 2746; x_wconf 87' lang='lat' dir='ltr'><strong>rescribit</strong></span> <span class='ocrx_word' id='word_1_402' title='bbox 2899 2695 3218 2750; x_wconf 70' lang='lat' dir='ltr'><strong>constantiae</strong></span> <span class='ocrx_word' id='word_1_403' title='bbox 3267 2697 3643 2765; x_wconf 83' lang='lat' dir='ltr'><strong>plenissimam,</strong></span> <span class='ocrx_word' id='word_1_404' title='bbox 3670 2707 3802 2751; x_wconf 74' lang='lat' dir='ltr'><strong>tanto-</strong></span> 
     </span>
    </p>
   </div>
   <div class='ocr_carea' id='block_1_58' title="bbox 2266 2785 3801 2858">
    <p class='ocr_par' dir='ltr' id='par_1_58' title="bbox 2266 2785 3801 2858">
     <span class='ocr_line' id='line_1_58' title="bbox 2266 2785 3801 2858; baseline 0.005 -22"><span class='ocrx_word' id='word_1_405' title='bbox 2266 2799 2369 2854; x_wconf 91' lang='lat' dir='ltr'><strong>que</strong></span> <span class='ocrx_word' id='word_1_406' title='bbox 2397 2785 2652 2853; x_wconf 90' lang='lat' dir='ltr'><strong>episcopo</strong></span> <span class='ocrx_word' id='word_1_407' title='bbox 2703 2801 2829 2839; x_wconf 87' lang='lat' dir='ltr'><strong>vere</strong></span> <span class='ocrx_word' id='word_1_408' title='bbox 2879 2785 3093 2855; x_wconf 80' lang='lat' dir='ltr'><strong>dignam</strong></span> <span class='ocrx_word' id='word_1_409' title='bbox 3131 2806 3144 2841; x_wconf 89' lang='lat'><strong>:</strong></span> <span class='ocrx_word' id='word_1_410' title='bbox 3178 2789 3490 2857; x_wconf 83' lang='lat' dir='ltr'><strong>signiﬁcans</strong></span> <span class='ocrx_word' id='word_1_411' title='bbox 3515 2807 3614 2858; x_wconf 72' lang='lat' dir='ltr'><strong>pra:</strong></span> <span class='ocrx_word' id='word_1_412' title='bbox 3641 2789 3801 2844; x_wconf 72' lang='lat' dir='ltr'><strong>caeteris</strong></span> 
     </span>
    </p>
   </div>
   <div class='ocr_carea' id='block_1_59' title="bbox 2266 2875 3804 2949">
    <p class='ocr_par' dir='ltr' id='par_1_59' title="bbox 2266 2875 3804 2949">
     <span class='ocr_line' id='line_1_59' title="bbox 2266 2875 3804 2949; baseline 0.003 -20"><span class='ocrx_word' id='word_1_413' title='bbox 2266 2888 2325 2930; x_wconf 82' lang='lat' dir='ltr'><strong>se</strong></span> <span class='ocrx_word' id='word_1_414' title='bbox 2367 2875 2476 2942; x_wconf 90' lang='lat' dir='ltr'><strong>jam</strong></span> <span class='ocrx_word' id='word_1_415' title='bbox 2512 2875 2718 2944; x_wconf 82' lang='lat' dir='ltr'><strong>pridem</strong></span> <span class='ocrx_word' id='word_1_416' title='bbox 2765 2875 2866 2929; x_wconf 93' lang='lat' dir='ltr'><strong>sub</strong></span> <span class='ocrx_word' id='word_1_417' title='bbox 2905 2877 3229 2933; x_wconf 82' lang='lat' dir='ltr'><strong>Maximiano</strong></span> <span class='ocrx_word' id='word_1_418' title='bbox 3285 2897 3384 2949; x_wconf 89' lang='lat' dir='ltr'><strong>pro</strong></span> <span class='ocrx_word' id='word_1_419' title='bbox 3425 2881 3610 2936; x_wconf 83' lang='lat' dir='ltr'><strong>Chriin</strong></span> <span class='ocrx_word' id='word_1_420' title='bbox 3638 2881 3804 2936; x_wconf 87' lang='lat' dir='ltr'><strong>nomine</strong></span> 
     </span>
    </p>
   </div>
   <div class='ocr_carea' id='block_1_60' title="bbox 2270 2970 3803 3044">
    <p class='ocr_par' dir='ltr' id='par_1_60' title="bbox 2270 2970 3803 3044">
     <span class='ocr_line' id='line_1_60' title="bbox 2270 2970 3803 3044; baseline 0.003 -24"><span class='ocrx_word' id='word_1_421' title='bbox 2270 2982 2504 3036; x_wconf 89' lang='lat' dir='ltr'><strong>passum,</strong></span> <span class='ocrx_word' id='word_1_422' title='bbox 2523 2978 2762 3037; x_wconf 88' lang='lat' dir='ltr'><strong>paratum</strong></span> <span class='ocrx_word' id='word_1_423' title='bbox 2788 2984 2908 3024; x_wconf 84' lang='lat' dir='ltr'><strong>esse</strong></span> <span class='ocrx_word' id='word_1_424' title='bbox 2926 2970 2990 3024; x_wconf 87' lang='lat' dir='ltr'><strong>ad</strong></span> <span class='ocrx_word' id='word_1_425' title='bbox 3025 2987 3295 3027; x_wconf 70' lang='lat' dir='ltr'><strong>mrumnas</strong></span> <span class='ocrx_word' id='word_1_426' title='bbox 3320 2974 3595 3044; x_wconf 87' lang='lat' dir='ltr'><strong>quaslibet,</strong></span> <span class='ocrx_word' id='word_1_427' title='bbox 3615 2974 3687 3027; x_wconf 90' lang='lat' dir='ltr'><strong>tthi</strong></span> <span class='ocrx_word' id='word_1_428' title='bbox 3703 2987 3803 3038; x_wconf 74' lang='lat' dir='ltr'><strong>onus</strong></span> 
     </span>
    </p>
   </div>
   <div class='ocr_carea' id='block_1_61' title="bbox 2269 3060 3804 3136">
    <p class='ocr_par' dir='ltr' id='par_1_61' title="bbox 2269 3060 3804 3136">
     <span class='ocr_line' id='line_1_61' title="bbox 2269 3060 3804 3136; baseline 0.003 -22"><span class='ocrx_word' id='word_1_429' title='bbox 2269 3060 2450 3126; x_wconf 82' lang='lat' dir='ltr'><strong>fuerit,</strong></span> <span class='ocrx_word' id='word_1_430' title='bbox 2499 3076 2597 3130; x_wconf 90' lang='lat' dir='ltr'><strong>pro</strong></span> <span class='ocrx_word' id='word_1_431' title='bbox 2652 3061 2872 3117; x_wconf 89' lang='lat' dir='ltr'><strong>veritate</strong></span> <span class='ocrx_word' id='word_1_432' title='bbox 2913 3064 3284 3133; x_wconf 81' lang='lat' dir='ltr'><strong>perferendas.</strong></span> <span class='ocrx_word' id='word_1_433' title='bbox 3348 3068 3414 3122; x_wconf 81' lang='lat' dir='ltr'><strong>Et</strong></span> <span class='ocrx_word' id='word_1_434' title='bbox 3467 3069 3594 3122; x_wconf 91' lang='lat' dir='ltr'><strong>hanc</strong></span> <span class='ocrx_word' id='word_1_435' title='bbox 3638 3067 3804 3136; x_wconf 84' lang='lat' dir='ltr'><strong>quidem</strong></span> 
     </span>
    </p>
   </div>
   <div class='ocr_carea' id='block_1_62' title="bbox 563 3144 3806 3232">
    <p class='ocr_par' dir='ltr' id='par_1_62' title="bbox 563 3144 3806 3232">
     <span class='ocr_line' id='line_1_62' title="bbox 563 3144 3806 3232; baseline -0.002 -17"><span class='ocrx_word' id='word_1_436' title='bbox 563 3159 752 3228; x_wconf 87' lang='lat' dir='ltr'><strong>signis.</strong></span> <span class='ocrx_word' id='word_1_437' title='bbox 783 3159 1030 3215; x_wconf 87' lang='lat' dir='ltr'><strong>Silvestri</strong></span> <span class='ocrx_word' id='word_1_438' title='bbox 1073 3160 1311 3230; x_wconf 88' lang='lat' dir='ltr'><strong>episcopi</strong></span> <span class='ocrx_word' id='word_1_439' title='bbox 1362 3162 1614 3216; x_wconf 67' lang='lat' dir='ltr'><strong>maximae</strong></span> <span class='ocrx_word' id='word_1_440' title='bbox 1643 3161 1828 3216; x_wconf 63' lang='lat' dir='ltr'><strong>Romae</strong></span> <span class='ocrx_word' id='word_1_441' title='bbox 1854 3163 2030 3218; x_wconf 90' lang='lat' dir='ltr'><strong>locum</strong></span> <span class='ocrx_word' id='word_1_442' title='bbox 2063 3166 2165 3219; x_wconf 71' lang='lat' dir='ltr'><strong>ob-</strong></span> <span class='ocrx_word' id='word_1_443' title='bbox 2192 3144 2237 3208; x_wconf 80' lang='lat' dir='ltr'>C</span> <span class='ocrx_word' id='word_1_444' title='bbox 2269 3154 2550 3224; x_wconf 69' lang='lat' dir='ltr'><strong>epistolam</strong></span> <span class='ocrx_word' id='word_1_445' title='bbox 2576 3171 2696 3224; x_wconf 82' lang='lat' dir='ltr'><strong>quae</strong></span> <span class='ocrx_word' id='word_1_446' title='bbox 2720 3172 2820 3209; x_wconf 80' lang='lat' dir='ltr'><strong>una</strong></span> <span class='ocrx_word' id='word_1_447' title='bbox 2840 3169 3082 3226; x_wconf 83' lang='lat' dir='ltr'><strong>superat,</strong></span> <span class='ocrx_word' id='word_1_448' title='bbox 3111 3174 3176 3214; x_wconf 81' lang='lat' dir='ltr'><strong>ex</strong></span> <span class='ocrx_word' id='word_1_449' title='bbox 3208 3177 3406 3232; x_wconf 90' lang='lat' dir='ltr'><strong>magno</strong></span> <span class='ocrx_word' id='word_1_450' title='bbox 3436 3163 3703 3216; x_wconf 79' lang='lat' dir='ltr'><strong>Athanasio</strong></span> <span class='ocrx_word' id='word_1_451' title='bbox 3722 3175 3806 3227; x_wconf 86' lang='lat' dir='ltr'><strong>pro-</strong></span> 
     </span>
    </p>
   </div>
   <div class='ocr_carea' id='block_1_63' title="bbox 565 3253 2166 3332">
    <p class='ocr_par' dir='ltr' id='par_1_63' title="bbox 565 3253 2166 3332">
     <span class='ocr_line' id='line_1_63' title="bbox 565 3253 2166 3332; baseline 0.004 -25"><span class='ocrx_word' id='word_1_452' title='bbox 565 3253 765 3317; x_wconf 89' lang='lat' dir='ltr'><strong>tinens,</strong></span> <span class='ocrx_word' id='word_1_453' title='bbox 800 3253 1006 3324; x_wconf 74' lang='grc' dir='ltr'><strong>ἐπίχων</strong></span> <span class='ocrx_word' id='word_1_454' title='bbox 1030 3257 1116 3308; x_wconf 80' lang='grc' dir='ltr'><strong>καὶ</strong></span> <span class='ocrx_word' id='word_1_455' title='bbox 1141 3256 1228 3308; x_wconf 81' lang='grc' dir='ltr'>τὸν</span> <span class='ocrx_word' id='word_1_456' title='bbox 1255 3255 1410 3309; x_wconf 83' lang='grc' dir='ltr'><strong>τόπον</strong></span> <span class='ocrx_word' id='word_1_457' title='bbox 1447 3261 1540 3310; x_wconf 84' lang='grc' dir='ltr'><strong>τοῦ</strong></span> <span class='ocrx_word' id='word_1_458' title='bbox 1581 3263 1672 3315; x_wconf 81' lang='grc' dir='ltr'><strong>τῆς</strong></span> <span class='ocrx_word' id='word_1_459' title='bbox 1716 3258 1965 3329; x_wconf 73' lang='grc' dir='ltr'><strong>μεγίστης</strong></span> <span class='ocrx_word' id='word_1_460' title='bbox 1989 3261 2166 3332; x_wconf 81' lang='grc' dir='ltr'><strong>Ρώμης</strong></span> 
     </span>
    </p>
   </div>
   <div class='ocr_carea' id='block_1_64' title="bbox 565 3345 2167 3422">
    <p class='ocr_par' dir='ltr' id='par_1_64' title="bbox 565 3345 2167 3422">
     <span class='ocr_line' id='line_1_64' title="bbox 565 3345 2167 3422; baseline 0.002 -22"><span class='ocrx_word' id='word_1_461' title='bbox 565 3346 849 3402; x_wconf 71' lang='grc' dir='ltr'><strong>ἕπισκὸπου</strong></span> <span class='ocrx_word' id='word_1_462' title='bbox 895 3346 1221 3422; x_wconf 82' lang='grc' dir='ltr'><strong>Σιλϐἐστρου,</strong></span> <span class='ocrx_word' id='word_1_463' title='bbox 1257 3361 1359 3400; x_wconf 92' lang='lat' dir='ltr'><strong>una</strong></span> <span class='ocrx_word' id='word_1_464' title='bbox 1388 3361 1508 3400; x_wconf 90' lang='lat' dir='ltr'><strong>cum</strong></span> <span class='ocrx_word' id='word_1_465' title='bbox 1544 3345 1798 3402; x_wconf 78' lang='lat' dir='ltr'><strong>Romanis</strong></span> <span class='ocrx_word' id='word_1_466' title='bbox 1835 3349 2167 3420; x_wconf 88' lang='lat' dir='ltr'><strong>presbyteris</strong></span> 
     </span>
    </p>
   </div>
   <div class='ocr_carea' id='block_1_65' title="bbox 568 3438 2168 3509">
    <p class='ocr_par' dir='ltr' id='par_1_65' title="bbox 568 3438 2168 3509">
     <span class='ocr_line' id='line_1_65' title="bbox 568 3438 2168 3509; baseline -0.001 -14"><span class='ocrx_word' id='word_1_467' title='bbox 568 3438 691 3495; x_wconf 80' lang='lat' dir='ltr'><strong>Vito</strong></span> <span class='ocrx_word' id='word_1_468' title='bbox 713 3449 770 3494; x_wconf 92' lang='lat' dir='ltr'><strong>et</strong></span> <span class='ocrx_word' id='word_1_469' title='bbox 799 3439 1044 3493; x_wconf 84' lang='lat' dir='ltr'><strong>Vicentio</strong></span> <span class='ocrx_word' id='word_1_470' title='bbox 1082 3439 1312 3509; x_wconf 86' lang='lat' dir='ltr'><strong>aliisque</strong></span> <span class='ocrx_word' id='word_1_471' title='bbox 1362 3439 1640 3507; x_wconf 88' lang='lat' dir='ltr'><strong>permultis</strong></span> <span class='ocrx_word' id='word_1_472' title='bbox 1691 3440 1742 3492; x_wconf 88' lang='lat' dir='ltr'><strong>itt</strong></span> <span class='ocrx_word' id='word_1_473' title='bbox 1771 3455 1838 3495; x_wconf 90' lang='lat' dir='ltr'><strong>eo</strong></span> <span class='ocrx_word' id='word_1_474' title='bbox 1873 3450 2014 3496; x_wconf 73' lang='lat' dir='ltr'><strong>cmtu</strong></span> <span class='ocrx_word' id='word_1_475' title='bbox 2037 3457 2168 3496; x_wconf 87' lang='lat' dir='ltr'><strong>cou-</strong></span> 
     </span>
    </p>
   </div>
   <div class='ocr_carea' id='block_1_66' title="bbox 571 3532 2168 3602">
    <p class='ocr_par' dir='ltr' id='par_1_66' title="bbox 571 3532 2168 3602">
     <span class='ocr_line' id='line_1_66' title="bbox 571 3532 2168 3602; baseline 0.001 -13"><span class='ocrx_word' id='word_1_476' title='bbox 571 3532 727 3589; x_wconf 86' lang='lat' dir='ltr'><strong>sedit.</strong></span> <span class='ocrx_word' id='word_1_477' title='bbox 774 3551 792 3584; x_wconf 79' lang='grc' dir='ltr'><strong>ι</strong></span> <span class='ocrx_word' id='word_1_478' title='bbox 839 3532 1055 3588; x_wconf 77' lang='lat' dir='ltr'><strong>Gelasio</strong></span> <span class='ocrx_word' id='word_1_479' title='bbox 1099 3534 1393 3588; x_wconf 90' lang='lat' dir='ltr'><strong>concinunt</strong></span> <span class='ocrx_word' id='word_1_480' title='bbox 1433 3533 1724 3602; x_wconf 88' lang='lat' dir='ltr'><strong>scriptores</strong></span> <span class='ocrx_word' id='word_1_481' title='bbox 1745 3534 1831 3589; x_wconf 88' lang='lat' dir='ltr'><strong>alii</strong></span> <span class='ocrx_word' id='word_1_482' title='bbox 1855 3550 1974 3588; x_wconf 90' lang='lat' dir='ltr'><strong>cum</strong></span> <span class='ocrx_word' id='word_1_483' title='bbox 1994 3534 2168 3591; x_wconf 69' lang='lat' dir='ltr'><strong>Grmci</strong></span> 
     </span>
    </p>
   </div>
   <div class='ocr_carea' id='block_1_67' title="bbox 571 3625 2170 3698">
    <p class='ocr_par' dir='ltr' id='par_1_67' title="bbox 571 3625 2170 3698">
     <span class='ocr_line' id='line_1_67' title="bbox 571 3625 2170 3698; baseline -0.001 -16"><span class='ocrx_word' id='word_1_484' title='bbox 571 3635 683 3682; x_wconf 91' lang='lat' dir='ltr'><strong>tum</strong></span> <span class='ocrx_word' id='word_1_485' title='bbox 733 3625 928 3682; x_wconf 89' lang='lat' dir='ltr'><strong>Latini.</strong></span> <span class='ocrx_word' id='word_1_486' title='bbox 968 3625 1108 3694; x_wconf 84' lang='lat' dir='ltr'><strong>Quid</strong></span> <span class='ocrx_word' id='word_1_487' title='bbox 1157 3625 1298 3696; x_wconf 93' lang='lat' dir='ltr'><strong>quod</strong></span> <span class='ocrx_word' id='word_1_488' title='bbox 1341 3627 1474 3683; x_wconf 89' lang='lat' dir='ltr'><strong>satis</strong></span> <span class='ocrx_word' id='word_1_489' title='bbox 1515 3635 1701 3696; x_wconf 89' lang='lat' dir='ltr'><strong>aperte</strong></span> <span class='ocrx_word' id='word_1_490' title='bbox 1739 3627 1788 3682; x_wconf 92' lang='lat' dir='ltr'><strong>id</strong></span> <span class='ocrx_word' id='word_1_491' title='bbox 1820 3643 2033 3698; x_wconf 92' lang='lat' dir='ltr'><strong>quoque</strong></span> <span class='ocrx_word' id='word_1_492' title='bbox 2076 3629 2170 3682; x_wconf 87' lang='lat' dir='ltr'><strong>atl-</strong></span> 
     </span>
    </p>
   </div>
   <div class='ocr_carea' id='block_1_68' title="bbox 570 3717 2171 3790">
    <p class='ocr_par' dir='ltr' id='par_1_68' title="bbox 570 3717 2171 3790">
     <span class='ocr_line' id='line_1_68' title="bbox 570 3717 2171 3790; baseline 0.002 -18"><span class='ocrx_word' id='word_1_493' title='bbox 570 3718 730 3773; x_wconf 87' lang='lat' dir='ltr'><strong>struit</strong></span> <span class='ocrx_word' id='word_1_494' title='bbox 775 3717 990 3773; x_wconf 88' lang='lat' dir='ltr'><strong>Gelasio</strong></span> <span class='ocrx_word' id='word_1_495' title='bbox 1022 3718 1191 3773; x_wconf 91' lang='lat' dir='ltr'><strong>ntulto</strong></span> <span class='ocrx_word' id='word_1_496' title='bbox 1219 3719 1491 3789; x_wconf 87' lang='lat' dir='ltr'><strong>antiquior</strong></span> <span class='ocrx_word' id='word_1_497' title='bbox 1523 3718 1787 3774; x_wconf 89' lang='lat' dir='ltr'><strong>Eusebius</strong></span> <span class='ocrx_word' id='word_1_498' title='bbox 1821 3721 1945 3790; x_wconf 87' lang='lat'>(7)?</span> <span class='ocrx_word' id='word_1_499' title='bbox 1987 3720 2171 3790; x_wconf 82' lang='lat' dir='ltr'><strong>Neque</strong></span> 
     </span>
    </p>
   </div>
   <div class='ocr_carea' id='block_1_69' title="bbox 570 3809 2171 3882">
    <p class='ocr_par' dir='ltr' id='par_1_69' title="bbox 570 3809 2171 3882">
     <span class='ocr_line' id='line_1_69' title="bbox 570 3809 2171 3882; baseline 0.003 -18"><span class='ocrx_word' id='word_1_500' title='bbox 570 3809 715 3864; x_wconf 92' lang='lat' dir='ltr'><strong>enim</strong></span> <span class='ocrx_word' id='word_1_501' title='bbox 783 3811 939 3866; x_wconf 90' lang='lat' dir='ltr'><strong>aliter</strong></span> <span class='ocrx_word' id='word_1_502' title='bbox 1003 3810 1121 3879; x_wconf 87' lang='lat' dir='ltr'><strong>ejus</strong></span> <span class='ocrx_word' id='word_1_503' title='bbox 1167 3811 1452 3865; x_wconf 87' lang='lat' dir='ltr'><strong>verborum</strong></span> <span class='ocrx_word' id='word_1_504' title='bbox 1514 3813 1836 3867; x_wconf 90' lang='lat' dir='ltr'><strong>sententiam</strong></span> <span class='ocrx_word' id='word_1_505' title='bbox 1912 3827 2171 3882; x_wconf 87' lang='lat' dir='ltr'><strong>accepere</strong></span> 
     </span>
    </p>
   </div>
   <div class='ocr_carea' id='block_1_70' title="bbox 570 3901 2170 3980">
    <p class='ocr_par' dir='ltr' id='par_1_70' title="bbox 570 3901 2170 3980">
     <span class='ocr_line' id='line_1_70' title="bbox 570 3901 2170 3980; baseline 0.004 -23"><span class='ocrx_word' id='word_1_506' title='bbox 570 3901 935 3959; x_wconf 85' lang='lat' dir='ltr'><strong>Theodoritus</strong></span> <span class='ocrx_word' id='word_1_507' title='bbox 965 3902 1070 3975; x_wconf 88' lang='lat'>(8),</span> <span class='ocrx_word' id='word_1_508' title='bbox 1122 3902 1373 3958; x_wconf 85' lang='lat' dir='ltr'><strong>Socrates</strong></span> <span class='ocrx_word' id='word_1_509' title='bbox 1419 3903 1496 3974; x_wconf 81' lang='lat'>(9)</span> <span class='ocrx_word' id='word_1_510' title='bbox 1540 3921 1600 3959; x_wconf 87' lang='lat' dir='ltr'><strong>ac</strong></span> <span class='ocrx_word' id='word_1_511' title='bbox 1652 3905 1986 3962; x_wconf 90' lang='lat' dir='ltr'><strong>Sozomenns</strong></span> <span class='ocrx_word' id='word_1_512' title='bbox 2032 3907 2170 3980; x_wconf 86' lang='grc'>(10).</span> 
     </span>
    </p>
   </div>
   <div class='ocr_carea' id='block_1_71' title="bbox 573 3994 2173 4068">
    <p class='ocr_par' dir='ltr' id='par_1_71' title="bbox 573 3994 2173 4068">
     <span class='ocr_line' id='line_1_71' title="bbox 573 3994 2173 4068; baseline 0.002 -18"><span class='ocrx_word' id='word_1_513' title='bbox 573 3994 654 4050; x_wconf 82' lang='lat' dir='ltr'><strong>Ex</strong></span> <span class='ocrx_word' id='word_1_514' title='bbox 682 3995 876 4066; x_wconf 89' lang='lat' dir='ltr'><strong>quibus</strong></span> <span class='ocrx_word' id='word_1_515' title='bbox 925 3996 1190 4066; x_wconf 86' lang='lat' dir='ltr'><strong>intelligas</strong></span> <span class='ocrx_word' id='word_1_516' title='bbox 1234 3995 1361 4062; x_wconf 92' lang='lat' dir='ltr'><strong>quid</strong></span> <span class='ocrx_word' id='word_1_517' title='bbox 1390 3995 1728 4050; x_wconf 89' lang='lat' dir='ltr'><strong>sentiendum</strong></span> <span class='ocrx_word' id='word_1_518' title='bbox 1758 3997 1827 4053; x_wconf 92' lang='lat' dir='ltr'><strong>de</strong></span> <span class='ocrx_word' id='word_1_519' title='bbox 1853 3997 2173 4068; x_wconf 83' lang='lat' dir='ltr'><strong>Caveijudi-</strong></span> 
     </span>
    </p>
   </div>
   <div class='ocr_carea' id='block_1_72' title="bbox 571 4083 2171 4157">
    <p class='ocr_par' dir='ltr' id='par_1_72' title="bbox 571 4083 2171 4157">
     <span class='ocr_line' id='line_1_72' title="bbox 571 4083 2171 4157; baseline 0.002 -16"><span class='ocrx_word' id='word_1_520' title='bbox 571 4085 658 4141; x_wconf 88' lang='lat' dir='ltr'><strong>ciu</strong></span> <span class='ocrx_word' id='word_1_521' title='bbox 705 4083 858 4157; x_wconf 86' lang='lat' dir='ltr'><strong>(ll),</strong></span> <span class='ocrx_word' id='word_1_522' title='bbox 901 4088 990 4157; x_wconf 91' lang='lat' dir='ltr'><strong>qui</strong></span> <span class='ocrx_word' id='word_1_523' title='bbox 1043 4103 1109 4142; x_wconf 91' lang='lat' dir='ltr'><strong>eo</strong></span> <span class='ocrx_word' id='word_1_524' title='bbox 1157 4087 1466 4155; x_wconf 87' lang='lat' dir='ltr'><strong>insignitum</strong></span> <span class='ocrx_word' id='word_1_525' title='bbox 1525 4087 1730 4143; x_wconf 89' lang='lat' dir='ltr'><strong>honore</strong></span> <span class='ocrx_word' id='word_1_526' title='bbox 1782 4089 1945 4145; x_wconf 81' lang='lat' dir='ltr'><strong>fuisse</strong></span> <span class='ocrx_word' id='word_1_527' title='bbox 1988 4088 2171 4145; x_wconf 88' lang='lat' dir='ltr'><strong>Osium</strong></span> 
     </span>
    </p>
   </div>
   <div class='ocr_carea' id='block_1_73' title="bbox 575 4170 2173 4249">
    <p class='ocr_par' dir='ltr' id='par_1_73' title="bbox 575 4170 2173 4249">
     <span class='ocr_line' id='line_1_73' title="bbox 575 4170 2173 4249; baseline 0.003 -17"><span class='ocrx_word' id='word_1_528' title='bbox 575 4187 846 4246; x_wconf 87' lang='lat' dir='ltr'><strong>tamquam</strong></span> <span class='ocrx_word' id='word_1_529' title='bbox 874 4170 1101 4234; x_wconf 73' lang='lat' dir='ltr'><strong>Romani</strong></span> <span class='ocrx_word' id='word_1_530' title='bbox 1155 4177 1423 4248; x_wconf 90' lang='lat' dir='ltr'><strong>pontiﬁcis</strong></span> <span class='ocrx_word' id='word_1_531' title='bbox 1479 4180 1732 4249; x_wconf 87' lang='lat' dir='ltr'><strong>legatum,</strong></span> <span class='ocrx_word' id='word_1_532' title='bbox 1769 4182 1926 4236; x_wconf 91' lang='lat' dir='ltr'><strong>inane</strong></span> <span class='ocrx_word' id='word_1_533' title='bbox 1960 4183 2173 4237; x_wconf 87' lang='lat' dir='ltr'><strong>Barunii</strong></span> 
     </span>
    </p>
   </div>
   <div class='ocr_carea' id='block_1_74' title="bbox 575 4269 2176 4342">
    <p class='ocr_par' dir='ltr' id='par_1_74' title="bbox 575 4269 2176 4342">
     <span class='ocr_line' id='line_1_74' title="bbox 575 4269 2176 4342; baseline 0.001 -17"><span class='ocrx_word' id='word_1_534' title='bbox 575 4269 914 4341; x_wconf 83' lang='lat' dir='ltr'><strong>aliorumque</strong></span> <span class='ocrx_word' id='word_1_535' title='bbox 966 4273 1234 4324; x_wconf 89' lang='lat' dir='ltr'><strong>somnium</strong></span> <span class='ocrx_word' id='word_1_536' title='bbox 1265 4270 1544 4326; x_wconf 85' lang='lat' dir='ltr'><strong>verniliter</strong></span> <span class='ocrx_word' id='word_1_537' title='bbox 1593 4273 1726 4328; x_wconf 83' lang='lat' dir='ltr'><strong>satis</strong></span> <span class='ocrx_word' id='word_1_538' title='bbox 1764 4273 2016 4342; x_wconf 87' lang='lat' dir='ltr'><strong>appellat.</strong></span> <span class='ocrx_word' id='word_1_539' title='bbox 2045 4273 2176 4329; x_wconf 78' lang='lat' dir='ltr'><strong>Viro</strong></span> 
     </span>
    </p>
   </div>
   <div class='ocr_carea' id='block_1_75' title="bbox 575 4362 2176 4440">
    <p class='ocr_par' dir='ltr' id='par_1_75' title="bbox 575 4362 2176 4440">
     <span class='ocr_line' id='line_1_75' title="bbox 575 4362 2176 4440; baseline 0.001 -22"><span class='ocrx_word' id='word_1_540' title='bbox 575 4362 780 4418; x_wconf 87' lang='lat' dir='ltr'><strong>scilicet</strong></span> <span class='ocrx_word' id='word_1_541' title='bbox 813 4367 1163 4440; x_wconf 81' lang='grc' dir='ltr'><strong>κριτικωτάτῳ</strong></span> <span class='ocrx_word' id='word_1_542' title='bbox 1196 4362 1584 4433; x_wconf 75' lang='lat' dir='ltr'><strong>pseudodextri</strong></span> <span class='ocrx_word' id='word_1_543' title='bbox 1623 4363 1920 4418; x_wconf 91' lang='lat' dir='ltr'><strong>chronicon</strong></span> <span class='ocrx_word' id='word_1_544' title='bbox 1953 4364 2176 4435; x_wconf 75' lang='lat' dir='ltr'><strong>ejusque</strong></span> 
     </span>
    </p>
   </div>
   <div class='ocr_carea' id='block_1_76' title="bbox 579 4455 2177 4526">
    <p class='ocr_par' dir='ltr' id='par_1_76' title="bbox 579 4455 2177 4526">
     <span class='ocr_line' id='line_1_76' title="bbox 579 4455 2177 4526; baseline 0 -14"><span class='ocrx_word' id='word_1_545' title='bbox 579 4465 951 4512; x_wconf 65' lang='lat' dir='ltr'><strong>ettarratorem</strong></span> <span class='ocrx_word' id='word_1_546' title='bbox 1002 4455 1271 4509; x_wconf 88' lang='lat' dir='ltr'><strong>Bivariutu</strong></span> <span class='ocrx_word' id='word_1_547' title='bbox 1304 4463 1543 4508; x_wconf 89' lang='lat' dir='ltr'><strong>veterum</strong></span> <span class='ocrx_word' id='word_1_548' title='bbox 1582 4455 1887 4512; x_wconf 87' lang='lat' dir='ltr'><strong>auctoritati</strong></span> <span class='ocrx_word' id='word_1_549' title='bbox 1923 4456 2177 4526; x_wconf 65' lang='lat' dir='ltr'><strong>praeferre</strong></span> 
     </span>
    </p>
   </div>
   <div class='ocr_carea' id='block_1_77' title="bbox 2269 3245 3807 3317">
    <p class='ocr_par' dir='ltr' id='par_1_77' title="bbox 2269 3245 3807 3317">
     <span class='ocr_line' id='line_1_77' title="bbox 2269 3245 3807 3317; baseline 0 -15"><span class='ocrx_word' id='word_1_550' title='bbox 2269 3245 2510 3312; x_wconf 79' lang='lat' dir='ltr'><strong>ferimus,</strong></span> <span class='ocrx_word' id='word_1_551' title='bbox 2542 3247 2814 3315; x_wconf 80' lang='lat' dir='ltr'><strong>egregium</strong></span> <span class='ocrx_word' id='word_1_552' title='bbox 2846 3247 3003 3316; x_wconf 88' lang='lat' dir='ltr'><strong>plane</strong></span> <span class='ocrx_word' id='word_1_553' title='bbox 3046 3249 3157 3305; x_wconf 91' lang='lat' dir='ltr'><strong>Osii</strong></span> <span class='ocrx_word' id='word_1_554' title='bbox 3205 3251 3333 3306; x_wconf 91' lang='lat' dir='ltr'><strong>ﬁdei</strong></span> <span class='ocrx_word' id='word_1_555' title='bbox 3365 3249 3807 3317; x_wconf 63' lang='lat' dir='ltr'><strong>munimentumﬁ).</strong></span> 
     </span>
    </p>
   </div>
   <div class='ocr_carea' id='block_1_78' title="bbox 2339 3338 3810 3413">
    <p class='ocr_par' dir='ltr' id='par_1_78' title="bbox 2339 3338 3810 3413">
     <span class='ocr_line' id='line_1_78' title="bbox 2339 3338 3810 3413; baseline 0.001 -21"><span class='ocrx_word' id='word_1_556' title='bbox 2339 3338 2429 3394; x_wconf 85' lang='lat' dir='ltr'><strong>Ill.</strong></span> <span class='ocrx_word' id='word_1_557' title='bbox 2486 3339 2555 3392; x_wconf 89' lang='lat' dir='ltr'><strong>At</strong></span> <span class='ocrx_word' id='word_1_558' title='bbox 2609 3354 2738 3392; x_wconf 87' lang='lat' dir='ltr'><strong>vero</strong></span> <span class='ocrx_word' id='word_1_559' title='bbox 2787 3339 2850 3392; x_wconf 87' lang='lat' dir='ltr'><strong>ad</strong></span> <span class='ocrx_word' id='word_1_560' title='bbox 2901 3339 3075 3410; x_wconf 90' lang='lat' dir='ltr'><strong>ipsum</strong></span> <span class='ocrx_word' id='word_1_561' title='bbox 3129 3357 3158 3396; x_wconf 90' lang='lat' dir='ltr'><strong>a</strong></span> <span class='ocrx_word' id='word_1_562' title='bbox 3211 3344 3374 3397; x_wconf 86' lang='lat' dir='ltr'><strong>ﬁrmo</strong></span> <span class='ocrx_word' id='word_1_563' title='bbox 3426 3345 3538 3412; x_wconf 87' lang='lat' dir='ltr'><strong>ejus</strong></span> <span class='ocrx_word' id='word_1_564' title='bbox 3593 3342 3810 3413; x_wconf 88' lang='lat' dir='ltr'><strong>proposito</strong></span> 
     </span>
    </p>
   </div>
   <div class='ocr_carea' id='block_1_79' title="bbox 2271 3429 3809 3499">
    <p class='ocr_par' dir='ltr' id='par_1_79' title="bbox 2271 3429 3809 3499">
     <span class='ocr_line' id='line_1_79' title="bbox 2271 3429 3809 3499; baseline -0.001 -12"><span class='ocrx_word' id='word_1_565' title='bbox 2271 3429 2667 3487; x_wconf 88' lang='lat' dir='ltr'><strong>detnrhandum</strong></span> <span class='ocrx_word' id='word_1_566' title='bbox 2707 3446 2923 3499; x_wconf 90' lang='lat' dir='ltr'><strong>semper</strong></span> <span class='ocrx_word' id='word_1_567' title='bbox 2977 3433 3213 3488; x_wconf 90' lang='lat' dir='ltr'><strong>intentus</strong></span> <span class='ocrx_word' id='word_1_568' title='bbox 3256 3432 3626 3498; x_wconf 89' lang='lat' dir='ltr'><strong>Constantius,</strong></span> <span class='ocrx_word' id='word_1_569' title='bbox 3669 3448 3809 3488; x_wconf 85' lang='lat' dir='ltr'><strong>senem</strong></span> 
     </span>
    </p>
   </div>
   <div class='ocr_carea' id='block_1_80' title="bbox 2271 3523 3806 3595">
    <p class='ocr_par' dir='ltr' id='par_1_80' title="bbox 2271 3523 3806 3595">
     <span class='ocr_line' id='line_1_80' title="bbox 2271 3523 3806 3595; baseline -0.001 -18"><span class='ocrx_word' id='word_1_570' title='bbox 2271 3537 2415 3578; x_wconf 90' lang='lat' dir='ltr'><strong>anno</strong></span> <span class='ocrx_word' id='word_1_571' title='bbox 2463 3523 2672 3594; x_wconf 87' lang='lat' dir='ltr'><strong>integro</strong></span> <span class='ocrx_word' id='word_1_572' title='bbox 2721 3523 2892 3592; x_wconf 88' lang='lat' dir='ltr'><strong>patria</strong></span> <span class='ocrx_word' id='word_1_573' title='bbox 2941 3535 3212 3580; x_wconf 86' lang='lat' dir='ltr'><strong>extorrem</strong></span> <span class='ocrx_word' id='word_1_574' title='bbox 3266 3527 3452 3582; x_wconf 91' lang='lat' dir='ltr'><strong>Sirmii</strong></span> <span class='ocrx_word' id='word_1_575' title='bbox 3501 3527 3703 3581; x_wconf 90' lang='lat' dir='ltr'><strong>detinuit</strong></span> <span class='ocrx_word' id='word_1_576' title='bbox 3735 3524 3806 3595; x_wconf 74' lang='grc' dir='ltr'>(ὅ).</span> 
     </span>
    </p>
   </div>
   <div class='ocr_carea' id='block_1_81' title="bbox 2271 3613 3809 3682">
    <p class='ocr_par' dir='ltr' id='par_1_81' title="bbox 2271 3613 3809 3682">
     <span class='ocr_line' id='line_1_81' title="bbox 2271 3613 3809 3682; baseline 0.001 -14"><span class='ocrx_word' id='word_1_577' title='bbox 2271 3613 2388 3669; x_wconf 84' lang='lat' dir='ltr'><strong>Non</strong></span> <span class='ocrx_word' id='word_1_578' title='bbox 2439 3615 2612 3669; x_wconf 90' lang='lat' dir='ltr'><strong>solum</strong></span> <span class='ocrx_word' id='word_1_579' title='bbox 2653 3625 2832 3669; x_wconf 86' lang='lat' dir='ltr'><strong>autem</strong></span> <span class='ocrx_word' id='word_1_580' title='bbox 2875 3616 3076 3682; x_wconf 83' lang='lat' dir='ltr'><strong>exilio,</strong></span> <span class='ocrx_word' id='word_1_581' title='bbox 3119 3617 3215 3672; x_wconf 86' lang='lat' dir='ltr'><strong>sed</strong></span> <span class='ocrx_word' id='word_1_582' title='bbox 3264 3619 3603 3674; x_wconf 88' lang='lat' dir='ltr'><strong>contumeliis</strong></span> <span class='ocrx_word' id='word_1_583' title='bbox 3653 3619 3809 3678; x_wconf 84' lang='lat' dir='ltr'><strong>etiam,</strong></span> 
     </span>
    </p>
   </div>
   <div class='ocr_carea' id='block_1_82' title="bbox 2275 3706 3813 3781">
    <p class='ocr_par' dir='ltr' id='par_1_82' title="bbox 2275 3706 3813 3781">
     <span class='ocr_line' id='line_1_82' title="bbox 2275 3706 3813 3781; baseline 0.001 -20"><span class='ocrx_word' id='word_1_584' title='bbox 2275 3706 2614 3772; x_wconf 89' lang='lat' dir='ltr'><strong>verberibus,</strong></span> <span class='ocrx_word' id='word_1_585' title='bbox 2646 3707 2822 3778; x_wconf 84' lang='lat' dir='ltr'><strong>plagis</strong></span> <span class='ocrx_word' id='word_1_586' title='bbox 2851 3724 2974 3763; x_wconf 91' lang='lat' dir='ltr'><strong>eum</strong></span> <span class='ocrx_word' id='word_1_587' title='bbox 3005 3708 3240 3765; x_wconf 82' lang='lat' dir='ltr'><strong>adﬁcere</strong></span> <span class='ocrx_word' id='word_1_588' title='bbox 3261 3720 3348 3766; x_wconf 68' lang='lat' dir='ltr'><strong>est</strong></span> <span class='ocrx_word' id='word_1_589' title='bbox 3371 3728 3532 3767; x_wconf 90' lang='lat' dir='ltr'><strong>ausus</strong></span> <span class='ocrx_word' id='word_1_590' title='bbox 3564 3709 3661 3781; x_wconf 71' lang='grc'>(4),</span> <span class='ocrx_word' id='word_1_591' title='bbox 3685 3723 3813 3778; x_wconf 85' lang='lat' dir='ltr'><strong>neque</strong></span> 
     </span>
    </p>
   </div>
   <div class='ocr_carea' id='block_1_83' title="bbox 2277 3799 3815 3871">
    <p class='ocr_par' dir='ltr' id='par_1_83' title="bbox 2277 3799 3815 3871">
     <span class='ocr_line' id='line_1_83' title="bbox 2277 3799 3815 3871; baseline -0.001 -18"><span class='ocrx_word' id='word_1_592' title='bbox 2277 3799 2441 3855; x_wconf 89' lang='lat' dir='ltr'><strong>Deum</strong></span> <span class='ocrx_word' id='word_1_593' title='bbox 2477 3800 2692 3865; x_wconf 89' lang='lat' dir='ltr'><strong>timens,</strong></span> <span class='ocrx_word' id='word_1_594' title='bbox 2728 3815 2900 3869; x_wconf 88' lang='lat' dir='ltr'><strong>neque</strong></span> <span class='ocrx_word' id='word_1_595' title='bbox 2932 3801 3031 3854; x_wconf 87' lang='lat' dir='ltr'><strong>viri</strong></span> <span class='ocrx_word' id='word_1_596' title='bbox 3072 3802 3184 3856; x_wconf 88' lang='lat' dir='ltr'><strong>sive</strong></span> <span class='ocrx_word' id='word_1_597' title='bbox 3211 3804 3468 3859; x_wconf 88' lang='lat' dir='ltr'><strong>canitiem</strong></span> <span class='ocrx_word' id='word_1_598' title='bbox 3503 3804 3609 3858; x_wconf 90' lang='lat' dir='ltr'><strong>sive</strong></span> <span class='ocrx_word' id='word_1_599' title='bbox 3635 3801 3815 3871; x_wconf 78' lang='lat' dir='ltr'><strong>dignita-</strong></span> 
     </span>
    </p>
   </div>
   <div class='ocr_carea' id='block_1_84' title="bbox 2277 3893 3816 3964">
    <p class='ocr_par' dir='ltr' id='par_1_84' title="bbox 2277 3893 3816 3964">
     <span class='ocr_line' id='line_1_84' title="bbox 2277 3893 3816 3964; baseline -0.001 -16"><span class='ocrx_word' id='word_1_600' title='bbox 2277 3902 2383 3948; x_wconf 91' lang='lat' dir='ltr'><strong>tem</strong></span> <span class='ocrx_word' id='word_1_601' title='bbox 2418 3893 2682 3948; x_wconf 81' lang='lat' dir='ltr'><strong>reveritus</strong></span> <span class='ocrx_word' id='word_1_602' title='bbox 2712 3894 2904 3964; x_wconf 88' lang='lat' dir='ltr'><strong>impius</strong></span> <span class='ocrx_word' id='word_1_603' title='bbox 2945 3895 3126 3950; x_wconf 92' lang='lat' dir='ltr'><strong>homo.</strong></span> <span class='ocrx_word' id='word_1_604' title='bbox 3157 3896 3371 3964; x_wconf 87' lang='lat' dir='ltr'><strong>Quibus</strong></span> <span class='ocrx_word' id='word_1_605' title='bbox 3404 3899 3611 3952; x_wconf 80' lang='lat' dir='ltr'><strong>tandem</strong></span> <span class='ocrx_word' id='word_1_606' title='bbox 3645 3894 3816 3951; x_wconf 83' lang='lat' dir='ltr'><strong>calami-</strong></span> 
     </span>
    </p>
   </div>
   <div class='ocr_carea' id='block_1_85' title="bbox 2278 3989 3816 4062">
    <p class='ocr_par' dir='ltr' id='par_1_85' title="bbox 2278 3989 3816 4062">
     <span class='ocr_line' id='line_1_85' title="bbox 2278 3989 3816 4062; baseline -0.001 -21"><span class='ocrx_word' id='word_1_607' title='bbox 2278 3989 2476 4042; x_wconf 77' lang='lat' dir='ltr'><strong>tatibus</strong></span> <span class='ocrx_word' id='word_1_608' title='bbox 2495 4002 2810 4057; x_wconf 81' lang='lat' dir='ltr'><strong>oppressus,</strong></span> <span class='ocrx_word' id='word_1_609' title='bbox 2832 3997 3018 4059; x_wconf 90' lang='lat' dir='ltr'><strong>utpote</strong></span> <span class='ocrx_word' id='word_1_610' title='bbox 3035 4005 3201 4045; x_wconf 90' lang='lat' dir='ltr'><strong>senex</strong></span> <span class='ocrx_word' id='word_1_611' title='bbox 3225 4001 3276 4044; x_wconf 90' lang='lat' dir='ltr'><strong>et</strong></span> <span class='ocrx_word' id='word_1_612' title='bbox 3299 4007 3532 4062; x_wconf 89' lang='lat' dir='ltr'><strong>corpore</strong></span> <span class='ocrx_word' id='word_1_613' title='bbox 3551 3990 3816 4050; x_wconf 83' lang='lat' dir='ltr'><strong>imbecillus,</strong></span> 
     </span>
    </p>
   </div>
   <div class='ocr_carea' id='block_1_86' title="bbox 2277 4079 3816 4163">
    <p class='ocr_par' dir='ltr' id='par_1_86' title="bbox 2277 4079 3816 4163">
     <span class='ocr_line' id='line_1_86' title="bbox 2277 4079 3816 4163; baseline 0.006 -29"><span class='ocrx_word' id='word_1_614' title='bbox 2277 4081 2346 4134; x_wconf 86' lang='lat' dir='ltr'><strong>ad</strong></span> <span class='ocrx_word' id='word_1_615' title='bbox 2373 4085 2550 4134; x_wconf 85' lang='lat' dir='ltr'><strong>harant</strong></span> <span class='ocrx_word' id='word_1_616' title='bbox 2582 4082 2744 4135; x_wconf 83' lang='lat' dir='ltr'><strong>cessit</strong></span> <span class='ocrx_word' id='word_1_617' title='bbox 2787 4082 3022 4148; x_wconf 86' lang='lat' dir='ltr'><strong>Arianis,</strong></span> <span class='ocrx_word' id='word_1_618' title='bbox 3054 4079 3178 4149; x_wconf 78' lang='grc' dir='ltr'>εἶξεν</span> <span class='ocrx_word' id='word_1_619' title='bbox 3223 4087 3398 4148; x_wconf 75' lang='grc' dir='ltr'>αὐτοῖς</span> <span class='ocrx_word' id='word_1_620' title='bbox 3441 4089 3566 4163; x_wconf 83' lang='grc' dir='ltr'><strong>πρὸς</strong></span> <span class='ocrx_word' id='word_1_621' title='bbox 3595 4087 3713 4161; x_wconf 76' lang='grc' dir='ltr'>ὥραν</span> <span class='ocrx_word' id='word_1_622' title='bbox 3735 4080 3816 4150; x_wconf 79' lang='lat'>(5);</span> 
     </span>
    </p>
   </div>
   <div class='ocr_carea' id='block_1_87' title="bbox 2278 4172 3820 4242">
    <p class='ocr_par' dir='ltr' id='par_1_87' title="bbox 2278 4172 3820 4242">
     <span class='ocr_line' id='line_1_87' title="bbox 2278 4172 3820 4242; baseline 0.001 -16"><span class='ocrx_word' id='word_1_623' title='bbox 2278 4185 2450 4242; x_wconf 88' lang='lat' dir='ltr'><strong>eoque</strong></span> <span class='ocrx_word' id='word_1_624' title='bbox 2480 4172 2742 4227; x_wconf 88' lang='lat' dir='ltr'><strong>adductus</strong></span> <span class='ocrx_word' id='word_1_625' title='bbox 2772 4173 2889 4238; x_wconf 81' lang='lat' dir='ltr'><strong>fuit,</strong></span> <span class='ocrx_word' id='word_1_626' title='bbox 2922 4183 2980 4228; x_wconf 83' lang='grc' dir='ltr'><strong>ιιι</strong></span> <span class='ocrx_word' id='word_1_627' title='bbox 3006 4190 3128 4228; x_wconf 90' lang='lat' dir='ltr'><strong>cum</strong></span> <span class='ocrx_word' id='word_1_628' title='bbox 3163 4175 3390 4232; x_wconf 89' lang='lat' dir='ltr'><strong>Ut-sacio</strong></span> <span class='ocrx_word' id='word_1_629' title='bbox 3415 4188 3470 4234; x_wconf 91' lang='lat' dir='ltr'><strong>et</strong></span> <span class='ocrx_word' id='word_1_630' title='bbox 3497 4179 3696 4233; x_wconf 82' lang='lat' dir='ltr'><strong>Valente</strong></span> <span class='ocrx_word' id='word_1_631' title='bbox 3716 4187 3820 4229; x_wconf 86' lang='lat' dir='ltr'><strong>com-</strong></span> 
     </span>
    </p>
   </div>
   <div class='ocr_carea' id='block_1_88' title="bbox 2279 4265 3816 4339">
    <p class='ocr_par' dir='ltr' id='par_1_88' title="bbox 2279 4265 3816 4339">
     <span class='ocr_line' id='line_1_88' title="bbox 2279 4265 3816 4339; baseline -0.001 -21"><span class='ocrx_word' id='word_1_632' title='bbox 2279 4265 2551 4319; x_wconf 82' lang='lat' dir='ltr'><strong>muniouis</strong></span> <span class='ocrx_word' id='word_1_633' title='bbox 2592 4266 2908 4321; x_wconf 89' lang='lat' dir='ltr'><strong>societatem</strong></span> <span class='ocrx_word' id='word_1_634' title='bbox 2954 4267 3135 4332; x_wconf 90' lang='lat' dir='ltr'><strong>iniret,</strong></span> <span class='ocrx_word' id='word_1_635' title='bbox 3167 4281 3271 4322; x_wconf 91' lang='lat' dir='ltr'><strong>nec</strong></span> <span class='ocrx_word' id='word_1_636' title='bbox 3316 4279 3495 4326; x_wconf 91' lang='lat' dir='ltr'><strong>tamen</strong></span> <span class='ocrx_word' id='word_1_637' title='bbox 3537 4283 3755 4339; x_wconf 89' lang='lat' dir='ltr'><strong>umquam</strong></span> <span class='ocrx_word' id='word_1_638' title='bbox 3781 4265 3816 4317; x_wconf 91' lang='lat' dir='ltr'><strong>in</strong></span> 
     </span>
    </p>
   </div>
   <div class='ocr_carea' id='block_1_89' title="bbox 2281 4356 3820 4431">
    <p class='ocr_par' dir='ltr' id='par_1_89' title="bbox 2281 4356 3820 4431">
     <span class='ocr_line' id='line_1_89' title="bbox 2281 4356 3820 4431; baseline -0.001 -19"><span class='ocrx_word' id='word_1_639' title='bbox 2281 4358 2634 4412; x_wconf 83' lang='lat' dir='ltr'><strong>Athanasium</strong></span> <span class='ocrx_word' id='word_1_640' title='bbox 2681 4359 2944 4415; x_wconf 88' lang='lat' dir='ltr'><strong>calculum</strong></span> <span class='ocrx_word' id='word_1_641' title='bbox 2977 4360 3161 4417; x_wconf 78' lang='lat' dir='ltr'><strong>terret.</strong></span> <span class='ocrx_word' id='word_1_642' title='bbox 3192 4363 3298 4420; x_wconf 78' lang='lat' dir='ltr'><strong>Sed</strong></span> <span class='ocrx_word' id='word_1_643' title='bbox 3343 4379 3499 4419; x_wconf 91' lang='lat' dir='ltr'><strong>suum</strong></span> <span class='ocrx_word' id='word_1_644' title='bbox 3530 4364 3717 4431; x_wconf 82' lang='lat' dir='ltr'><strong>lapsum</strong></span> <span class='ocrx_word' id='word_1_645' title='bbox 3749 4356 3820 4412; x_wconf 88' lang='lat' dir='ltr'><strong>mi-</strong></span> 
     </span>
    </p>
   </div>
   <div class='ocr_carea' id='block_1_90' title="bbox 2283 4453 3822 4530">
    <p class='ocr_par' dir='ltr' id='par_1_90' title="bbox 2283 4453 3822 4530">
     <span class='ocr_line' id='line_1_90' title="bbox 2283 4453 3822 4530; baseline -0.003 -22"><span class='ocrx_word' id='word_1_646' title='bbox 2283 4453 2429 4508; x_wconf 90' lang='lat' dir='ltr'><strong>nime</strong></span> <span class='ocrx_word' id='word_1_647' title='bbox 2454 4453 2688 4524; x_wconf 75' lang='lat' dir='ltr'><strong>neglexit</strong></span> <span class='ocrx_word' id='word_1_648' title='bbox 2721 4469 2886 4510; x_wconf 90' lang='lat' dir='ltr'><strong>senex</strong></span> <span class='ocrx_word' id='word_1_649' title='bbox 2915 4474 2928 4509; x_wconf 92' lang='lat'><strong>:</strong></span> <span class='ocrx_word' id='word_1_650' title='bbox 2959 4477 2978 4510; x_wconf 79' lang='grc' dir='ltr'><strong>ι</strong></span> <span class='ocrx_word' id='word_1_651' title='bbox 3009 4458 3243 4514; x_wconf 86' lang='lat' dir='ltr'><strong>instante</strong></span> <span class='ocrx_word' id='word_1_652' title='bbox 3265 4461 3469 4530; x_wconf 80' lang='lat' dir='ltr'><strong>quippe</strong></span> <span class='ocrx_word' id='word_1_653' title='bbox 3499 4468 3677 4517; x_wconf 89' lang='lat' dir='ltr'><strong>morte.</strong></span> <span class='ocrx_word' id='word_1_654' title='bbox 3699 4453 3822 4512; x_wconf 73' lang='lat' dir='ltr'><strong>Atha-</strong></span> 
     </span>
    </p>
   </div>
   <div class='ocr_carea' id='block_1_91' title="bbox 580 4541 3820 4620">
    <p class='ocr_par' dir='ltr' id='par_1_91' title="bbox 580 4541 3820 4620">
     <span class='ocr_line' id='line_1_91' title="bbox 580 4541 3820 4620; baseline -0.001 -16"><span class='ocrx_word' id='word_1_655' title='bbox 580 4548 756 4606; x_wconf 88' lang='lat' dir='ltr'><strong>libuit.</strong></span> <span class='ocrx_word' id='word_1_656' title='bbox 787 4549 904 4616; x_wconf 90' lang='lat' dir='ltr'><strong>Qtto</strong></span> <span class='ocrx_word' id='word_1_657' title='bbox 929 4548 1146 4619; x_wconf 90' lang='lat' dir='ltr'><strong>quidem</strong></span> <span class='ocrx_word' id='word_1_658' title='bbox 1171 4547 1636 4620; x_wconf 81' lang='lat' dir='ltr'><strong>pseutlochronico</strong></span> <span class='ocrx_word' id='word_1_659' title='bbox 1659 4546 1799 4602; x_wconf 88' lang='lat' dir='ltr'><strong>ltaud</strong></span> <span class='ocrx_word' id='word_1_660' title='bbox 1833 4547 2019 4617; x_wconf 89' lang='lat' dir='ltr'><strong>impari</strong></span> <span class='ocrx_word' id='word_1_661' title='bbox 2048 4551 2179 4604; x_wconf 86' lang='lat' dir='ltr'><strong>dex-</strong></span> <span class='ocrx_word' id='word_1_662' title='bbox 2207 4541 2258 4600; x_wconf 91' lang='lat' dir='ltr'><strong>D</strong></span> <span class='ocrx_word' id='word_1_663' title='bbox 2285 4546 2437 4600; x_wconf 88' lang='lat' dir='ltr'><strong>nasio</strong></span> <span class='ocrx_word' id='word_1_664' title='bbox 2479 4553 2614 4600; x_wconf 87' lang='lat' dir='ltr'><strong>teste</strong></span> <span class='ocrx_word' id='word_1_665' title='bbox 2649 4543 2728 4615; x_wconf 84' lang='lat'>(6)</span> <span class='ocrx_word' id='word_1_666' title='bbox 2760 4587 2774 4609; x_wconf 83' lang='lat'><em>.</em></span> <span class='ocrx_word' id='word_1_667' title='bbox 2825 4547 2932 4601; x_wconf 90' lang='lat' dir='ltr'><strong>vim</strong></span> <span class='ocrx_word' id='word_1_668' title='bbox 2964 4548 3064 4602; x_wconf 91' lang='lat' dir='ltr'><strong>sibi</strong></span> <span class='ocrx_word' id='word_1_669' title='bbox 3114 4549 3314 4603; x_wconf 87' lang='lat' dir='ltr'><strong>illatam</strong></span> <span class='ocrx_word' id='word_1_670' title='bbox 3357 4549 3512 4619; x_wconf 90' lang='lat' dir='ltr'><strong>quasi</strong></span> <span class='ocrx_word' id='word_1_671' title='bbox 3555 4551 3820 4603; x_wconf 80' lang='lat' dir='ltr'><strong>testamento</strong></span> 
     </span>
    </p>
   </div>
   <div class='ocr_carea' id='block_1_92' title="bbox 576 4641 2175 4716">
    <p class='ocr_par' dir='ltr' id='par_1_92' title="bbox 576 4641 2175 4716">
     <span class='ocr_line' id='line_1_92' title="bbox 576 4641 2175 4716; baseline 0.003 -20"><span class='ocrx_word' id='word_1_672' title='bbox 576 4643 794 4697; x_wconf 88' lang='lat' dir='ltr'><strong>teritate</strong></span> <span class='ocrx_word' id='word_1_673' title='bbox 809 4643 973 4696; x_wconf 90' lang='lat' dir='ltr'><strong>utitur</strong></span> <span class='ocrx_word' id='word_1_674' title='bbox 987 4658 1199 4714; x_wconf 90' lang='lat' dir='ltr'><strong>quoque</strong></span> <span class='ocrx_word' id='word_1_675' title='bbox 1215 4641 1380 4697; x_wconf 89' lang='lat' dir='ltr'><strong>semel</strong></span> <span class='ocrx_word' id='word_1_676' title='bbox 1397 4641 1698 4713; x_wconf 89' lang='lat' dir='ltr'><strong>iterumque</strong></span> <span class='ocrx_word' id='word_1_677' title='bbox 1723 4641 2018 4714; x_wconf 87' lang='lat' dir='ltr'><strong>Basuagius</strong></span> <span class='ocrx_word' id='word_1_678' title='bbox 2035 4643 2175 4716; x_wconf 81' lang='lat' dir='ltr'>(i2).</span> 
     </span>
    </p>
   </div>
   <div class='ocr_carea' id='block_1_93' title="bbox 583 4735 1391 4792">
    <p class='ocr_par' dir='ltr' id='par_1_93' title="bbox 583 4735 1391 4792">
     <span class='ocr_line' id='line_1_93' title="bbox 583 4735 1391 4792; baseline 0 -2"><span class='ocrx_word' id='word_1_679' title='bbox 583 4735 689 4791; x_wconf 90' lang='lat' dir='ltr'><strong>Sed</strong></span> <span class='ocrx_word' id='word_1_680' title='bbox 723 4745 1056 4791; x_wconf 88' lang='lat' dir='ltr'><strong>revertamur</strong></span> <span class='ocrx_word' id='word_1_681' title='bbox 1083 4737 1149 4792; x_wconf 89' lang='lat' dir='ltr'><strong>ad</strong></span> <span class='ocrx_word' id='word_1_682' title='bbox 1179 4735 1391 4792; x_wconf 90' lang='lat' dir='ltr'><strong>Osium.</strong></span> 
     </span>
    </p>
   </div>
   <div class='ocr_carea' id='block_1_94' title="bbox 660 4887 1745 4962">
    <p class='ocr_par' dir='ltr' id='par_1_94' title="bbox 660 4887 1745 4962">
     <span class='ocr_line' id='line_1_94' title="bbox 660 4887 1745 4962; baseline 0.006 -19"><span class='ocrx_word' id='word_1_683' title='bbox 660 4887 741 4962; x_wconf 93' lang='grc'><strong>(1)</strong></span> <span class='ocrx_word' id='word_1_684' title='bbox 767 4889 1018 4946; x_wconf 68' lang='lat' dir='ltr'><strong>Theudor.</strong></span> <span class='ocrx_word' id='word_1_685' title='bbox 1047 4893 1180 4948; x_wconf 86' lang='lat' dir='ltr'><strong>Hist.</strong></span> <span class='ocrx_word' id='word_1_686' title='bbox 1213 4893 1435 4958; x_wconf 85' lang='lat' dir='ltr'><strong>eccles.,</strong></span> <span class='ocrx_word' id='word_1_687' title='bbox 1458 4893 1494 4948; x_wconf 91' lang='lat' dir='ltr'><strong>I.</strong></span> <span class='ocrx_word' id='word_1_688' title='bbox 1526 4910 1586 4959; x_wconf 90' lang='lat' dir='ltr'><strong>It,</strong></span> <span class='ocrx_word' id='word_1_689' title='bbox 1608 4909 1659 4950; x_wconf 89' lang='lat' dir='ltr'><strong>c.</strong></span> <span class='ocrx_word' id='word_1_690' title='bbox 1691 4895 1745 4952; x_wconf 91' lang='lat'><strong>8.</strong></span> 
     </span>
    </p>
   </div>
   <div class='ocr_carea' id='block_1_95' title="bbox 665 4962 1624 5037">
    <p class='ocr_par' dir='ltr' id='par_1_95' title="bbox 665 4962 1624 5037">
     <span class='ocr_line' id='line_1_95' title="bbox 665 4962 1624 5037; baseline 0.007 -23"><span class='ocrx_word' id='word_1_691' title='bbox 665 4962 745 5037; x_wconf 20' lang='lat' dir='ltr'>(2d)</span> <span class='ocrx_word' id='word_1_692' title='bbox 777 4965 925 5037; x_wconf 74' lang='lat' dir='ltr'><strong>Apud</strong></span> <span class='ocrx_word' id='word_1_693' title='bbox 975 4963 1146 5018; x_wconf 83' lang='lat' dir='ltr'><strong>Hilar.</strong></span> <span class='ocrx_word' id='word_1_694' title='bbox 1181 4964 1394 5037; x_wconf 82' lang='lat' dir='ltr'><strong>Fragtu.</strong></span> <span class='ocrx_word' id='word_1_695' title='bbox 1425 4982 1484 5031; x_wconf 89' lang='grc' dir='ltr'>ιι,</span> <span class='ocrx_word' id='word_1_696' title='bbox 1520 4964 1624 5037; x_wconf 82' lang='lat'><strong>§2.</strong></span> 
     </span>
    </p>
   </div>
   <div class='ocr_carea' id='block_1_96' title="bbox 683 5031 2174 5174">
    <p class='ocr_par' dir='ltr' id='par_1_96' title="bbox 683 5031 2174 5174">
     <span class='ocr_line' id='line_1_96' title="bbox 683 5031 2174 5120; baseline 0.003 -32"><span class='ocrx_word' id='word_1_697' title='bbox 683 5034 740 5106; x_wconf 83' lang='grc'>5)</span> <span class='ocrx_word' id='word_1_698' title='bbox 783 5031 970 5086; x_wconf 83' lang='lat' dir='ltr'><strong>Athan.</strong></span> <span class='ocrx_word' id='word_1_699' title='bbox 1005 5037 1160 5118; x_wconf 61' lang='lat' dir='ltr'><strong>Apol.</strong></span> <span class='ocrx_word' id='word_1_700' title='bbox 1190 5036 1257 5091; x_wconf 90' lang='lat' dir='ltr'><strong>de</strong></span> <span class='ocrx_word' id='word_1_701' title='bbox 1284 5031 1402 5105; x_wconf 69' lang='lat' dir='ltr'><strong>fuga</strong></span> <span class='ocrx_word' id='word_1_702' title='bbox 1432 5031 1550 5100; x_wconf 41' lang='lat' dir='ltr'><strong>suav,</strong></span> <span class='ocrx_word' id='word_1_703' title='bbox 1581 5037 1607 5108; x_wconf 63' lang='grc' dir='ltr'>ᾗ</span> <span class='ocrx_word' id='word_1_704' title='bbox 1634 5036 1688 5102; x_wconf 85' lang='lat'><strong>5,</strong></span> <span class='ocrx_word' id='word_1_705' title='bbox 1703 5051 1828 5120; x_wconf 84' lang='lat' dir='ltr'><strong>opp.</strong></span> <span class='ocrx_word' id='word_1_706' title='bbox 1865 5047 1902 5091; x_wconf 89' lang='grc' dir='ltr'>ι.</span> <span class='ocrx_word' id='word_1_707' title='bbox 1935 5053 1968 5103; x_wconf 91' lang='lat' dir='ltr'><strong>t,</strong></span> <span class='ocrx_word' id='word_1_708' title='bbox 1990 5037 2174 5109; x_wconf 79' lang='lat' dir='ltr'><strong>p.322.</strong></span> 
     </span>
     <span class='ocr_line' id='line_1_97' title="bbox 684 5101 1780 5174; baseline 0.003 -15"><span class='ocrx_word' id='word_1_709' title='bbox 684 5105 744 5174; x_wconf 75' lang='grc'>4)</span> <span class='ocrx_word' id='word_1_710' title='bbox 770 5101 1021 5174; x_wconf 54' lang='grc' dir='ltr'>Ίξὴροάον.</span> <span class='ocrx_word' id='word_1_711' title='bbox 1049 5111 1184 5161; x_wconf 85' lang='lat' dir='ltr'><strong>lttst.</strong></span> <span class='ocrx_word' id='word_1_712' title='bbox 1213 5109 1430 5172; x_wconf 45' lang='lat' dir='ltr'><strong>catch-5.,</strong></span> <span class='ocrx_word' id='word_1_713' title='bbox 1465 5108 1498 5160; x_wconf 92' lang='grc' dir='ltr'>Ι.</span> <span class='ocrx_word' id='word_1_714' title='bbox 1527 5125 1584 5167; x_wconf 89' lang='lat' dir='ltr'><strong>tt.</strong></span> <span class='ocrx_word' id='word_1_715' title='bbox 1611 5123 1660 5162; x_wconf 93' lang='lat' dir='ltr'><strong>c.</strong></span> <span class='ocrx_word' id='word_1_716' title='bbox 1694 5107 1780 5163; x_wconf 77' lang='lat' dir='ltr'><strong>t5.</strong></span> 
     </span>
    </p>
   </div>
   <div class='ocr_carea' id='block_1_97' title="bbox 686 5149 1724 5250">
    <p class='ocr_par' dir='ltr' id='par_1_97' title="bbox 686 5149 1724 5250">
     <span class='ocr_line' id='line_1_98' title="bbox 686 5149 1724 5250; baseline 0.005 -21"><span class='ocrx_word' id='word_1_717' title='bbox 686 5149 743 5248; x_wconf 62' lang='grc' dir='ltr'><strong>ξς</strong></span> <span class='ocrx_word' id='word_1_718' title='bbox 775 5149 1434 5250; x_wconf 54' lang='grc' dir='ltr'><strong>ᾑᾶτὶῖιῗτξιῐέιῖἰὲιῗὲὸὲςῖξ</strong></span> <span class='ocrx_word' id='word_1_719' title='bbox 1465 5149 1724 5236; x_wconf 50' lang='lat' dir='ltr'><strong>Istra:</strong></span> 
     </span>
    </p>
   </div>
   <div class='ocr_carea' id='block_1_98' title="bbox 658 5245 1996 5317">
    <p class='ocr_par' dir='ltr' id='par_1_98' title="bbox 658 5245 1996 5317">
     <span class='ocr_line' id='line_1_99' title="bbox 658 5245 1996 5317; baseline 0.003 -13"><span class='ocrx_word' id='word_1_720' title='bbox 658 5245 740 5314; x_wconf 82' lang='lat'>(6)</span> <span class='ocrx_word' id='word_1_721' title='bbox 773 5245 945 5302; x_wconf 63' lang='lat' dir='ltr'><strong>Gelae.</strong></span> <span class='ocrx_word' id='word_1_722' title='bbox 989 5245 1164 5317; x_wconf 77' lang='lat' dir='ltr'><strong>Cyzic.</strong></span> <span class='ocrx_word' id='word_1_723' title='bbox 1187 5250 1322 5303; x_wconf 89' lang='lat' dir='ltr'><strong>llist.</strong></span> <span class='ocrx_word' id='word_1_724' title='bbox 1355 5245 1508 5304; x_wconf 62' lang='lat' dir='ltr'><strong>conc.</strong></span> <span class='ocrx_word' id='word_1_725' title='bbox 1543 5249 1686 5311; x_wconf 83' lang='lat' dir='ltr'><strong>Nic..</strong></span> <span class='ocrx_word' id='word_1_726' title='bbox 1716 5251 1750 5305; x_wconf 96' lang='grc' dir='ltr'>Ι.</span> <span class='ocrx_word' id='word_1_727' title='bbox 1774 5267 1833 5314; x_wconf 85' lang='lat' dir='ltr'><strong>tt,</strong></span> <span class='ocrx_word' id='word_1_728' title='bbox 1863 5267 1913 5308; x_wconf 90' lang='lat' dir='ltr'><strong>c.</strong></span> <span class='ocrx_word' id='word_1_729' title='bbox 1941 5253 1996 5309; x_wconf 86' lang='lat'><strong>5.</strong></span> 
     </span>
    </p>
   </div>
   <div class='ocr_carea' id='block_1_99' title="bbox 657 5318 1856 5393">
    <p class='ocr_par' dir='ltr' id='par_1_99' title="bbox 657 5318 1856 5393">
     <span class='ocr_line' id='line_1_100' title="bbox 657 5318 1856 5393; baseline 0.003 -19"><span class='ocrx_word' id='word_1_730' title='bbox 657 5321 736 5393; x_wconf 88' lang='grc'><strong>(7)</strong></span> <span class='ocrx_word' id='word_1_731' title='bbox 772 5319 957 5393; x_wconf 54' lang='lat' dir='ltr'><strong>Euseb.</strong></span> <span class='ocrx_word' id='word_1_732' title='bbox 995 5318 1199 5393; x_wconf 63' lang='lat' dir='ltr'><strong>De__\’it.</strong></span> <span class='ocrx_word' id='word_1_733' title='bbox 1227 5321 1532 5393; x_wconf 77' lang='lat' dir='ltr'><strong>Constant.,</strong></span> <span class='ocrx_word' id='word_1_734' title='bbox 1558 5321 1593 5375; x_wconf 93' lang='lat' dir='ltr'><strong>I.</strong></span> <span class='ocrx_word' id='word_1_735' title='bbox 1619 5336 1700 5393; x_wconf 79' lang='lat' dir='ltr'><strong>ut.</strong></span> <span class='ocrx_word' id='word_1_736' title='bbox 1727 5337 1778 5379; x_wconf 94' lang='lat' dir='ltr'><strong>c.</strong></span> <span class='ocrx_word' id='word_1_737' title='bbox 1801 5323 1856 5378; x_wconf 90' lang='lat'><strong>7.</strong></span> 
     </span>
    </p>
   </div>
   <div class='ocr_carea' id='block_1_100' title="bbox 684 5388 1694 5461">
    <p class='ocr_par' dir='ltr' id='par_1_100' title="bbox 684 5388 1694 5461">
     <span class='ocr_line' id='line_1_101' title="bbox 684 5388 1694 5461; baseline -0.002 -13"><span class='ocrx_word' id='word_1_738' title='bbox 684 5388 740 5461; x_wconf 85' lang='lat'>8)</span> <span class='ocrx_word' id='word_1_739' title='bbox 771 5388 1029 5445; x_wconf 84' lang='lat' dir='ltr'><strong>Tlteodor.</strong></span> <span class='ocrx_word' id='word_1_740' title='bbox 1055 5389 1191 5445; x_wconf 87' lang='lat' dir='ltr'><strong>Hist.</strong></span> <span class='ocrx_word' id='word_1_741' title='bbox 1223 5392 1384 5456; x_wconf 89' lang='lat' dir='ltr'><strong>eccl.,</strong></span> <span class='ocrx_word' id='word_1_742' title='bbox 1418 5391 1455 5445; x_wconf 96' lang='lat' dir='ltr'><strong>l.</strong></span> <span class='ocrx_word' id='word_1_743' title='bbox 1489 5407 1527 5457; x_wconf 87' lang='grc' dir='ltr'>ι,</span> <span class='ocrx_word' id='word_1_744' title='bbox 1563 5405 1614 5446; x_wconf 91' lang='lat' dir='ltr'><strong>c.</strong></span> <span class='ocrx_word' id='word_1_745' title='bbox 1641 5392 1694 5446; x_wconf 90' lang='lat'><strong>7.</strong></span> 
     </span>
    </p>
   </div>
   <div class='ocr_carea' id='block_1_101' title="bbox 684 5462 1319 5526">
    <p class='ocr_par' dir='ltr' id='par_1_101' title="bbox 684 5462 1319 5526">
     <span class='ocr_line' id='line_1_102' title="bbox 684 5462 1319 5526; baseline 0.002 -11"><span class='ocrx_word' id='word_1_746' title='bbox 684 5464 741 5524; x_wconf 76' lang='lat'>9)</span> <span class='ocrx_word' id='word_1_747' title='bbox 774 5462 1003 5526; x_wconf 85' lang='lat' dir='ltr'><strong>Socrat.,</strong></span> <span class='ocrx_word' id='word_1_748' title='bbox 1037 5462 1072 5518; x_wconf 93' lang='grc' dir='ltr'>Ι.</span> <span class='ocrx_word' id='word_1_749' title='bbox 1105 5477 1144 5525; x_wconf 86' lang='grc' dir='ltr'>ι.</span> <span class='ocrx_word' id='word_1_750' title='bbox 1184 5476 1234 5516; x_wconf 94' lang='lat' dir='ltr'><strong>c.</strong></span> <span class='ocrx_word' id='word_1_751' title='bbox 1265 5463 1319 5517; x_wconf 92' lang='lat'><strong>8.</strong></span> 
     </span>
    </p>
   </div>
   <div class='ocr_carea' id='block_1_102' title="bbox 689 5533 1385 5599">
    <p class='ocr_par' dir='ltr' id='par_1_102' title="bbox 689 5533 1385 5599">
     <span class='ocr_line' id='line_1_103' title="bbox 689 5533 1385 5599; baseline -0.003 -10"><span class='ocrx_word' id='word_1_752' title='bbox 689 5533 778 5599; x_wconf 89' lang='grc'><strong>10)</strong></span> <span class='ocrx_word' id='word_1_753' title='bbox 813 5533 1046 5599; x_wconf 75' lang='lat' dir='ltr'><strong>Sozom.,</strong></span> <span class='ocrx_word' id='word_1_754' title='bbox 1078 5534 1116 5588; x_wconf 92' lang='grc'><strong>1.</strong></span> <span class='ocrx_word' id='word_1_755' title='bbox 1140 5550 1180 5596; x_wconf 85' lang='grc' dir='ltr'>ι.</span> <span class='ocrx_word' id='word_1_756' title='bbox 1209 5534 1385 5589; x_wconf 71' lang='lat' dir='ltr'><strong>c.17.</strong></span> 
     </span>
    </p>
   </div>
   <div class='ocr_carea' id='block_1_103' title="bbox 689 5602 2108 5678">
    <p class='ocr_par' dir='ltr' id='par_1_103' title="bbox 689 5602 2108 5678">
     <span class='ocr_line' id='line_1_104' title="bbox 689 5602 2108 5678; baseline 0 -18"><span class='ocrx_word' id='word_1_757' title='bbox 689 5602 781 5678; x_wconf 90' lang='grc'><strong>11)</strong></span> <span class='ocrx_word' id='word_1_758' title='bbox 811 5602 932 5678; x_wconf 84' lang='lat' dir='ltr'><strong>C_av.</strong></span> <span class='ocrx_word' id='word_1_759' title='bbox 965 5606 1099 5662; x_wconf 86' lang='lat' dir='ltr'><strong>Hist.</strong></span> <span class='ocrx_word' id='word_1_760' title='bbox 1130 5605 1234 5678; x_wconf 86' lang='lat' dir='ltr'><strong>litt.</strong></span> <span class='ocrx_word' id='word_1_761' title='bbox 1259 5605 1325 5661; x_wconf 88' lang='lat' dir='ltr'><strong>ad</strong></span> <span class='ocrx_word' id='word_1_762' title='bbox 1348 5620 1474 5662; x_wconf 88' lang='lat' dir='ltr'><strong>ann.</strong></span> <span class='ocrx_word' id='word_1_763' title='bbox 1499 5603 1627 5674; x_wconf 81' lang='grc'>516,</span> <span class='ocrx_word' id='word_1_764' title='bbox 1661 5614 1794 5663; x_wconf 90' lang='lat' dir='ltr'><strong>tom.</strong></span> <span class='ocrx_word' id='word_1_765' title='bbox 1823 5621 1861 5672; x_wconf 86' lang='lat' dir='ltr'><strong>l,</strong></span> <span class='ocrx_word' id='word_1_766' title='bbox 1894 5621 1950 5678; x_wconf 93' lang='lat' dir='ltr'><strong>p.</strong></span> <span class='ocrx_word' id='word_1_767' title='bbox 1983 5606 2108 5664; x_wconf 84' lang='grc'>185.</span> 
     </span>
    </p>
   </div>
   <div class='ocr_carea' id='block_1_104' title="bbox 695 5674 2178 5751">
    <p class='ocr_par' dir='ltr' id='par_1_104' title="bbox 695 5674 2178 5751">
     <span class='ocr_line' id='line_1_105' title="bbox 695 5674 2178 5751; baseline 0.005 -22"><span class='ocrx_word' id='word_1_768' title='bbox 695 5674 782 5751; x_wconf 76' lang='lat' dir='ltr'>t2)</span> <span class='ocrx_word' id='word_1_769' title='bbox 829 5674 1053 5751; x_wconf 69' lang='lat' dir='ltr'><strong>Baang.</strong></span> <span class='ocrx_word' id='word_1_770' title='bbox 1105 5677 1171 5734; x_wconf 85' lang='lat' dir='ltr'><strong>ad</strong></span> <span class='ocrx_word' id='word_1_771' title='bbox 1209 5678 1399 5751; x_wconf 89' lang='lat' dir='ltr'><strong>Prosp.</strong></span> <span class='ocrx_word' id='word_1_772' title='bbox 1442 5680 1634 5737; x_wconf 91' lang='lat' dir='ltr'><strong>chron.</strong></span> <span class='ocrx_word' id='word_1_773' title='bbox 1659 5719 1675 5746; x_wconf 98' lang='lat'><strong>,</strong></span> <span class='ocrx_word' id='word_1_774' title='bbox 1725 5687 1856 5736; x_wconf 92' lang='lat' dir='ltr'><strong>tom.</strong></span> <span class='ocrx_word' id='word_1_775' title='bbox 1895 5674 1961 5747; x_wconf 86' lang='lat' dir='ltr'><strong>i;</strong></span> <span class='ocrx_word' id='word_1_776' title='bbox 2013 5677 2178 5736; x_wconf 84' lang='lat' dir='ltr'><strong>Thes.</strong></span> 
     </span>
    </p>
   </div>
   <div class='ocr_carea' id='block_1_105' title="bbox 586 5746 1156 5819">
    <p class='ocr_par' dir='ltr' id='par_1_105' title="bbox 586 5746 1156 5819">
     <span class='ocr_line' id='line_1_106' title="bbox 586 5746 1156 5819; baseline -0.014 -9"><span class='ocrx_word' id='word_1_777' title='bbox 586 5746 794 5814; x_wconf 54' lang='lat' dir='ltr'><strong>Cattis,</strong></span> <span class='ocrx_word' id='word_1_778' title='bbox 821 5763 873 5817; x_wconf 92' lang='lat' dir='ltr'><strong>p.</strong></span> <span class='ocrx_word' id='word_1_779' title='bbox 902 5746 1016 5802; x_wconf 74' lang='lat'>292</span> <span class='ocrx_word' id='word_1_780' title='bbox 1041 5762 1156 5819; x_wconf 87' lang='lat' dir='ltr'><strong>seq.</strong></span> 
     </span>
    </p>
   </div>
   <div class='ocr_carea' id='block_1_106' title="bbox 2281 4637 3816 4710">
    <p class='ocr_par' dir='ltr' id='par_1_106' title="bbox 2281 4637 3816 4710">
     <span class='ocr_line' id='line_1_107' title="bbox 2281 4637 3816 4710; baseline -0.003 -18"><span class='ocrx_word' id='word_1_781' title='bbox 2281 4638 2606 4704; x_wconf 86' lang='lat' dir='ltr'><strong>declaravit,</strong></span> <span class='ocrx_word' id='word_1_782' title='bbox 2655 4637 3019 4710; x_wconf 89' lang='lat' dir='ltr'><strong>Arianamque</strong></span> <span class='ocrx_word' id='word_1_783' title='bbox 3049 4641 3295 4697; x_wconf 64' lang='lat' dir='ltr'><strong>haeresim</strong></span> <span class='ocrx_word' id='word_1_784' title='bbox 3323 4642 3659 4696; x_wconf 87' lang='lat' dir='ltr'><strong>anathemate</strong></span> <span class='ocrx_word' id='word_1_785' title='bbox 3684 4637 3816 4698; x_wconf 81' lang='lat' dir='ltr'><strong>feriit,</strong></span> 
     </span>
    </p>
   </div>
   <div class='ocr_carea' id='block_1_107' title="bbox 2283 4730 3826 4810">
    <p class='ocr_par' dir='ltr' id='par_1_107' title="bbox 2283 4730 3826 4810">
     <span class='ocr_line' id='line_1_108' title="bbox 2283 4730 3826 4810; baseline 0.002 -26"><span class='ocrx_word' id='word_1_786' title='bbox 2283 4730 2559 4799; x_wconf 86' lang='lat' dir='ltr'><strong>vetuitque</strong></span> <span class='ocrx_word' id='word_1_787' title='bbox 2588 4747 2655 4786; x_wconf 90' lang='lat' dir='ltr'><strong>ne</strong></span> <span class='ocrx_word' id='word_1_788' title='bbox 2685 4733 2806 4802; x_wconf 92' lang='lat' dir='ltr'><strong>quis</strong></span> <span class='ocrx_word' id='word_1_789' title='bbox 2832 4732 2978 4787; x_wconf 93' lang='lat' dir='ltr'><strong>illam</strong></span> <span class='ocrx_word' id='word_1_790' title='bbox 3011 4736 3298 4804; x_wconf 89' lang='lat' dir='ltr'><strong>reciperet.</strong></span> <span class='ocrx_word' id='word_1_791' title='bbox 3339 4755 3358 4788; x_wconf 76' lang='grc' dir='ltr'><strong>ι</strong></span> <span class='ocrx_word' id='word_1_792' title='bbox 3402 4737 3594 4791; x_wconf 78' lang='grc' dir='ltr'><strong>Μέλλων</strong></span> <span class='ocrx_word' id='word_1_793' title='bbox 3618 4736 3707 4810; x_wconf 67' lang='grc' dir='ltr'>γάρ</span> <span class='ocrx_word' id='word_1_794' title='bbox 3729 4734 3826 4784; x_wconf 73' lang='grc' dir='ltr'><strong>ἄπο·</strong></span> 
     </span>
    </p>
   </div>
   <div class='ocr_carea' id='block_1_108' title="bbox 2280 4823 3826 4905">
    <p class='ocr_par' dir='ltr' id='par_1_108' title="bbox 2280 4823 3826 4905">
     <span class='ocr_line' id='line_1_109' title="bbox 2280 4823 3826 4905; baseline 0.001 -28"><span class='ocrx_word' id='word_1_795' title='bbox 2280 4827 2524 4887; x_wconf 76' lang='grc' dir='ltr'><strong>θνήσκειν,</strong></span> <span class='ocrx_word' id='word_1_796' title='bbox 2555 4826 2734 4903; x_wconf 83' lang='grc' dir='ltr'><strong>ὥσπερ</strong></span> <span class='ocrx_word' id='word_1_797' title='bbox 2775 4824 3108 4901; x_wconf 78' lang='grc' dir='ltr'><strong>διατιθέμενος</strong></span> <span class='ocrx_word' id='word_1_798' title='bbox 3139 4831 3472 4905; x_wconf 77' lang='grc' dir='ltr'><strong>ἐμαρτύρατο</strong></span> <span class='ocrx_word' id='word_1_799' title='bbox 3497 4833 3585 4887; x_wconf 71' lang='grc' dir='ltr'><strong>τήν</strong></span> <span class='ocrx_word' id='word_1_800' title='bbox 3611 4827 3739 4902; x_wconf 82' lang='grc' dir='ltr'>βίαν,</span> <span class='ocrx_word' id='word_1_801' title='bbox 3766 4823 3826 4874; x_wconf 75' lang='grc' dir='ltr'><strong>καὶ</strong></span> 
     </span>
    </p>
   </div>
   <div class='ocr_carea' id='block_1_109' title="bbox 2282 4912 3828 4998">
    <p class='ocr_par' dir='ltr' id='par_1_109' title="bbox 2282 4912 3828 4998">
     <span class='ocr_line' id='line_1_110' title="bbox 2282 4912 3828 4998; baseline -0.001 -23"><span class='ocrx_word' id='word_1_802' title='bbox 2282 4923 2372 4978; x_wconf 72' lang='grc' dir='ltr'><strong>τήν</strong></span> <span class='ocrx_word' id='word_1_803' title='bbox 2392 4917 2644 4995; x_wconf 78' lang='grc' dir='ltr'><strong>Ἀρειανὴν</strong></span> <span class='ocrx_word' id='word_1_804' title='bbox 2668 4920 2866 4994; x_wconf 81' lang='grc' dir='ltr'>αἵρεσιν</span> <span class='ocrx_word' id='word_1_805' title='bbox 2883 4923 3224 4993; x_wconf 71' lang='grc' dir='ltr'><strong>ἀνεθεμάτιζε,</strong></span> <span class='ocrx_word' id='word_1_806' title='bbox 3254 4925 3340 4975; x_wconf 83' lang='grc' dir='ltr'><strong>καὶ</strong></span> <span class='ocrx_word' id='word_1_807' title='bbox 3360 4920 3665 4998; x_wconf 68' lang='grc' dir='ltr'><strong>παρήγγελλε</strong></span> <span class='ocrx_word' id='word_1_808' title='bbox 3686 4912 3828 4989; x_wconf 77' lang='grc' dir='ltr'><strong>μηδένα</strong></span> 
     </span>
    </p>
   </div>
   <div class='ocr_carea' id='block_1_110' title="bbox 2283 5002 3828 5083">
    <p class='ocr_par' dir='ltr' id='par_1_110' title="bbox 2283 5002 3828 5083">
     <span class='ocr_line' id='line_1_111' title="bbox 2283 5002 3828 5083; baseline -0.005 -15"><span class='ocrx_word' id='word_1_809' title='bbox 2283 5014 2474 5071; x_wconf 82' lang='grc' dir='ltr'>ταύτην</span> <span class='ocrx_word' id='word_1_810' title='bbox 2519 5009 2890 5083; x_wconf 79' lang='grc' dir='ltr'><strong>ἀποδέχεσθαι.</strong></span> <span class='ocrx_word' id='word_1_811' title='bbox 2937 5010 3124 5081; x_wconf 83' lang='lat' dir='ltr'><strong>Neque</strong></span> <span class='ocrx_word' id='word_1_812' title='bbox 3172 5012 3326 5067; x_wconf 89' lang='lat' dir='ltr'><strong>aliter</strong></span> <span class='ocrx_word' id='word_1_813' title='bbox 3384 5013 3724 5081; x_wconf 83' lang='lat' dir='ltr'><strong>Augustinus;</strong></span> <span class='ocrx_word' id='word_1_814' title='bbox 3763 5002 3828 5072; x_wconf 86' lang='lat' dir='ltr'><strong>qui</strong></span> 
     </span>
    </p>
   </div>
   <div class='ocr_carea' id='block_1_111' title="bbox 2283 5097 3829 5162">
    <p class='ocr_par' dir='ltr' id='par_1_111' title="bbox 2283 5097 3829 5162">
     <span class='ocr_line' id='line_1_112' title="bbox 2283 5097 3829 5162; baseline -0.006 0"><span class='ocrx_word' id='word_1_815' title='bbox 2283 5107 2469 5162; x_wconf 88' lang='lat' dir='ltr'><strong>Osium</strong></span> <span class='ocrx_word' id='word_1_816' title='bbox 2526 5105 2578 5160; x_wconf 92' lang='lat' dir='ltr'><strong>in</strong></span> <span class='ocrx_word' id='word_1_817' title='bbox 2640 5105 2887 5161; x_wconf 73' lang='lat' dir='ltr'><strong>ecclesia:</strong></span> <span class='ocrx_word' id='word_1_818' title='bbox 2951 5105 3235 5160; x_wconf 77' lang='lat' dir='ltr'><strong>catholica:</strong></span> <span class='ocrx_word' id='word_1_819' title='bbox 3301 5103 3671 5160; x_wconf 90' lang='lat' dir='ltr'><strong>communione</strong></span> <span class='ocrx_word' id='word_1_820' title='bbox 3721 5097 3829 5152; x_wconf 85' lang='lat' dir='ltr'><strong>diem</strong></span> 
     </span>
    </p>
   </div>
   <div class='ocr_carea' id='block_1_112' title="bbox 2357 5261 3828 5352">
    <p class='ocr_par' dir='ltr' id='par_1_112' title="bbox 2357 5261 3828 5352">
     <span class='ocr_line' id='line_1_113' title="bbox 2357 5261 3828 5352; baseline 0.001 -36"><span class='ocrx_word' id='word_1_821' title='bbox 2357 5261 2673 5352; x_wconf 41' lang='lat' dir='ltr'><strong>(IllnAtlt‘q‘n.</strong></span> <span class='ocrx_word' id='word_1_822' title='bbox 2725 5261 2863 5317; x_wconf 88' lang='lat' dir='ltr'><strong>Hist.</strong></span> <span class='ocrx_word' id='word_1_823' title='bbox 2923 5261 3198 5335; x_wconf 81' lang='lat' dir='ltr'><strong>Arian.,§</strong></span> <span class='ocrx_word' id='word_1_824' title='bbox 3245 5262 3315 5318; x_wconf 70' lang='lat'>42</span> <span class='ocrx_word' id='word_1_825' title='bbox 3345 5277 3466 5334; x_wconf 86' lang='lat' dir='ltr'><strong>seq.</strong></span> <span class='ocrx_word' id='word_1_826' title='bbox 3498 5277 3618 5333; x_wconf 90' lang='lat' dir='ltr'><strong>opp.</strong></span> <span class='ocrx_word' id='word_1_827' title='bbox 3669 5267 3828 5317; x_wconf 80' lang='lat' dir='ltr'><strong>tom.b</strong></span> 
     </span>
    </p>
   </div>
   <div class='ocr_carea' id='block_1_113' title="bbox 2287 5333 3347 5548">
    <p class='ocr_par' dir='ltr' id='par_1_113' title="bbox 2287 5333 3347 5548">
     <span class='ocr_line' id='line_1_114' title="bbox 2287 5333 3189 5407; baseline -0.003 -17"><span class='ocrx_word' id='word_1_828' title='bbox 2287 5349 2342 5407; x_wconf 92' lang='lat' dir='ltr'><strong>p.</strong></span> <span class='ocrx_word' id='word_1_829' title='bbox 2376 5335 2500 5399; x_wconf 81' lang='lat'><strong>368.</strong></span> <span class='ocrx_word' id='word_1_830' title='bbox 2528 5333 2652 5390; x_wconf 80' lang='lat'><strong>569.</strong></span> <span class='ocrx_word' id='word_1_831' title='bbox 3176 5333 3189 5335; x_wconf 79' lang='grc'><strong><em>“</em></strong></span> 
     </span>
     <span class='ocr_line' id='line_1_115' title="bbox 2362 5404 3347 5548; baseline 0 -89"><span class='ocrx_word' id='word_1_832' title='bbox 2362 5406 2444 5531; x_wconf 70' lang='grc'>(2)</span> <span class='ocrx_word' id='word_1_833' title='bbox 2475 5405 2547 5460; x_wconf 89' lang='lat' dir='ltr'><strong>td.</strong></span> <span class='ocrx_word' id='word_1_834' title='bbox 2742 5404 2887 5548; x_wconf 58' lang='lat' dir='ltr'><strong>get,</strong></span> <span class='ocrx_word' id='word_1_835' title='bbox 2920 5419 3040 5474; x_wconf 86' lang='lat' dir='ltr'><strong>pag.</strong></span> <span class='ocrx_word' id='word_1_836' title='bbox 3065 5405 3202 5522; x_wconf 42' lang='lat'><strong>1.570,</strong></span> <span class='ocrx_word' id='word_1_837' title='bbox 3235 5419 3347 5476; x_wconf 86' lang='lat' dir='ltr'><strong>seq.</strong></span> 
     </span>
     <span class='ocr_line' id='line_1_116' title="bbox 2366 5477 3245 5548; baseline 0.005 -20"><span class='ocrx_word' id='word_1_838' title='bbox 2366 5478 2440 5548; x_wconf 48' lang='grc'><strong>(5,</strong></span> <span class='ocrx_word' id='word_1_839' title='bbox 2477 5477 2556 5548; x_wconf 79' lang='lat' dir='ltr'><strong>ltl.</strong></span> <span class='ocrx_word' id='word_1_840' title='bbox 2588 5477 2716 5548; x_wconf 78' lang='lat' dir='ltr'><strong>tlnd.</strong></span> <span class='ocrx_word' id='word_1_841' title='bbox 2799 5478 2889 5548; x_wconf 79' lang='lat'><strong>75.</strong></span> <span class='ocrx_word' id='word_1_842' title='bbox 2919 5491 3038 5545; x_wconf 89' lang='lat' dir='ltr'><strong>pag.</strong></span> <span class='ocrx_word' id='word_1_843' title='bbox 3069 5479 3197 5548; x_wconf 62' lang='grc' dir='ltr'><strong>δη.</strong></span> <span class='ocrx_word' id='word_1_844' title='bbox 3242 5547 3245 5548; x_wconf 17' lang='grc' dir='ltr'><em>ν</em></span> 
     </span>
    </p>
   </div>
   <div class='ocr_carea' id='block_1_114' title="bbox 2366 5477 3197 5545">
    <p class='ocr_par' dir='ltr' id='par_1_114' title="bbox 2366 5477 3197 5545">
     <span class='ocr_line' id='line_1_117' title="bbox 2366 5477 3197 5545; baseline 0.001 -14"><span class='ocrx_word' id='word_1_845' title='bbox 2366 5477 2444 5544; x_wconf 71' lang='grc' dir='ltr'>(δ)</span> <span class='ocrx_word' id='word_1_846' title='bbox 2477 5477 2556 5530; x_wconf 89' lang='lat' dir='ltr'><strong>ld.</strong></span> <span class='ocrx_word' id='word_1_847' title='bbox 2588 5477 2716 5530; x_wconf 90' lang='lat' dir='ltr'><strong>ibid.</strong></span> <span class='ocrx_word' id='word_1_848' title='bbox 2744 5477 2771 5545; x_wconf 84' lang='lat'>§</span> <span class='ocrx_word' id='word_1_849' title='bbox 2799 5478 2889 5534; x_wconf 82' lang='lat'><strong>75.</strong></span> <span class='ocrx_word' id='word_1_850' title='bbox 2919 5491 3038 5545; x_wconf 86' lang='lat' dir='ltr'><strong>pag.</strong></span> <span class='ocrx_word' id='word_1_851' title='bbox 3069 5479 3197 5533; x_wconf 65' lang='grc' dir='ltr'><strong>δη.</strong></span> 
     </span>
    </p>
   </div>
   <div class='ocr_carea' id='block_1_115' title="bbox 2364 5546 3578 5690">
    <p class='ocr_par' dir='ltr' id='par_1_115' title="bbox 2364 5546 3578 5690">
     <span class='ocr_line' id='line_1_118' title="bbox 2364 5546 3578 5690; baseline -0.001 -87"><span class='ocrx_word' id='word_1_852' title='bbox 2584 5546 2844 5674; x_wconf 47' lang='grc' dir='ltr'><strong>ᾒὲῗζάο</strong></span> <span class='ocrx_word' id='word_1_853' title='bbox 2869 5547 2991 5619; x_wconf 78' lang='lat' dir='ltr'><strong>fuga</strong></span> <span class='ocrx_word' id='word_1_854' title='bbox 3014 5563 3131 5614; x_wconf 89' lang='lat' dir='ltr'><strong>sua,</strong></span> <span class='ocrx_word' id='word_1_855' title='bbox 3164 5547 3192 5620; x_wconf 61' lang='grc' dir='ltr'>ᾗ</span> <span class='ocrx_word' id='word_1_856' title='bbox 3218 5547 3273 5614; x_wconf 79' lang='lat'><strong>5,</strong></span> <span class='ocrx_word' id='word_1_857' title='bbox 3302 5562 3425 5620; x_wconf 89' lang='lat' dir='ltr'><strong>pag.</strong></span> <span class='ocrx_word' id='word_1_858' title='bbox 3456 5549 3578 5605; x_wconf 81' lang='lat'>522.</span> 
     </span>
    </p>
   </div>
   <div class='ocr_carea' id='block_1_116' title="bbox 2364 5679 3436 5765">
    <p class='ocr_par' dir='ltr' id='par_1_116' title="bbox 2364 5679 3436 5765">
     <span class='ocr_line' id='line_1_119' title="bbox 2364 5679 3436 5765; baseline -0.002 -18"><span class='ocrx_word' id='word_1_859' title='bbox 2364 5679 2451 5762; x_wconf 81' lang='grc' dir='ltr'>(ϐ)</span> <span class='ocrx_word' id='word_1_860' title='bbox 2481 5688 2559 5747; x_wconf 87' lang='lat' dir='ltr'><strong>Id.</strong></span> <span class='ocrx_word' id='word_1_861' title='bbox 2591 5689 2727 5748; x_wconf 85' lang='lat' dir='ltr'><strong>Hist.</strong></span> <span class='ocrx_word' id='word_1_862' title='bbox 2759 5690 2945 5747; x_wconf 82' lang='lat' dir='ltr'><strong>Arian.</strong></span> <span class='ocrx_word' id='word_1_863' title='bbox 2977 5689 3008 5760; x_wconf 71' lang='grc' dir='ltr'><strong>ς</strong></span> <span class='ocrx_word' id='word_1_864' title='bbox 3036 5688 3128 5760; x_wconf 69' lang='grc'><strong>45,</strong></span> <span class='ocrx_word' id='word_1_865' title='bbox 3154 5705 3275 5765; x_wconf 85' lang='lat' dir='ltr'><strong>pag.</strong></span> <span class='ocrx_word' id='word_1_866' title='bbox 3308 5689 3436 5746; x_wconf 76' lang='lat'><strong>372.</strong></span> 
     </span>
    </p>
   </div>
  </div>
