4106 6184
519 226 656 299 ιδιε

1657 229 1857 301 OSlUS
1898 228 2271 298 EPiSCOEUS
2297 229 2789 297 CORDUBENSIS-

3688 222 3822 294 tius

517 368 562 405 ο.
593 353 626 407 9
655 359 700 405 et
721 346 819 422 lO)
842 347 1087 406 formulis
1111 346 1370 405 adversus
1390 346 1660 405 Nicmnam
1685 350 1968 422 evulgatis,
1992 365 2113 405 om-
2146 354 2189 413 Α
2221 346 2924 422 dit.llarumrerum(Epist.
2946 344 3133 407 consil.
3151 349 3595 422 Sardicea..apud
3606 350 3826 416 Αιιωυτ..

517 446 604 500 nia
629 459 828 515 susque
850 444 1023 516 deque
1070 443 1380 509 miscerent,
1411 443 1606 509 Julius.
1631 454 1688 499 ut
1716 445 1927 501 afﬂictis
1959 444 2120 499 rebus

515 540 845 606 Consuleret,
891 539 1169 609 negotium
1198 537 1263 595 ad
1291 539 1640 599 Constantem
1669 538 1928 609 (Sozam,
1959 537 1998 592 l.
2039 552 2117 607 ιιι,

515 650 562 688 c.
614 632 681 698 9;
713 630 986 700 Tlteod.,l.
1019 648 1078 695 ιι.
1101 649 1146 688 c.
1180 632 1244 703 5)
1295 631 1509 689 detulit.
1527 631 1631 699 Qui
1651 646 1772 687 cum
1800 629 2122 689 Constantio

514 724 690 791 fratri,
723 724 812 795 qui
845 725 1110 779 orientem
1140 723 1523 783 moderabatur
1552 724 1811 795 (Sacrat.,
1845 724 1881 778 l.
1914 738 1974 786 ιι,
2001 738 2117 792 cap.

518 815 584 870 16
600 816 641 885 ),
669 830 763 885 per
788 816 994 871 litteras
1010 825 1067 869 ut
1084 814 1322 887 synodus
1344 826 1630 886 cogeretur
1654 816 1909 873 suasisset
1937 832 1950 872 :
1984 829 2120 884 pon-

519 910 677 965 tificis
696 912 1018 966 auctoritate
1045 907 1207 982 (nam
1230 909 1296 965 de
1324 908 1579 981 (Attium,
1607 909 1746 980 apol.
1779 908 1835 971 2,
1858 918 1905 961 ct
1933 923 2015 977 ep.
2053 905 2122 963 ad

516 1002 653 1059 salit.
686 1003 775 1057 vit.
806 1002 983 1074 agen.)
1012 1002 1294 1072 priestituti
1319 1001 1384 1057 ad
1414 1000 1706 1058 concilium
1735 1000 1997 1069 temporis
2019 1014 2118 1054 au-

513 1098 686 1168 gustia
706 1097 955 1152 nonnulli
971 1096 1263 1157 orientales
1279 1095 1517 1166 episcopi
1536 1109 1656 1152 eum
1673 1090 2118 1167 criminabantur)

513 1189 1013 1260 imperatorumque
1043 1188 1302 1257 (Sacrat.,
1350 1187 1441 1243 lib.
1475 1203 1534 1255 ιι,
1586 1204 1701 1257 cap.
1754 1184 2118 1252 l6;Sazam.,

514 1284 605 1339 lib.
651 1299 731 1350 ιιι,
761 1300 809 1339 c.
844 1283 1235 1352 ll)consensu
1286 1282 1427 1351 apud
1473 1282 1749 1339 Sardieant
1796 1280 2001 1352 Illyrici
2028 1295 2118 1335 ur-

516 1375 637 1431 bem
662 1380 901 1447 synodus
920 1376 1191 1445 generalis
1213 1374 1488 1439 indicitur,
1502 1373 1699 1439 Rufino
1716 1370 1959 1444 (Atinam,
1976 1370 2117 1441 apol.

513 1468 547 1522 2
567 1487 581 1533 ;
602 1467 824 1534 Tlteod.,
846 1469 884 1523 l.
904 1484 963 1532 ιι,
978 1486 1025 1522 c.
1042 1469 1095 1535 7;
1116 1467 1347 1536 Sacrat.,
1366 1466 1609 1540 ubisup.)
1627 1464 1927 1522 etEuscbio
1940 1462 2118 1530 Cass,

512 1577 657 1618 anno
688 1571 809 1633 post
849 1563 1054 1625 obitum
1102 1561 1442 1619 Constantini
1469 1560 1774 1617 undecimo.
1817 1558 1897 1614 Eo
1924 1572 2123 1615 conve-

515 1671 646 1710 ncre
671 1653 910 1725 (Albam,
953 1655 1161 1725 apolog.
1188 1653 1243 1725 2)
1268 1652 1508 1725 episcopi
1537 1652 1751 1707 circiter
1781 1650 2001 1706 ducenti
2031 1664 2122 1705 oc-

2224 445 2425 515 apolﬂ,
2441 455 2486 498 et
2508 445 2845 500 idemAt/mn.
2866 446 2918 503 in
2934 463 3014 518 ep.
3034 447 3102 501 ad
3128 448 3270 503 salit.
3291 449 3383 503 ait.
3405 463 3578 519 agam;
3598 447 3826 514 Sacram.

2223 538 2315 594 lib.
2348 556 2404 603 ιι,
2432 537 2661 612 cap.l6;
2694 539 2927 606 Sozam,
2951 540 3042 597 lib.
3088 557 3172 610 ιιι,
3203 559 3250 595 c.
3287 542 3377 614 ll)
3406 542 3746 611 indignitate,
3776 550 3828 596 et

2225 631 2481 701 singulari
2514 631 2793 688 hominum
2840 632 3173 703 impudentia
3202 633 3458 689 commoti
3481 632 3830 691 Sardicenses

2228 731 2431 791 patres.
2461 723 2516 780 in
2546 739 2642 781 eos
2667 733 2723 783 ut
2742 739 2920 782 causa:
2940 728 3272 790 desertores,
3301 727 3684 782 criminatores
3711 725 3828 795 pio-

2224 829 2343 868 rum
2364 816 2626 880 omnium,
2655 824 2709 871 et
2735 816 3053 872 orthodoxae
3086 818 3207 872 fidei
3236 818 3605 882 adversarios,
3644 816 3833 888 justis-

2224 907 2420 962 simum
2447 908 2731 963 anathema
2756 908 3128 973 conclamant;
3154 908 3489 980 Stephanum
3529 908 3833 965 Antioche-

2224 1017 2377 1067 num,
2412 1001 2822 1071 Metmphantetu
2844 1002 3203 1073 Ephesinum,
3233 1002 3542 1059 Narcissum
3568 1002 3833 1059 Neronia-

2225 1092 2330 1158 dis,
2365 1091 2707 1149 Theodorum
2759 1093 3195 1158 Heracleensem,
3231 1097 3485 1151 Acacium
3529 1094 3836 1151 Caesarien-

2224 1198 2375 1249 sem,
2404 1183 2684 1244 Ursacinm
2714 1195 2769 1243 et
2811 1185 3086 1242 Valentem
3116 1202 3185 1242 ex
3214 1186 3508 1258 episeOpali
3548 1186 3721 1258 gradu
3751 1185 3836 1242 di-

2224 1285 2469 1342 movent,
2503 1276 2824 1349 Gregorium
2862 1279 3150 1348 impriinis,
3186 1280 3278 1350 qui
3325 1279 3378 1334 in
3412 1278 3835 1334 Alexandrinam

2225 1370 2410 1431 sedem
2457 1371 2679 1431 armatis
2727 1372 2986 1429 militibus
3014 1383 3203 1442 septus
3245 1372 3512 1443 irruperat
3542 1390 3556 1425 :
3590 1372 3835 1426 Athana-

2225 1465 2366 1523 sium
2395 1474 2452 1527 et
2478 1464 2660 1520 socios
2690 1465 3003 1525 honorificis
3023 1465 3269 1537 judieum
3300 1468 3584 1523 sententiis
3634 1481 3704 1523 ac
3739 1466 3837 1524 de

2223 1558 2388 1613 cretis
2406 1568 2647 1624 ornatos,
2677 1573 2897 1617 suat-um
2921 1560 3114 1619 iterum
3139 1558 3330 1629 jubent
3349 1559 3704 1616 ecclesiarum
3732 1575 3833 1630 gu-

2224 1651 2514 1709 bernacula
2542 1667 2848 1723 capessere.
2883 1653 3239 1720 Homousion,
3280 1653 3663 1725 Niezrnamque
3706 1656 3840 1711 doc-

515 1753 715 1819 togittta
744 1764 815 1805 ex
842 1747 1144 1813 occidente,
1176 1758 1232 1805 et
1252 1764 1323 1804 ex
1369 1750 1580 1809 oriente
1622 1748 1959 1818 septuaginta
1992 1759 2111 1803 sex.
2144 1752 2194 1813 Β
2221 1746 2440 1813 trinam,
2485 1756 2541 1803 ut
2588 1746 2755 1803 nullis
2795 1758 3042 1818 egentem
3073 1745 3314 1820 (Alliam,
3346 1764 3428 1819 ep.
3471 1747 3541 1801 ad
3568 1747 3839 1818 Antioch.)

513 1845 672 1898 Osius
701 1843 915 1917 (Athan.
944 1842 1060 1901 ead.
1082 1844 1222 1913 apol.
1242 1843 1298 1906 2.
1320 1853 1365 1900 et
1388 1845 1535 1916 epist.
1565 1842 1633 1897 ad
1654 1843 1793 1899 salit.
1815 1842 1903 1899 ait.
1927 1856 2111 1910 agam;

515 1937 724 1992 Socrat.
754 1946 801 1992 et
827 1935 1053 2001 Theod.,
1085 1936 1171 1990 ubi
1200 1935 1369 2008 sup.),
1399 1935 1756 1993 Archidamus
1781 1944 1836 1992 et
1868 1934 2118 1991 Philoxe—

514 2047 617 2087 nus
643 2030 770 2085 Julii
802 2032 1023 2087 nomine
1054 2039 1339 2100 praeerant.
1366 2029 1550 2086 Adfuit
1574 2031 1592 2101 (
1611 2029 1827 2094 Alliam,
1858 2027 1971 2083 loco
1987 2027 2113 2099 cit.)

511 2134 566 2179 et
598 2123 925 2180 Athanasius
950 2138 1070 2178 cum
1096 2122 1279 2191 sociis,
1310 2121 1379 2178 ad
1405 2121 1633 2178 crimina
1677 2138 1903 2191 quorum
1935 2129 2116 2191 postu-

513 2216 606 2271 lati
657 2216 887 2279 fuerant,
915 2215 1190 2272 diluenda.
1236 2215 1432 2272 Verum
1459 2215 1750 2272 orientales
1784 2215 1910 2269 Ario
1950 2214 2114 2284 pleni,

510 2324 633 2362 cum
655 2308 1022 2378 intelligerent
1040 2322 1154 2364 rem
1176 2308 1439 2378 agendam
1460 2323 1582 2364 esse
1600 2307 1719 2363 sine
1744 2306 2000 2379 (Socrat.,
2024 2306 2114 2361 lib.

511 2418 573 2468 ll,
602 2419 648 2457 c.
683 2404 782 2468 l6;
814 2402 1094 2467 Albanas,
1125 2402 1267 2473 apol.
1296 2401 1364 2473 Ξ)
1387 2401 1726 2466 Musoniano,
1751 2400 2038 2472 Hesychia,
2064 2410 2121 2456 et

511 2498 786 2563 Castritio,
814 2512 1039 2568 quorum
1073 2496 1265 2551 muniti
1293 2496 1590 2560 lictoribus,
1619 2496 1995 2564 episcoporum
2023 2508 2117 2549 so-

509 2589 695 2645 lebant
723 2588 972 2647 obterere
1001 2587 1305 2643 libertatem
1326 2604 1340 2640 :
1361 2586 1527 2642 diffisi
1550 2601 1750 2652 causae,
1769 2596 1822 2643 et
1849 2586 2119 2641 scelerum

510 2680 846 2737 conscientia
874 2678 1227 2744 consternati,
1261 2689 1518 2737 venturos
1559 2677 1813 2752 (Athatt.,
1850 2677 2003 2747 epist.
2047 2677 2119 2732 ad

509 2774 649 2830 salit.
678 2774 766 2828 ait.
790 2790 964 2845 agam,
996 2783 1045 2828 cl
1074 2774 1216 2845 apol.
1242 2772 1301 2843 2)
1328 2788 1387 2829 se
1414 2772 1468 2828 in
1514 2772 1707 2846 synodi
1741 2780 2113 2842 conspectum,

510 2865 615 2921 nisi
647 2866 793 2936 prius
830 2866 1122 2923 Athanasio
1148 2877 1204 2923 et
1231 2865 1394 2923 sociis
1418 2865 1488 2923 de
1512 2865 1691 2922 medio
1723 2865 1911 2936 pulsis,
1939 2865 2115 2936 palam

511 2968 793 3029 negarunt.
834 2960 988 3028 Quod
1009 2976 1131 3016 cum
1163 2960 1515 3017 Sardicenses
1542 2969 1722 3030 patres
1760 2959 1829 3016 de
1859 2961 2117 3016 innocen-

512 3055 653 3110 tibus
674 3070 736 3110 ac
763 3054 1119 3112 sanctissimis
1144 3054 1295 3119 viris,
1321 3053 1540 3124 jamque
1567 3054 1620 3109 in
1650 3052 1946 3111 Romanam
1972 3068 2118 3109 coms-

2222 1838 2567 1906 assumentis,
2591 1838 2685 1895 sed
2728 1840 2964 1895 numeris
2992 1840 3243 1896 omnibus
3265 1841 3593 1906 absolutam,
3614 1841 3843 1913 religio-

2223 1934 2454 1990 sissimis
2482 1934 2964 1994 acclamationibus
2993 1934 3352 2005 comprobant
3372 1953 3385 1987 :
3405 1935 3657 1990 tabellam
3681 1951 3837 2002 vero,

2222 2040 2505 2082 acnovam
2549 2027 2855 2095 formularii,
2887 2043 3046 2097 «ruam
3101 2026 3400 2087 adversarii
3441 2027 3726 2093 finxerant,
3786 2037 3841 2085 et

2224 2122 2441 2176 nomine
2474 2122 2666 2194 synodi
2696 2121 3035 2178 Sardicensis
3054 2121 3358 2189 ediderant,
3392 2130 3449 2176 ut
3469 2122 3836 2179 adulterinam

2223 2228 2286 2269 ac
2314 2215 2709 2285 supposititiam
2737 2215 3018 2286 abrogant,
3060 2224 3221 2286 atque
3248 2213 3564 2271 rescindunt
3595 2234 3607 2268 :
3644 2216 3839 2289 viginti

2222 2306 2454 2377 denique
2499 2306 3052 2382 canones(Nicol.I,
3095 2327 3176 2382 ep.
3227 2325 3305 2377 ιι,
3349 2310 3419 2365 ad
3459 2308 3732 2377 Photium,
3791 2320 3842 2367 cl

2226 2397 2443 2471 Dionys.
2474 2401 2651 2473 [ἐτύθη
2682 2404 2734 2456 in
2760 2402 2963 2474 prwfal.
2995 2406 3272 2476 canonum)
3302 2419 3476 2472 graece
3502 2413 3557 2460 et
3578 2405 3741 2461 latine
3773 2407 3830 2461 in

2224 2510 2566 2549 communem
2609 2495 2867 2550 Ecclesia:
2898 2495 3183 2551 utilitatem
3214 2498 3466 2553 sanciunt
3496 2515 3509 2551 :
3542 2499 3839 2569 omniaque

2231 2602 2338 2657 quo
2366 2586 2556 2643 ordine
2572 2598 2721 2659 gesta
2744 2598 2889 2654 sunt,
2907 2587 3191 2659 diligenter
3212 2591 3571 2658 perscribunt,
3598 2591 3833 2661 primum

2223 2676 2396 2749 (apud
2447 2676 2718 2750 Cresam.)
2762 2678 2900 2735 Julio
2931 2678 3176 2735 Romano
3202 2680 3463 2752 pontifici,
3510 2684 3838 2754 cazterisque

2223 2770 2386 2842 (apud
2410 2770 2683 2838 Albanas,
2708 2771 2845 2843 apol.
2878 2770 2937 2844 2)
2963 2772 3259 2843 episcopis;
3295 2782 3356 2828 ut
3398 2774 3463 2831 iis
3491 2791 3625 2847 quos
3644 2776 3837 2833 Ariani

2222 2861 2575 2932 injustissime
2619 2871 2966 2930 vexaverant,
3012 2865 3202 2920 solatio
3228 2881 3291 2921 ac
3331 2867 3574 2943 perfugio
3601 2879 3788 2925 essent
3818 2888 3837 2926 :

2221 2953 2415 3009 deinde
2446 2954 2825 3011 Alexandrina:
2848 2957 3116 3024 ecclesiae,
3163 2958 3316 3029 cujus
3344 2969 3625 3032 tantOpere
3663 2963 3839 3021 inter-

2221 3055 2369 3112 erat,
2423 3061 2773 3118 quaecumque
2816 3047 2882 3102 ad
2922 3047 3200 3105 Athanasii
3247 3065 3464 3107 causam
3513 3054 3843 3125 spectabant

510 3149 824 3203 munionem
852 3148 1109 3218 receptis,
1139 3147 1439 3202 abnuerent
1462 3146 1814 3212 constituere,
1861 3147 2115 3202 Ariauos-
2142 3148 2187 3213 α
2222 3156 2328 3196 non
2359 3140 2608 3211 ignorare
2636 3160 2648 3196 :
2678 3152 2787 3196 tum
2820 3141 3097 3200 Constanti
3151 3146 3411 3230 Augusto,
3441 3149 3528 3221 qui
3560 3148 3580 3221 <
3594 3148 3837 3218 Socrat.,

507 3256 614 3313 que
636 3242 827 3297 iterum
853 3250 1015 3312 atque
1039 3241 1232 3296 iterum
1259 3240 1745 3306 commonuissent,
1774 3250 1833 3295 ut
1860 3254 1891 3295 e
1918 3239 2117 3310 palatio

509 3349 616 3406 quo
645 3348 767 3390 sese
795 3332 1040 3406 (Alliam,
1071 3332 1160 3388 ubi
1187 3331 1332 3404 sup.)
1363 3332 1700 3398 abdiderant,
1739 3332 2016 3401 prodirent
2062 3332 2115 3388 in

508 3426 769 3491 medium,
802 3424 1001 3496 flagitia
1022 3439 1145 3496 quin
1175 3423 1474 3479 Athanasio
1515 3423 2115 3495 intenderant,.proba-

510 3521 647 3584 turi;
679 3519 915 3590 alioquin
945 3519 1091 3589 ipsos
1122 3533 1337 3573 reorum
1384 3517 1505 3572 loco
1533 3515 1809 3573 habendos
1838 3531 1960 3572 esse
1991 3531 2004 3569 :
2037 3516 2115 3572 illi

511 3622 617 3667 tam
652 3613 981 3682 incorruptis
1020 3612 1261 3681 iudicum
1310 3608 1580 3666 subselliis
1604 3624 1692 3664 res
1721 3623 1847 3664 suas
1891 3608 2116 3664 credere

510 3723 619 3763 non
646 3707 785 3769 ausi,
808 3706 943 3761 clam
971 3704 1228 3779 (Socrat.,
1248 3704 1338 3759 lib.
1384 3719 1443 3770 ιι,
1467 3719 1584 3773 cap.
1612 3702 1709 3767 16;
1742 3703 1979 3769 Sozam,
2019 3701 2110 3756 lib.

510 3812 592 3864 ιιι,
610 3814 656 3850 c.
680 3796 770 3867 10)
793 3797 1204 3867 Philippopolim
1222 3795 1462 3868 (Alliam,
1481 3813 1563 3866 ep.
1584 3795 1652 3851 ad
1671 3794 1933 3867 Antiacb.)
1952 3794 2115 3853 Thra-

508 3895 608 3948 cia:
637 3889 911 3960 defugere.
941 3888 1041 3945 Ubi
1064 3889 1326 3960 (Sozam,
1356 3888 1444 3943 lib.
1475 3903 1558 3955 tu,
1578 3905 1624 3943 c.
1673 3888 1775 3959 10)
1804 3903 1940 3947 nova
1988 3887 2115 3944 fidei

508 3984 763 4053 formula,
807 3984 952 4040 velut
979 3982 1047 4038 ad
1094 3980 1421 4052 capiendum
1451 3980 1593 4051 quod
1624 3980 1858 4036 Nicaeus:
1905 3980 2110 4046 deerat,

508 4081 675 4149 edita,
698 4079 1025 4137 damnarunt
1053 4074 1422 4140 HomousiOn;
1461 4074 1721 4135 adversus
1753 4072 2110 4133 Athanasium

508 4184 563 4228 et
591 4176 770 4227 socios
798 4187 892 4228 sua
919 4171 1137 4231 decreta
1164 4167 1591 4232 conﬁrmarunt;
1619 4166 1782 4232 Julio,
1812 4166 1964 4232 Osio,
2007 4181 2113 4223 cte—

510 4268 747 4338 terisque
771 4266 1053 4323 Athanasii
1079 4263 1377 4325 fautoribus
1401 4261 1691 4321 edixerunt
1714 4261 2028 4325 anathema,
2059 4267 2116 4317 et

506 4359 815 4430 episcopale
873 4372 1066 4415 nomen
1097 4356 1191 4428 (S.
1235 4354 1397 4424 Δις..
1445 4352 1534 4409 lib.
1578 4368 1638 4409 ιιι
1664 4362 1802 4409 (aut.
1844 4350 2109 4416 Crescan.,

505 4473 553 4510 c.
586 4452 677 4521 '54,
708 4462 754 4508 et
780 4452 928 4523 epist.
962 4449 1104 4520 9.63)
1129 4448 1477 4518 abrogarunt.
1505 4445 1636 4513 Qua:
1676 4445 1977 4515 ontttiaquo
1993 4445 2111 4514 plus

2223 3232 2313 3288 lib.
2348 3249 2408 3301 ιι,
2441 3251 2487 3288 ε.
2519 3233 2621 3306 18)
2650 3251 2774 3290 mox
2803 3251 2899 3306 per
2936 3236 3142 3294 litteras
3171 3243 3278 3310 egit
3321 3256 3444 3296 cum
3490 3242 3658 3299 fratre
3690 3242 3843 3301 Con-

2220 3325 2441 3393 stantia,
2470 3335 2528 3381 ut
2551 3326 2712 3400 (quod
2743 3338 2795 3383 et
2827 3339 3010 3385 sancta
3040 3332 3277 3404 synodus
3306 3334 3546 3407 (At/mm,
3570 3338 3723 3411 epist.
3755 3339 3835 3392 ad

2220 3419 2361 3474 salit.
2388 3420 2479 3475 ait.
2509 3419 2686 3494 agon.)
2714 3421 2894 3477 missis
2923 3422 2988 3487 ad
3019 3439 3140 3479 eum
3187 3425 3463 3498 Euphrata
3492 3428 3839 3507 Agrippinae,

2218 3521 2274 3566 et
2330 3512 2609 3568 Vincentio
2651 3512 2850 3585 Capuae
2880 3516 3168 3586 episcOpis,
3218 3518 3476 3592 rogabat)
3533 3520 3844 3580 Athanasio

2217 3618 2269 3663 et
2314 3608 2476 3662 sociis
2507 3616 2696 3661 contra
2737 3607 2815 3661 fas
2855 3619 2908 3662 et
2931 3608 3021 3678 jus
3047 3625 3207 3666 omne
3249 3611 3489 3682 depulsis
3526 3614 3637 3670 suis
3677 3611 3842 3672 reddi

2219 3698 2476 3755 ecclesias
2507 3700 2817 3768 imperaret.
2852 3700 3029 3771 Atque
3058 3701 3143 3757 hic
3174 3703 3271 3759 fuit
3298 3706 3491 3777 synodi
3530 3707 3833 3764 Sardicen-

2219 3793 2295 3848 sis
2322 3793 2520 3848 exitus.
2553 3792 2820 3862 Quoniam
2849 3803 3029 3849 autem
3062 3795 3193 3851 nihil
3222 3813 3444 3870 novum,
3470 3799 3615 3871 quod
3659 3802 3727 3855 ad
3761 3802 3833 3856 fio

2218 3886 2337 3943 dem
2371 3888 2686 3957 pertineret,
2715 3888 2767 3942 in
2795 3888 2893 3942 hac
2914 3888 3122 3960 synodo
3152 3891 3414 3947 sancitum
3446 3893 3568 3964 fuit,
3597 3909 3704 3951 nec
3726 3894 3842 3969 (A-

2218 3980 2384 4046 lliam,
2408 3980 2555 4048 epist.
2585 3979 2653 4033 ad
2673 3976 2938 4053 Antioch.)
2968 3997 3142 4037 novus
3183 3982 3306 4039 fidei
3343 3986 3601 4041 articulus
3642 3989 3830 4059 expli-

2216 4082 2388 4138 catus,
2417 4071 2511 4127 sed
2543 4087 2605 4127 ea
2633 4080 2835 4127 tantum
2867 4073 3021 4129 novis
3041 4073 3310 4148 suffragiis
3340 4077 3573 4133 stabilita
3602 4094 3669 4135 ac
3694 4095 3838 4135 con-

2218 4167 2451 4232 firmata,
2491 4182 2611 4237 quae
2640 4179 2820 4237 patres
2859 4167 2912 4221 in
2944 4166 3159 4223 Nicmna
3207 4170 3415 4243 synodo
3451 4173 3788 4229 tradiderant
3812 4192 3837 4233 :

2218 4266 2501 4329 propterea
2528 4257 2765 4330 synodus
2785 4258 3142 4328 Sardicensis,
3177 4263 3299 4318 licet
3322 4277 3389 4319 ex
3420 4273 3534 4320 toto
3558 4264 3670 4320 fere
3693 4267 3837 4321 orbe

2215 4349 2465 4411 collecta.
2512 4365 2728 4421 semper
2758 4360 3027 4423 tamquam
3063 4371 3184 4424 pars
3211 4356 3594 4430 appcntlixque
3616 4357 3835 4414 Niczni

2216 4444 2429 4499 concilii
2466 4442 2564 4499 fuit
2592 4443 2804 4512 habita;
2837 4462 2959 4501 cum
2988 4450 3168 4504 omnia
3212 4465 3332 4520 qua:
3363 4449 3430 4505 de
3462 4451 3569 4507 fide
3608 4450 3835 4508 fuerunt

506 4547 769 4603 baberent
789 4543 1123 4600 auctoritatis
1142 4555 1206 4597 ac
1227 4537 1502 4609 ponderis,
1528 4536 1595 4595 ad
1617 4536 1994 4607 litareticorum
2016 4535 2112 4591 do-
2136 4545 2191 4607 1)
2218 4535 2456 4605 definita,
2484 4538 2549 4592 ad
2580 4538 2724 4593 illius
2749 4540 2965 4596 decreta
2990 4543 3251 4598 servanda
3281 4543 3601 4603 refcrantur.
3635 4542 3835 4615 Itaque

506 4642 590 4695 tos
628 4637 900 4704 conversi,
934 4644 1207 4706 tamquam
1245 4642 1364 4689 acta
1404 4640 1667 4703 gestaque
1702 4630 1755 4687 in
1804 4626 2112 4685 Sardicensi
2218 4629 2345 4686 licet
2376 4632 2489 4685 lucc
2516 4632 2754 4704 synodus
2783 4632 2949 4687 altera
2981 4631 3142 4695 fuerit
3163 4649 3190 4686 a
3225 4632 3464 4698 Nicmna,
3496 4645 3675 4691 tamen
3699 4640 3836 4703 quia

504 4736 733 4806 synodo,
760 4733 916 4806 cujus
940 4733 1236 4791 abutuntur
1258 4728 1496 4794 nomine,
1518 4725 1588 4785 ad
1622 4726 1888 4783 Donatum
1911 4723 2106 4795 (Epist.
2215 4741 2321 4782 non
2353 4741 2520 4781 novas
2547 4728 2786 4797 suscepit
2811 4726 2939 4782 fidei
2970 4727 3054 4783 vel
3087 4727 3344 4783 Ecclesia:
3366 4744 3582 4795 causas,
3612 4728 3712 4786 sed
3727 4729 3835 4785 Ni-

503 4827 688 4882 concil.
741 4827 1039 4893 δατϋιιιιη
1088 4826 1227 4897 apud
1278 4822 1495 4887 Atltan.,
1541 4820 1750 4891 apalag.
1790 4818 1856 4883 2;
1900 4817 2110 4877 elidens
2213 4834 2364 4875 cena:
2395 4828 2598 4873 tantum
2634 4819 2756 4875 fidei
2787 4819 3008 4875 tutelam
3039 4835 3103 4876 ac
3140 4822 3520 4890 patrocinium,
3550 4832 3626 4889 et,
3659 4835 3714 4877 ut
3737 4832 3837 4879 est

503 4920 694 4975 Athan.
718 4922 771 4975 in
791 4922 939 4993 epist.
962 4920 1031 4976 ad
1056 4920 1196 4976 salit.
1216 4919 1305 4975 ait.
1329 4933 1479 4989 agon.
1499 4932 1515 4983 ;
1537 4916 1742 4973 Socrat.
1767 4912 1857 4969 lib.
1884 4911 2104 4980 n,c.l6;
2212 4913 2265 4967 in
2296 4913 2527 4970 concilio
2572 4913 3002 4970 Cltalccdouensi
3035 4912 3186 4984 (Act.
3212 4915 3346 4987 χιιι),
3378 4914 3705 4971 Arianorum
3734 4932 3839 4972 re-

500 5017 737 5080 Sosam.,
767 5016 854 5070 lib.
883 5031 966 5083 ιιι,
998 5015 1154 5089 ο.11)
1184 5026 1306 5071 tunc
1326 5013 1611 5069 catholica:
1638 5012 1894 5069 Ecclesiae
1924 5008 2102 5066 infen~
2210 5005 2406 5076 liquias
2424 5008 2754 5079 oppugnavit
2781 5025 2793 5060 :
2828 5018 2878 5064 el
2914 5009 3037 5079 quia
3068 5008 3304 5079 ipsorum
3335 5007 3739 5071 Sardicensium
3766 5021 3833 5067 et

498 5110 774 5166 sissimum
815 5107 870 5162 in
907 5107 1107 5175 Africa,
1137 5118 1196 5164 ut
1226 5108 1400 5178 ipsum
1428 5107 1543 5164 suis
1572 5105 1927 5177 adiungerent
1977 5118 2100 5174 par-

502 5206 662 5269 tibus,
722 5201 1114 5274 perscripsere;
1142 5204 1355 5259 tametsi
1401 5217 1464 5258 ea
1490 5201 1640 5258 fraus
1684 5200 2098 5271 haudquaqu

497 5296 749 5354 fefellerit
775 5295 1061 5352 Africanos
1091 5303 1289 5365 patres.
1339 5293 1477 5353 Nam
1506 5294 1664 5363 longo
1692 5301 1815 5362 post
1854 5302 2099 5362 tempore

494 5407 618 5446 cum
650 5389 941 5446 Donatistae
969 5401 1036 5445 eo
1066 5387 1319 5450 concilio,
1351 5385 1501 5458 quod
1534 5394 1782 5443 eoactum
1830 5384 2004 5441 fuerat
2025 5385 2099 5440 ab

496 5482 734 5547 Arianis,
756 5484 808 5538 in
837 5497 950 5538 suae
972 5495 1152 5536 causae
1176 5477 1531 5550 patrocinium
1553 5478 1757 5537 vellent
1775 5477 1945 5544 abuti,
1965 5491 2098 5533 con-

498 5578 649 5631 tinuo
679 5575 741 5630 Β.
763 5574 1096 5646 Augustinus
1119 5588 1188 5630 ea
1223 5572 1556 5644 iniquissima
1584 5569 1710 5627 Julii
1735 5578 1790 5625 et
1816 5568 2099 5627 Athanasii

494 5669 969 5738 condemnatione,
991 5683 1113 5740 quae
1134 5676 1404 5739 tamquam
1429 5664 1481 5722 in
1506 5679 1576 5722 eo
1598 5662 1831 5731 concilio
1844 5661 1989 5725 facta
2010 5677 2099 5720 re-

498 5762 783 5826 citabatur,
806 5776 942 5832 opus
966 5777 1033 5817 ex
1056 5763 1252 5818 Ariana
1271 5759 1486 5819 ofﬁcina
1509 5758 1777 5831 prodiisse
1796 5755 2101 5828 dcpnebcn-

2202 5097 2541 5154 Nicacnorum
2594 5110 2801 5171 patrum
2851 5115 2955 5155 una
3008 5100 3104 5155 fuit
3148 5103 3440 5169 sententia,
3482 5118 3587 5158 una
3633 5119 3827 5168 mens,

2204 5213 2341 5253 unus
2381 5198 2633 5268 spiritus;
2681 5198 2883 5253 idcirco
2924 5197 3248 5255 Sardicense
3278 5199 3570 5256 concilium
3613 5200 3831 5256 Merui

2203 5295 2421 5351 nomine
2444 5311 2473 5349 a
2488 5295 2673 5353 multis
2684 5293 3184 5367 comprehenditur,
3216 5294 3674 5367 quemadmodum
3689 5295 3831 5353 urbs

2200 5402 2265 5444 ac
2291 5387 2438 5443 urbis
2466 5386 2947 5458 propugnaculum,
2979 5403 3080 5445 una
3111 5401 3201 5443 res
3226 5389 3443 5445 censeri
3466 5388 3609 5451 solet
3633 5403 3701 5444 ac
3720 5402 3828 5444 no-

2203 5479 2419 5533 minari.
2463 5478 2826 5546 Quamobrem
2859 5479 3043 5551 (epist.
3089 5478 3157 5531 ad
3201 5477 3391 5545 Viam,
3438 5497 3485 5536 c.
3536 5479 3609 5553 5)
3657 5480 3830 5536 luno-

2202 5573 2410 5629 centius
2436 5580 2492 5628 et
2519 5570 2827 5645 (Carthag.,
2854 5588 2932 5639 γι,
2962 5589 3008 5626 c.
3042 5573 3077 5628 5
3102 5580 3149 5625 et
3175 5570 3307 5651 seq.)
3341 5572 3597 5637 Zositnus
3621 5574 3822 5633 Sardi-

2203 5680 2394 5723 censes
2440 5680 2678 5735 canones
2723 5664 3001 5737 appellant
3048 5663 3333 5736 Nicetiana,
3368 5674 3429 5722 ut
3470 5683 3540 5731 ex
3579 5668 3821 5731 concilio

2203 5765 2359 5812 sexto
2384 5756 2794 5828 Carthaginiensi
2830 5764 3073 5828 apparet.
3130 5756 3391 5814 Eamdem
3431 5759 3655 5821 itcmeb
3678 5775 3817 5817 eata-
