4106 6184
531 249 672 307 1319

1600 248 1798 308 OSIUS
1840 250 2213 310 EPISCOPUS
2248 253 2743 314 CURDUBENSIS.

3702 259 3840 314 15ἳο

527 366 696 421 τοίνυν
723 368 930 441 ἀρέσκει
953 366 982 424 ἡ
1007 367 1181 438 γνώμη
1205 365 1358 431 αῦτη,
1383 368 1741 443 ἀποκρίνασθε.
1771 369 2122 441 ἀπεκρίναντο·

2237 369 2440 439 placeat
2491 371 2779 436 sententia,
2827 369 3169 441 respondete.
3215 368 3632 440 Responderunt
3671 389 3685 425 :
3720 370 3847 425 Pla-

531 460 608 514 Τά
622 459 868 530 λεχθέντα
894 459 1095 536 ἤρεσεν.

595 550 660 622 γ’.
683 547 858 611 Ὀσιος
873 552 1153 612 ἐπίσκοπος
1176 547 1305 606 εἶπε·
1330 556 1422 606 Καὶ
1443 557 1596 608 τοῦτο
1609 553 1950 629 προστεθῆναι
1969 555 2128 626 ἀναγ-

526 649 693 706 καῖον,
718 644 802 697 ’ίνα
828 642 1004 716 μηδεὶς
1045 646 1342 701 ἐπισκόπων
1382 647 1484 702 ἀπὸ
1517 655 1609 706 τῆς
1646 647 1830 702 ἑαυτοῦ
1863 649 2130 721 ἐπαρχίας

525 738 595 797 εἰς
621 736 796 812 ἑτέραν
823 733 1110 814 ἐπαρχίαν,
1138 740 1190 793 ἐν
1277 740 1631 812 τυγχάνουσιν
1663 736 1804 802 ὄντες
1832 741 2126 806 ἐπίσκοποι,

525 826 763 905 διαϐαίνῃ
782 871 796 895 ,
831 833 874 884 εί
911 837 980 904 μή
1015 852 1096 886 τοι
1120 834 1268 908 παρά
1295 839 1395 887 τῶν
1422 831 1644 906 ἀδελφῶν
1672 841 1770 889 τῶν
1801 832 1986 888 ἑαυτοῦ
2011 832 2126 891 κλη-

523 921 650 989 θείη,
682 920 767 978 διά
795 923 853 980 τό
882 929 952 996 μή
982 921 1145 979 δοκεῖν
1180 926 1314 995 ἡμᾶς
1353 927 1448 987 τὰς
1485 934 1578 986 τῆς
1609 928 1813 999 ἀγάπης
1849 926 2128 980 ἀποκλείειν

523 1013 711 1078 πύλας.
745 1019 838 1072 Καὶ
874 1023 1028 1073 τοῦτο
1050 1014 1105 1072 δέ
1135 1018 1389 1080 ὡσαύτως
1423 1020 1727 1096 προνοητέον
1749 1059 1762 1078 ,
1803 1019 1935 1073 ὥστε
1967 1019 2052 1072 ἐάν
2076 1015 2127 1072 ἕν

523 1131 619 1166 τινι
644 1111 879 1186 ἐπαρχίᾳ
899 1110 1190 1166 ἐπισκόπων
1216 1132 1293 1171 τις
1315 1106 1555 1182 ἄντικρυς
1582 1109 1799 1183 ἀδελφοῦ
1826 1111 2012 1166 ἑαυτοῦ
2041 1113 2128 1164 καὶ

523 1201 907 1258 συνεπισκόπου
945 1207 1165 1279 πρᾶγμα
1193 1206 1356 1272 σχοίη
1373 1244 1387 1267 ,
1422 1200 1699 1276 μηδέτερον
1722 1204 1778 1256 ἐκ
1805 1203 1997 1258 τούτων
2026 1203 2127 1256 ἀπὸ

523 1296 701 1373 ἐτέρας
729 1299 996 1370 ἐπαρχίας
1025 1299 1341 1358 ἐπισκόπους
1370 1299 1716 1370 ἐπιγνώμονας
1752 1298 2122 1353 ἐπικαλεῖσθαι,

522 1391 567 1444 εί
600 1388 654 1445 δέ
688 1387 788 1466 ἄρα
818 1412 895 1451 τις
922 1391 1214 1446 ἐπισκόπων
1235 1389 1285 1445 ἐν
1315 1412 1411 1445 τινι
1440 1391 1708 1465 πράγματι
1736 1388 1855 1465 δόξῃ
1880 1391 2128 1466 κατακρί-

521 1485 693 1538 νεσθαι
715 1522 729 1546 ,
767 1485 855 1536 καί
890 1483 1242 1554 ὑπολαμϐάνει
1271 1482 1456 1539 ἑαυτὸν
1485 1488 1554 1555 μή
1581 1484 1789 1560 σαθρὸν.
1824 1484 1950 1538 ἀλλά
1979 1484 2124 1539 καλὸν

521 1572 666 1647 ἔχειν
692 1577 752 1630 τὸ
794 1580 1046 1650 πρᾶγμα,
1071 1577 1156 1630 ἵνα
1199 1579 1285 1630 καί
1320 1571 1461 1636 αὖθις
1505 1578 1535 1634 ή
1575 1579 1740 1651 κρίσις
1768 1577 2051 1651 ἀνανεωθῇο
2080 1581 2125 1632 εί

522 1666 664 1723 δοκεῖ
685 1669 826 1742 ὑμῶν
851 1676 914 1741 τῇ
942 1670 1138 1742 ἀγάπῃ,
1169 1671 1357 1745 Πέτρου
1379 1675 1470 1724 τοῦ
1493 1670 1782 1725 ἀποστόλου
1809 1675 1902 1728 τήν
1927 1675 2122 1743 μνήμην

521 1767 850 1835 τιμήσωμεν,
883 1765 970 1816 καί
1003 1770 1254 1838 γραφῆναι
1296 1764 1444 1839 παρά
1481 1765 1676 1818 τούτων
1703 1771 1802 1818 τῶν
1847 1765 2121 1843 κρινάντων

519 1853 706 1929 Ἰουλίῳ
728 1864 802 1931 τῷ
840 1858 1104 1929 ἐπισκόπῳ
1123 1855 1316 1929 Ῥώμης
1336 1899 1350 1919 ,
1383 1860 1517 1913 ὥστε
1546 1856 1631 1913 διά
1669 1867 1770 1914 τῶν
1794 1862 2120 1932 γειτνιώντων

521 1957 584 2024 τῇ
607 1951 846 2025 ἐπαρχίᾳ
874 1949 1189 2014 ἐπισκόπων,
1221 1951 1265 2004 εί
1291 1948 1413 2014 δέοι,
1446 1952 1777 2010 ἀνωεωθῆναι
1796 1953 1856 2006 τό
1881 1949 2120 2010 δικαστήν

520 2061 649 2117 ριον,
677 2045 762 2096 καί
787 2044 1134 2118 ἐπιγνώμονας
1169 2044 1321 2106 αὐτὸς
1349 2045 1646 2118 παράσχοι.
1676 2043 1793 2099 είδέ
1823 2051 1892 2116 μή
1920 2055 2120 2105 συστῆ-

519 2155 604 2188 ναι
627 2135 844 2192 δύναται
875 2142 1102 2190 τοιοῦτον
1124 2137 1282 2192 αὑτοῦ
1317 2132 1444 2191 εἶναι
1469 2139 1528 2191 τὸ
1565 2141 1814 2212 πρᾶγμα,
1843 2139 1912 2197 ὡς
1945 2138 2121 2192 παλιν-

520 2225 686 2290 δικίας
717 2233 950 2305 χρῄζειν,
979 2232 1045 2285 τά
1072 2229 1211 2296 ἅπαξ
1236 2235 1500 2306 κεκριμένα
1526 2237 1595 2303 μή
1623 2233 1946 2301 ἀναλύεσθαι,
1978 2235 2043 2290 τά
2067 2232 2121 2290 δέ

519 2315 660 2384 ὄντα,
689 2320 878 2391 βέϐαια
902 2323 1208 2393 τυγχάνειν.

590 2411 653 2467 δ’.
691 2409 869 2475 Ὀσιος
893 2415 1176 2476 ἐπίσκοπος
1205 2409 1361 2471 εἶπεν
1393 2413 1627 2490 Ἠρεσεν,
1652 2416 1716 2470 ἶν’
1743 2415 1793 2471 εἴ
1809 2439 1888 2478 τις
1912 2419 2122 2473 ἐπίσκο-

518 2525 614 2566 πος
641 2507 1004 2580 καταγγελθείη
1021 2549 1036 2574 ,
1065 2511 1155 2562 καί
1195 2511 1644 2585 συναθροισθέντες
1674 2511 1718 2564 οἱ
1739 2513 2011 2567 ἐπίσκοποι
2029 2521 2122 2574 τῆς

518 2598 714 2673 ἐνορίας·
739 2606 830 2658 τῆς
856 2601 1043 2663 αὐτῆς.
1083 2605 1177 2654 τοῦ
1211 2600 1411 2673 βαθμοῦ
1449 2602 1598 2656 αὐτὸν
1637 2605 2004 2667 ἀποκινήσωσι,
2037 2607 2122 2658 καί

519 2691 696 2767 ὥσπερ
757 2692 1158 2763 ἐκκαλεσάμενος
1195 2696 1454 2768 καταφύγῃ
1496 2697 1581 2750 ἐπὶ
1613 2696 1700 2750 τὸν
1727 2699 2121 2774 μακαριώτατον

517 2792 610 2845 ri;
636 2781 889 2858 Ῥωμαίων
909 2785 1182 2847 ἐκκλησίας
1213 2788 1494 2842 ἐπίσκοπον
1513 2829 1526 2852 ,
1548 2792 1635 2844 καί
1664 2789 1929 2860 βουληθείη
1960 2791 2119 2844 αὐτοῦ

516 2872 818 2942 διακοῦσαι,
861 2875 1051 2934 δίκαιόν
1079 2899 1134 2933 τε
1175 2873 1300 2933 εἶναι
1324 2883 1510 2954 νομίσῃ
1552 2881 1938 2936 ἀνανεώσασθαι
1965 2883 2121 2937 αὐτοῦ

515 2973 605 3025 τήν
632 2969 863 3033 ἐξέτασιν
889 2976 978 3026 τοῦ
1007 2973 1335 3048 πράγματος,
1367 2976 1572 3049 γράφειν
1600 2977 1804 3036 τούτοις
1832 2983 1944 3037 τοῖς
1970 2996 2122 3031 συνε-

514 3063 790 3124 πισκόποις
817 3066 1142 3138 καταξιώσῃ,
1174 3073 1281 3126 τοῖς
1312 3067 1697 3137 ἀγχιστεύουσι
1738 3076 1801 3143 τῇ
1851 3069 2116 3144 ἐπαρχίᾳ,

2233 474 2351 518 cem
2385 480 2505 534 qua:
2531 464 2668 520 dicta
2698 474 2844 520 sunt.

2308 555 2394 610 Ill.
2415 557 2574 611 Osius
2589 557 2874 627 episcolius
2891 556 3022 611 dixit
3044 572 3056 608 :
3083 554 3184 610 hoc
3198 569 3413 626 quoque
3435 554 3746 610 necessario
3761 563 3843 608 est

2232 645 2610 716 adjiciendum,
2655 657 2711 701 ιιι
2745 647 2924 704 nullus
2951 647 3327 718 episcoporum
3351 661 3415 702 ex
3441 661 3535 700 sua
3566 645 3849 715 provincia

2233 739 2284 794 in
2335 741 2493 794 aliam
2529 741 2881 811 provinciam,
2915 742 2965 796 in
2995 757 3097 811 qua
3129 750 3256 794 sunt
3275 739 3537 810 epistsopi,
3571 747 3842 802 transeat;

2233 831 2332 886 nisi
2357 832 2540 902 utique
2563 847 2593 886 a
2615 834 2728 887 suis
2747 833 3000 888 fratribus
3022 840 3272 896 vocetur;
3300 845 3366 886 ne
3387 831 3669 885 videamur
3683 828 3848 883 dilec-

2234 926 2393 979 tionis
2424 927 2565 981 fores
2595 925 2869 981 claudere.
2907 926 3020 980 lloc
3045 935 3223 980 autem
3247 925 3406 979 etiam
3431 922 3682 977 similiter
3711 937 3842 991 pro-

2232 1018 2520 1074 videndum
2550 1029 2655 1087 est,
2683 1029 2743 1074 ut
2772 1021 2814 1073 si
2854 1019 2906 1074 in
2951 1019 3126 1090 aliqua
3155 1020 3426 1089 provincia
3457 1018 3844 1084 episcoporum

2231 1113 2492 1182 quispiam
2515 1112 2773 1168 adversus
2819 1111 3034 1167 fratrem
3061 1126 3216 1166 suum
3248 1119 3303 1166 et
3322 1109 3701 1178 coepiscopum
3743 1123 3846 1163 ne-

2228 1216 2430 1274 gotium
2449 1205 2664 1268 habeat,
2697 1217 2886 1260 neuter
2914 1204 3031 1273 (aL,
3067 1218 3134 1259 ne
3161 1219 3302 1258 unus
3332 1218 3361 1256 e
3387 1200 3617 1271 duobus)
3645 1215 3840 1255 eorum

2229 1315 2294 1353 ex
2320 1298 2424 1353 alia
2456 1298 2727 1369 provincia
2757 1300 3038 1369 epis-:opns
3065 1297 3368 1366 cognitores
3398 1307 3607 1350 evocet.
3643 1293 3698 1350 Si
3720 1294 3846 1362 quis

2228 1404 2406 1448 autem
2445 1395 2820 1464 episcOportuu
2847 1395 2898 1448 in
2940 1395 3118 1463 aliquo
3148 1391 3364 1462 negotio
3391 1388 3845 1444 condemnandus

2232 1486 2374 1542 visus
2405 1485 2586 1552 fuerit,
2618 1499 2670 1542 et
2698 1488 2975 1543 existimet
3015 1502 3074 1541 se
3105 1503 3210 1540 nou
3260 1484 3478 1548 malam,
3512 1483 3606 1537 sed
3641 1483 3840 1536 bonam

2227 1591 2441 1632 causam
2475 1577 2694 1645 habere,
2728 1588 2785 1634 ut
2812 1580 2969 1634 ctiam
3001 1592 3186 1634 rursus
3218 1575 3477 1647 judicium
3509 1583 3840 1629 renovetur.

2227 1669 2272 1723 si
2295 1679 2486 1724 vestra:
2511 1672 2782 1726 dilectioni
2817 1669 3046 1736 videtur,
3072 1670 3216 1725 Petri
3256 1669 3481 1741 apostoli
3516 1666 3840 1722 memoriam

2151 1756 2197 1815 B
2226 1761 2572 1824 honoremus,
2609 1773 2665 1818 ut
2693 1763 2759 1818 ab
2792 1764 2856 1819 iis
2881 1765 2967 1834 qui
2995 1763 3395 1833 judicaverunl,
3443 1761 3709 1814 scribatur
3736 1757 3841 1813 Ju-

2226 1855 2298 1910 lio
2321 1855 2687 1912 Romanorum
2715 1857 3004 1927 episcopo;
3049 1867 3105 1912 et
3133 1872 3227 1924 per
3254 1854 3582 1926 prOpinquos
3610 1853 3838 1922 provin-

2223 1948 2321 2002 cia:
2342 1949 2645 2020 episcopos,
2669 1949 2713 2005 si
2735 1965 2869 2020 Opus
2891 1953 2978 2015 sit,
3003 1949 3262 2019 judicium
3291 1956 3610 2011 renovetur;
3635 1956 3688 2001 et
3706 1961 3843 2015 cog-

2227 2039 2430 2095 nitores
2471 2041 2584 2112 ipse
2613 2043 2870 2112 praebeat.
2919 2044 2973 2097 Si
3013 2052 3190 2098 autem
3235 2041 3446 2112 probari
3493 2055 3598 2093 non
3631 2049 3837 2109 potest,

2225 2149 2438 2189 causam
2463 2137 2578 2204 ejus
2599 2152 2718 2192 esse
2751 2136 2935 2205 talem,
2969 2147 3025 2190 ut
3052 2152 3170 2191 eam
3202 2151 3390 2190 rursus
3424 2135 3653 2204 judicari
3694 2150 3841 2204 opus

2225 2227 2322 2293 sit;
2364 2243 2482 2298 qua:
2515 2228 2680 2282 semel
2711 2229 3122 2298 suutjudicata,
3174 2244 3279 2284 non
3322 2228 3682 2295 inlirnicntur,
3734 2227 3840 2283 sed

2225 2331 2336 2373 rata
2369 2321 2438 2374 sit
2468 2321 2568 2374 lata
2613 2321 2898 2376 sententia.

2295 2410 2388 2466 IV.
2419 2412 2580 2468 Osius
2611 2415 2898 2484 episeopus
2929 2413 3064 2468 dixit
3093 2432 3104 2466 :
3144 2413 3370 2481 Placuit,
3405 2422 3464 2468 ut
3491 2415 3534 2468 si
3567 2414 3687 2483 quis
3716 2413 3843 2482 epi-

2224 2522 2421 2577 scopus
2451 2507 2660 2563 delatus
2692 2507 2871 2574 fuerit,
2904 2519 2957 2563 et
2983 2509 3290 2579 congregati
3321 2507 3562 2577 ejusdem
3593 2508 3842 2577 regionis

2224 2599 2464 2670 episcopi
2506 2617 2628 2656 eum
2671 2601 2839 2671 gradu
2896 2602 3195 2666 moverint;
3241 2607 3297 2656 et
3338 2601 3498 2654 veluti
3545 2601 3841 2670 appellans

2223 2693 2527 2764 confugerit
2555 2695 2622 2749 ad
2655 2695 3024 2750 beatissimum
3057 2694 3316 2749 Romanae
3344 2695 3588 2750 ecclesia:
3613 2693 3834 2764 episco-

2227 2803 2350 2858 pum
2372 2829 2386 2851 ,
2419 2796 2474 2843 et
2502 2789 2630 2842 velit
2660 2788 2831 2858 ipsum
2863 2784 3070 2852 audire,
3101 2794 3155 2842 et
3176 2788 3379 2858 justum
3408 2804 3530 2844 esse
3555 2790 3843 2842 existima-

2227 2883 2363 2937 verit
2392 2883 2505 2953 ejus
2549 2883 2624 2940 rei
2667 2884 3119 2938 examinationeut
3176 2885 3452 2946 renovari;
3493 2885 3841 2955 ccepiscOpis

2224 2979 2464 3033 scribere
2505 2979 2775 3049 dignetur,
2822 2977 2914 3048 qui
2943 2986 3069 3032 sunt
3097 2977 3381 3047 propinqui
3412 2979 3703 3047 provincia:
3724 3019 3740 3042 ,
3782 2988 3843 3032 ut

2226 3069 2324 3141 ipsi
2355 3070 2635 3141 diligenter
2663 3079 2718 3125 et
2745 3081 2992 3125 accurate
3019 3070 3224 3140 singula
3249 3078 3676 3139 presctutentur,
3695 3077 3755 3125 ct
3771 3086 3840 3125 ex

511 3154 592 3209 ἵνα
621 3155 770 3210 αὐτοὶ
797 3156 1046 3228 ἐπιμελῶς
1075 3160 1162 3212 καί
1189 3159 1323 3229 μετά
1349 3159 1615 3232 ἀκριϐείας
1649 3159 1849 3215 ἕκαστα
1868 3157 2120 3236 διερευνή-

2230 3165 2468 3219 veritatis
2491 3165 2593 3218 lide
2607 3165 2672 3219 de
2691 3181 2747 3219 re
2769 3163 3089 3218 sententiam
3107 3163 3295 3218 ferant.
3311 3164 3498 3234 Siquis
3515 3173 3695 3219 autem
3712 3181 3843 3232 pos-

513 3267 666 3312 σωσι,
691 3250 778 3303 καί
802 3251 936 3303 κατά
961 3254 1050 3308 τήν
1076 3257 1167 3311 τῆς
1193 3249 1429 3311 ἀληθείας
1448 3255 1626 3308 πίστιν
1643 3295 1656 3317 ,
1689 3251 1852 3327 ψῆφον
1878 3255 1999 3330 περὶ
2025 3258 2117 3306 τοῦ

602 3342 612 3358 Ῐ
857 3343 868 3358 ⁹
960 3345 972 3362 Ι
1263 3346 1274 3364 ν
1344 3347 1353 3360 Ι
1491 3348 1503 3363 ς
1573 3353 1594 3363 .-
1835 3347 1844 3361 1
2002 3348 2013 3363 9
2092 3352 2112 3361 ρ

512 3361 819 3416 πραγματος
848 3343 1183 3415 εξενεγκωσιν.
1217 3355 1273 3398 Ει
1303 3343 1354 3399 δε
1375 3367 1455 3408 τις
1481 3347 1630 3410 αξιων
1659 3350 1745 3400 καί
1779 3347 1928 3401 παλιν
1957 3369 2116 3402 αυτου

511 3432 571 3487 τὸ
593 3439 810 3507 πρᾶγμα
837 3435 1168 3498 ἀκουσθῆναι,
1193 3438 1281 3489 καί
1301 3444 1362 3512 τῇ
1393 3434 1584 3497 δεήσει,
1608 3446 1670 3511 τῇ
1699 3437 1882 3492 ἑαυτοῦ
1901 3439 1987 3492 τόν
2010 3436 2116 3492 Ῥω·

511 3527 674 3594 μαίων
714 3527 990 3582 ἐπίσκοπον
1024 3525 1232 3593 δόξειεν,
1266 3530 1367 3583 ἀπό
1411 3525 1503 3600 (al.
1545 3537 1690 3583 κινεῖν
1718 3527 1838 3604 δόξῃ
1859 3571 1872 3591 .
1902 3528 1968 3582 ἶν’
1992 3528 2120 3601 ἀπὸ)

511 3626 601 3676 τοῦ
627 3618 755 3676 ἰδίου
776 3622 999 3698 πλευροῦ
1021 3623 1414 3702 πρεσϐυτέρους
1452 3623 1754 3679 ἀποστέλλοι
1781 3618 1908 3678 εἶναι
1949 3625 2000 3678 ἐν
2023 3624 2118 3684 (al.

509 3711 593 3766 ’ίνα
613 3714 710 3781 ἐν),
739 3722 802 3788 τῇ
826 3715 1036 3788 ἐξουσίᾳ
1069 3718 1230 3772 αὐτοῦ
1256 3723 1350 3771 τοῦ
1373 3717 1657 3772 ἐπισκόπου
1679 3759 1690 3775 .
1717 3713 1842 3792 ὅπερ
1870 3710 1930 3770 ἀν
1957 3715 2123 3776 καλῶς

511 3803 656 3877 ἔχειν
682 3804 938 3882 δοκιμάσῃ
967 3813 1053 3864 καὶ
1083 3809 1255 3885 ὁρίσῃ,
1289 3809 1381 3877 (al.
1411 3807 1572 3876 ἴσως,
1605 3806 1718 3883 κᾷν)
1746 3808 1855 3865 δεῖν
1884 3812 2124 3865 ἀποστα-

509 3899 655 3958 λῆναι
679 3901 800 3959 τοὺς
827 3902 959 3971 μετά
1000 3907 1102 3955 τῶν
1138 3902 1429 3956 ἐπισκόπων
1457 3909 1779 3976 κρινοῦντας,
1810 3901 2035 3973 ἔχοντάς
2065 3922 2120 3955 τε

508 4001 602 4054 τῆς
632 3994 895 4048 αὐθεντίαν
924 3995 1110 4048 τούτου
1154 3992 1280 4070 παρ’
1322 3991 1382 4048 οὗ
1424 3996 1822 4054 ἀπεστάλησανο
1856 3999 1941 4051 καὶ
1972 4000 2124 4051 τοῦτο

507 4087 689 4142 θετέον.
729 4089 785 4142 Ei
823 4086 876 4142 δέ
918 4089 1139 4164 ἐξαρκεῖν
1162 4091 1347 4165 νομίσῃ
1387 4074 1517 4166 πρὸς
1553 4096 1643 4150 τήν
1687 4098 1778 4146 τοῦ
1818 4095 2126 4168 πράγματος

510 4179 802 4252 ἐπίγνωσιν,
835 4185 922 4236 καί
942 4184 1200 4256 ἀπόφασιν
1226 4190 1318 4237 τοῦ
1342 4183 1648 4248 ἐπισκόπου,
1684 4189 1893 4243 ποιήσει
1916 4183 2042 4254 ὅπερ
2065 4179 2126 4239 ἀν

509 4279 574 4342 τῇ
605 4272 978 4349 ἐμφρονεστάτῃ
997 4277 1154 4330 αὐτοῦ
1182 4275 1338 4350 βουλῇ
1363 4275 1526 4336 καλῶς
1552 4273 1695 4347 ἔχειν
1719 4275 1858 4351 δόξῃ.
1891 4276 2126 4353 Α’πεκρί-

510 4385 663 4419 ναντο
683 4363 728 4418 οί
754 4365 1024 4421 ἐπίσκοποι
1041 4383 1054 4396 ⁸
1084 4368 1159 4421 Τά
1178 4367 1432 4438 λεχθέντα
1458 4368 1660 4443 ἤρεσεν.

585 4455 640 4511 ε’.
657 4453 836 4517 Ὀσιος
861 4458 1135 4519 ἐπίσκοπος
1156 4453 1314 4515 εἶπεν
1338 4457 1447 4514 Ἐάν
1469 4460 1644 4535 συμϐῇ
1672 4463 1721 4515 ἐν
1749 4465 1842 4533 μιᾷ
1866 4461 2124 4538 ἐπαρχίᾳ,

2225 3259 2354 3312 tttlet
2383 3273 2538 3311 somn
2561 3257 2830 3327 negmiunt
2863 3271 3048 3311 rursus
3072 3257 3266 3320 audiri,
3286 3267 3339 3311 et
3362 3260 3427 3310 ait
3454 3271 3603 3310 suam
3631 3258 3830 3326 suppli-

2223 3352 2488 3406 Cationem
2506 3351 3186 3420 Romanorumepiscopum
3201 3349 3444 3419 judicare
3468 3349 3564 3420 (ut.
3587 3346 3841 3418 movere)

2224 3443 2396 3497 visum
2426 3443 2614 3505 fuerit,
2651 3451 2705 3497 ut
2734 3458 2762 3495 a
2793 3441 3012 3512 proprio
3047 3442 3212 3495 latere
3243 3439 3583 3511 presbyteros
3612 3439 3840 3502 mittat;

2226 3546 2280 3590 et
2316 3536 2387 3590 sit
2435 3537 2486 3590 in
2527 3545 2788 3606 potestate
2839 3535 3005 3605 ipsius
3044 3535 3418 3606 quodcumque
3445 3544 3592 3588 recte
3634 3533 3844 3588 habere

2226 3628 2551 3698 probaverit,
2572 3637 2628 3683 et
2651 3627 2690 3681 si
2707 3627 3006 3684 decreverit
3027 3640 3278 3696 oportere
3305 3641 3402 3682 eos
3423 3626 3581 3690 mitti,
3602 3626 3842 3691 quicum

2225 3722 2492 3792 episc0pis
2523 3723 2627 3777 sint
2654 3723 2966 3793 judicaturi,
2998 3721 3256 3776 habentes
3285 3723 3662 3775 auctoritatem
3692 3721 3839 3787 ejus,

2226 3831 2390 3886 aquo
2421 3817 2566 3869 missi
2618 3826 2780 3880 situt;
2830 3825 2883 3871 et
2929 3814 3030 3869 hoc
3076 3814 3380 3884 poucmlum
3422 3821 3523 3866 est.
3556 3812 3612 3866 Si
3655 3823 3842 3865 autem

2227 3908 2476 3965 sufiiCet-e
2511 3910 2779 3978 putaverit
2821 3910 2886 3964 ad
2930 3908 3006 3964 rei
3051 3910 3410 3980 cognitionem
3439 3949 3454 3973 ,
3503 3915 3557 3960 ct
3593 3908 3844 3976 episcopi

2229 4003 2549 4059 sententiam
2578 4044 2593 4070 ,
2629 4003 2790 4058 faciet
2832 4003 2972 4074 quod
3007 4003 3425 4075 prudentissimo
3457 4003 3573 4072 ejus
3604 4003 3845 4058 consitio

2229 4111 2376 4154 recte
2404 4097 2606 4155 habere
2629 4099 2920 4154 videbitur.
2953 4099 3370 4170 Responderunt
3397 4099 3637 4170 episcopi
3663 4116 3676 4152 :
3700 4099 3844 4166 Quae

2231 4193 2372 4248 dicta
2402 4203 2523 4248 sunt
2557 4193 2896 4263 placuerunt.

2304 4453 2367 4510 V.
2395 4453 2551 4510 Osius
2583 4456 2869 4528 episcopus
2894 4456 3027 4513 dixit
3052 4477 3063 4512 :
3095 4458 3151 4516 Si
3181 4460 3466 4530 contigerit
3494 4463 3546 4513 iu
3576 4476 3679 4514 una
3708 4476 3842 4530 pro-

511 4549 563 4604 ἐν
639 4549 875 4605 πλεῖστοι
895 4551 1160 4606 ἐπίσκοποι
1184 4549 1562 4623 τυγχάνουσιν.
1587 4552 1676 4607 ἕνα
1697 4554 1973 4607 ἐπίσκοπον
1997 4555 2121 4609 ἀπο-

2228 4549 2421 4616 vincia,
2453 4550 2628 4620 inqua
2657 4561 2780 4604 sunt
2809 4551 3020 4622 plurimi
3043 4553 3302 4620 episc0pi,
3327 4569 3490 4607 unum
3519 4552 3838 4622 episc0pum

513 4648 700 4714 μεῖναι.
731 4643 960 4718 κάκεῖνος
983 4645 1116 4700 κατά
1139 4665 1252 4698 τινα
1273 4645 1509 4716 ἀμέλειαν
1531 4648 1600 4716 μή
1625 4644 1842 4722 βουληθῇ
1865 4646 2118 4700 συνελθεῖν

515 4736 602 4787 καί
645 4737 940 4790 συναινέσαι
1075 4736 1396 4792 καταστάσει
1431 4743 1533 4793 τῶν
1576 4737 1902 4798 ἐπισκόπων.
1947 4739 2015 4792 τά
2060 4735 2116 4791 δέ

515 4822 675 4882 πλήθη
707 4828 1129 4902 συναθροισθέντα
1171 4827 1509 4902 παρακαλοῖεν
1559 4830 1813 4903 γίγνεσθαι
1841 4833 1932 4888 τήν
1961 4829 2120 4884 κατά-

520 4938 706 4973 στασιν
742 4927 834 4974 τοῦ
878 4921 1005 4997 παρ’
1027 4923 1193 4977 αὐτῶν
1218 4923 1616 4995 ἐπιζητουμένου
1659 4923 1962 4978 ἐπισκόπου·
2009 4928 2121 4995 χρή

517 5007 762 5083 πρότερον
811 5012 992 5065 ἐκεῖνον
1028 5013 1111 5066 τὸν
1156 5011 1554 5085 ἐναπομείναντα
1598 5012 1876 5070 ἐπίσκοπον
1930 5015 2120 5086 ὑπομι-

519 5103 835 5174 μνήσκεσθαι
859 5101 942 5158 διά
965 5107 1283 5180 γραμμάτων
1309 5114 1400 5162 τοῦ
1428 5105 1658 5183 ἐξάρχου
1686 5115 1778 5168 τῆς·
1816 5106 2083 5184 ἐπαρχίας
2104 5151 2119 5173 ,

518 5194 646 5266 λέγω
688 5190 749 5252 δή
789 5201 878 5249 τοῦ
921 5192 1204 5252 ἐπισκόπου
1241 5207 1334 5260 τῆς
1373 5200 1762 5275 μητροπόλεως,
1791 5197 1869 5256 ὅτι
1895 5202 2123 5266 ἀξιοῖτά

519 5286 684 5346 πλήθη
709 5287 928 5357 ποιμένα
958 5289 1133 5350 αὐτοῖς
1157 5288 1354 5348 δοθῆναι
1371 5307 1384 5319 '
1417 5293 1641 5364 ἡγοῦμαι
1680 5292 1845 5353 καλῶς
1872 5291 2014 5365 ἔχειν
2040 5297 2125 5349 καί

518 5387 700 5436 τοῦτον
728 5379 1062 5452 ἐκδέχεσθαι,
1092 5383 1175 5436 ’ίνα
1195 5385 1560 5457 παραγένηται.
1592 5389 1636 5439 εἰ
1662 5383 1716 5440 δέ
1749 5391 1817 5456 μὴ
1847 5385 1932 5442 διὰ
1957 5409 2126 5465 γραμ-

521 5473 695 5542 μάτων
717 5474 946 5538 άξιωθείς
979 5474 1326 5548 παραγένηται
1344 5514 1358 5538 ,
1386 5479 1456 5546 μή
1489 5496 1543 5530 τε
1573 5481 1670 5547 μὴν
1710 5477 2037 5554 ἀντιγράφοι,
2065 5481 2124 5534 τὸ

522 5563 692 5619 ίκανόν
727 5574 790 5640 τῇ
832 5566 1075 5642 βουλήσει
1111 5572 1202 5624 τοῦ
1241 5567 1460 5628 πλήθους
1495 5573 1606 5645 χρή
1631 5571 1886 5642 γενέσθαι.
1930 5575 2042 5648 χρὴ
2071 5571 2124 5628 δὲ

522 5659 607 5712 καί
633 5658 1026 5728 μετακαλεῖσθαι
1051 5664 1130 5716 καί
1157 5662 1279 5722 τοὺς
1309 5661 1412 5716 ἀπὸ
1439 5668 1532 5722 τῆς
1562 5660 1929 5740 πλησιοχώρου
1963 5661 2123 5741 ἐπαρ-

528 5751 653 5820 χίας
683 5747 990 5814 ἐπισκόπους
1019 5756 1146 5830 πρὸς
1189 5761 1277 5815 τήν
1321 5749 1646 5814 κατάστασιν
1677 5762 1770 5814 τοῦ
1807 5765 1897 5819 τῆς
1935 5779 2124 5833 μητρο-

2221 4646 2507 4700 conventui
2541 4660 2645 4700 non
2677 4645 2960 4712 interesse,
3009 4658 3059 4699 et
3094 4647 3181 4699 ille
3213 4662 3307 4716 per
3333 4647 3616 4716 quamdam
3666 4648 3840 4717 negti.

2221 4741 2461 4811 gentiam
2494 4740 2629 4793 nolit
2658 4741 2984 4803 convenire,
3019 4751 3070 4794 et
3101 4740 3476 4810 episcoporum
3512 4741 3835 4794 institutioni

2223 4843 2277 4886 et
2307 4831 2554 4886 electioni
2581 4833 2852 4897 assentiri,
2883 4844 3208 4904 congregata
3239 4843 3415 4887 autem
3447 4834 3624 4903 populi
3655 4834 3838 4887 multi-

2226 4923 2353 4976 tudo
2385 4923 2566 4989 instet,
2601 4935 2658 4978 ιιι
2687 4927 2777 4978 fiat
2800 4925 3063 4978 institutio
3093 4926 3352 4994 episcopi,
3385 4927 3473 4995 qui
3500 4926 3568 4979 ab
3596 4927 3678 4978 eis
3709 4941 3836 4994 pose

2226 5016 2442 5072 lttlatur.
2474 5019 2698 5086 Oportet
2720 5020 2886 5083 illum,
2908 5019 3078 5087 prius,
3106 5021 3194 5089 qui
3229 5035 3333 5073 non
3366 5018 3594 5072 adfuerit
3627 5039 3674 5089 cl
3697 5019 3836 5074 ἰξευ-

2225 5124 2350 5178 pum
2375 5109 2650 5165 admoneri
2676 5125 2771 5180 per
2797 5111 3002 5166 litteras
3025 5111 3274 5166 Primatis
3303 5112 3613 5181 provincia‘,
3642 5129 3833 5181 nempe

2226 5203 2463 5273 episcopi
2494 5203 2913 5272 metropolitani,
2937 5202 3078 5274 quod
3107 5212 3257 5271 rogat
3281 5205 3506 5272 populus
3523 5203 3623 5257 sibi
3659 5214 3834 5272 pasto-

2230 5310 2346 5350 rem
2398 5295 2514 5350 dari
2564 5314 2576 5349 :
2630 5303 2685 5349 et
2729 5296 2979 5350 existimo
3011 5306 3156 5351 recte
3203 5295 3400 5350 habere
3440 5296 3580 5349 hunc
3622 5311 3831 5366 quoque

2229 5389 2522 5458 expectari,
2556 5396 2614 5442 ut
2641 5387 2800 5442 adsit.
2838 5388 2890 5443 Si
2923 5399 3101 5444 autem
3134 5389 3329 5444 litteris
3355 5400 3576 5458 rogatus
3606 5404 3711 5441 non
3738 5389 3832 5442 ad.

2231 5480 2410 5544 fuerit,
2436 5497 2496 5536 ac
2529 5497 2593 5535 ne
2615 5483 2952 5552 rescripserit
2982 5483 3221 5551 quidem,
3249 5477 3429 5552 populi
3459 5481 3721 5534 voluntati
3747 5495 3830 5533 sa-

2233 5572 2415 5628 tisfiat.
2461 5575 2688 5644 Oportet
2729 5569 2920 5629 autem
2971 5590 3036 5628 ex
3083 5574 3254 5628 vicina
3302 5587 3515 5645 quoque
3560 5573 3828 5642 provincia

2231 5666 2434 5722 accersi
2465 5665 2750 5737 episcopos
2793 5665 2859 5722 ad
2907 5665 3305 5736 metrOpolitani
3355 5665 3591 5735 episcopi
3623 5664 3832 5719 institu-

2233 5761 2454 5816 tionem.
2490 5759 2604 5815 Non
2634 5759 2797 5816 licere
2824 5768 2998 5815 autem
3027 5757 3344 5829 simpliciter
3369 5758 3679 5828 episcopum
3705 5772 3838 5812 cun-
