4106 6184
352 234 482 292 1521

719 235 1040 296 CANONES
1077 236 1209 299 OSII
1245 236 1336 295 ET
1375 236 1474 296 SS.
1516 234 1806 295 PATRUM
1846 232 1962 304 QUI
1999 230 2319 291 εΑιιοιαΑε
2358 229 2627 290 SYNODO
2664 232 3208 296 CONVENEBUNT.

3509 241 3650 300 i322

336 352 559 410 stituere
611 354 664 409 in
733 358 915 428 aliquo
976 374 1113 429 pago
1160 359 1245 415 vel
1296 374 1462 428 parva
1514 359 1680 424 urbe,
1728 360 1814 414 cui
1856 358 1937 412 vel

2045 352 2239 412 πόλεως
2266 350 2553 409 ἐπισκόπου
2571 367 2584 380 ⁸
2612 358 2684 425 μή
2705 351 2887 419 ίξεῖναι
2906 352 2960 409 δὲ
2983 354 3157 416 ἁπλῶς
3177 355 3421 429 καθιστᾷν
3444 354 3652 415 ἔπίσκο⁶

337 459 474 500 unus
506 447 786 520 presbyter
817 448 1052 515 sufﬁcit;
1106 467 1211 504 non
1261 465 1483 507 necesse
1522 459 1606 507 est
1649 452 1793 506 enim
1832 451 1938 505 illic

334 540 645 608 episcopum
675 544 949 610 constitui,
982 558 1051 599 ne
1079 544 1315 614 episcopi
1338 559 1532 601 nomen
1563 554 1615 599 et
1645 546 1939 599 auctoritas

336 630 719 701 vilipendatur.
761 632 867 691 Sed
896 635 1184 706 provinciae
1215 635 1308 710 (ut
1336 638 1483 708 prius
1518 636 1629 692 dixi
1654 638 1672 705 )
1700 635 1938 705 episcopi

334 720 536 779 debent
556 724 607 779 in
631 724 695 780 iis
725 726 948 783 urbibus
975 727 1259 798 episcopos
1288 728 1635 795 constituere,
1665 727 1753 782 ubi
1775 727 1937 786 etiam

336 815 486 889 prius
522 817 760 890 episcopi
789 818 1024 874 fuerunt.
1056 819 1112 875 Si
1137 829 1315 876 autem
1358 819 1659 876 inveniatur
1684 819 1817 875 urbs
1841 818 1941 874 ali-

302 968 303 971 η
335 921 471 978 qua,
498 924 617 980 qua:
654 908 790 965 adeo
830 910 1091 982 populosa
1135 910 1358 977 evadat,
1393 919 1452 967 ut
1486 912 1598 982 ipsa
1628 912 1938 981 episcopatu

333 998 495 1072 digna
541 999 835 1071 iudicetur,
882 1003 1132 1074 accipiat.
1176 1005 1259 1060 An
1300 1003 1403 1059 hoc
1440 1002 1690 1059 omnibus
1732 1001 1939 1073 placet?

335 1092 752 1164 Responderunt
775 1109 966 1152 omnes
989 1113 1002 1148 :
1031 1094 1236 1152 Placet.

405 1349 495 1408 Vl.
540 1351 700 1408 Osius
735 1354 1022 1427 episcopus
1066 1354 1203 1412 dixit
1243 1373 1257 1410 :
1301 1356 1689 1426 Importunitas
1714 1366 1896 1414 nostra
1920 1397 1936 1425 ,

336 1458 391 1505 ct
420 1448 583 1504 multa
614 1449 923 1520 assiduitas,
965 1461 1022 1507 et
1068 1453 1281 1521 injustas
1326 1467 1511 1524 preces
1537 1453 1852 1519 effecerunt,
1881 1461 1938 1508 ut

335 1556 436 1597 nos
467 1557 571 1597 non
602 1541 895 1599 habeamus
923 1554 1126 1599 tantam
1154 1545 1378 1617 gratiam
1418 1555 1473 1601 et
1514 1546 1815 1602 libertatem
1856 1546 1938 1602 di-

335 1634 513 1696 cendi.
547 1645 798 1706 quantam
835 1634 1165 1692 debebamus
1196 1638 1413 1693 habere.
1446 1637 1592 1692 Multi
1622 1639 1765 1694 enim
1793 1639 1934 1709 epis-

2042 466 2138 499 πον
2169 444 2219 499 ἑν
2258 448 2399 521 κώμῃ
2429 449 2525 501 τινί
2554 446 2584 505 ἦ
2614 447 2848 523 βραχείᾳ
2897 447 3068 512 πόλει,
3102 446 3231 524 ᾗτινι
3269 454 3355 505 καί
3396 447 3466 512 εἷς
3496 452 3651 524 μόνος

2042 536 2398 615 πρεσϐύτερος
2447 535 2680 613 ἐπαρκεῖ.
2732 540 2824 592 οὐκ
2870 540 3148 613 ἀναγκαῖον
3188 543 3289 618 γὰρ
3334 540 3652 606 ἐπισκόπους

2042 627 2205 685 ἐκεῖσε
2242 631 2604 695 καθίστασθαι,
2632 631 2714 686 ’ίνα
2738 636 2808 703 μή
2834 634 3245 699 κατευτελίζηται
3288 636 3348 691 τό
3376 642 3468 690 τοῦ
3499 634 3653 693 ἔπισ-

2042 724 2202 779 κόπου
2234 720 2393 796 ὄνομα
2418 728 2504 779 καί
2531 726 2561 783 ἡ
2602 726 2855 781 αύθεντία.
2888 725 2993 780 ἀλλ’
3035 728 3081 780 οἱ
3110 734 3200 788 τῆς
3245 726 3507 805 ἐπαρχίας
3526 769 3541 792 .
3583 730 3654 791 ὡς

2044 824 2322 894 προεῖπον,
2367 817 2635 875 ἐπίσκοποι
2676 818 2727 874 ἓν
2771 816 2990 882 ταύταις
3025 828 3145 882 ταῖς
3189 822 3370 877 πόλεσι
3408 825 3654 896 καθιστᾷν

2042 904 2356 971 ίπισκόπους
2383 910 2661 985 ὀφείλουσιν
2679 951 2693 973 .
2723 909 2831 966 ἔνθα
2854 916 2940 967 καὶ
2968 912 3216 991 πρότερον
3246 911 3535 988 ἐτύγχανον
3568 935 3654 990 γε-

2042 1002 2243 1074 γονότες
2264 1000 2555 1059 ἐπίσκοποι.
2580 1009 2626 1060 εί
2646 1003 2701 1061 δὲ
2724 1006 3010 1083 εὑρίσκοιτο
3050 1006 3215 1068 οὕτως
3233 1008 3557 1067 πληθύνουσά
3575 1031 3656 1072 τις

2042 1089 2096 1147 ἐν
2121 1093 2290 1167 πολλῷ
2319 1094 2518 1170 ἀριθμῷ
2544 1095 2668 1151 λαοῦ
2696 1097 2862 1163 πόλις,
2893 1101 2963 1161 ὡς
2986 1100 3130 1163 ἀξίαν
3157 1100 3314 1160 αύτήν
3339 1103 3420 1156 καί
3445 1100 3653 1158 ἐπισκο-

2042 1196 2143 1249 πῆς
2180 1191 2502 1261 νομίζεσθαι,
2555 1190 2879 1264 λαμϐανέτω.
2925 1195 2971 1247 εί
3012 1198 3171 1248 πᾶσιν
3201 1196 3407 1270 ἀρέσκει
3453 1203 3652 1265 τοῦτος

2040 1281 2374 1357 ἀπεκρίναντο
2394 1284 2598 1347 πάντες,
2632 1280 2879 1357 Ἀρέσκει.

2115 1374 2184 1441 ς’.
2223 1372 2400 1439 Ὀσιος
2444 1375 2724 1442 ἐπίσκοπος
2768 1376 2934 1435 εἶπεν·
2965 1380 3020 1437 Ἦ
3052 1386 3258 1461 ἀκαιρία
3302 1388 3465 1458 ἡμῶν,
3495 1392 3578 1444 καί
3620 1390 3652 1448 ἡ

2040 1469 2198 1529 πολλή
2219 1472 2488 1543 συνέχεια,
2516 1477 2602 1527 καί
2630 1474 2684 1527 αί
2708 1470 2872 1531 ἄδικοι
2895 1478 3132 1541 ἀξιώσεις
3158 1483 3492 1540 πεποιήκασιν
3516 1483 3654 1553 ἡμᾶς

2039 1566 2109 1633 μή
2134 1566 2394 1623 τοσαύτην
2416 1563 2562 1637 ἔχειν
2608 1568 2768 1643 χάριν
2802 1572 2886 1624 καί
2909 1571 3227 1645 παρῥησίαν.
3252 1570 3375 1632 ὅσην
3398 1574 3655 1648 ὀφείλομεν

2037 1656 2329 1714 κεκτῆσθαι.
2360 1656 2534 1713 πολλοὶ
2558 1660 2661 1733 γάρ
2686 1666 2787 1714 τῶν
2813 1658 3106 1719 ἐπισκόπων
3127 1666 3183 1718 ού
3204 1663 3552 1722 διαλείπουσιν
3578 1672 3651 1731 είς

333 1726 455 1795 c0pi
485 1741 589 1782 non
621 1726 981 1782 intermittunt
1014 1727 1079 1783 ad
1108 1736 1283 1784 castra
1310 1729 1590 1790 accedere,
1619 1742 1673 1785 et
1698 1731 1932 1787 maxime

2042 1747 2098 1801 τό
2125 1745 2481 1821 στρατόπεδον
2515 1750 2921 1825 παραγενόμενοι
2938 1793 2952 1816 ,
2991 1756 3077 1808 καί
3100 1754 3331 1827 μάλιστα
3355 1758 3401 1812 οἱ
3429 1754 3607 1833 ’Λφροι
3625 1773 3639 1788 ·

335 1819 486 1882 Afri;
516 1820 628 1890 qui,
648 1821 1100 1892 quemadmodum
1128 1823 1479 1893 cognovimus
1505 1823 1748 1879 adilecto
1771 1823 1936 1881 fratre

335 1921 520 1967 nostro
548 1921 603 1967 et
627 1915 947 1985 coepiscopo
970 1912 1157 1981 Grato,
1183 1915 1433 1970 salutaria
1459 1916 1682 1971 consilia
1706 1932 1811 1971 non
1842 1917 1937 1972 ad-

337 2004 593 2073 mittunt,
645 2005 738 2061 sed
785 2007 854 2060 ita
906 2016 1294 2075 contemnunt,
1353 2015 1411 2062 ut
1460 2022 1596 2062 unus
1659 2009 1820 2063 homo
1883 2009 1935 2063 in

334 2106 511 2163 castra
586 2098 843 2169 plurimas
901 2108 957 2154 et
994 2099 1269 2162 diversas,
1306 2108 1362 2154 et
1396 2115 1514 2169 quae
1561 2115 1668 2155 non
1714 2108 1938 2169 possunt

333 2190 522 2261 juvare
560 2193 820 2248 ecclesias
846 2233 860 2257 ,
903 2208 1089 2263 preces
1133 2192 1363 2259 afferat,
1394 2201 1451 2247 et
1495 2208 1598 2248 non
1652 2194 1727 2263 (ut
1778 2192 1941 2249 debet

339 2281 451 2338 ﬁeri
501 2291 557 2338 et
603 2284 874 2352 convenit)
926 2284 1252 2354 pauperibus
1299 2296 1353 2338 et
1397 2282 1583 2352 laicis,
1632 2283 1719 2339 vel
1765 2283 1938 2340 viduis

338 2392 497 2447 opem
535 2385 591 2432 et
626 2377 882 2432 auxilium
911 2376 1078 2439 ferat.
1110 2377 1205 2433 sed
1243 2377 1535 2436 saeculares
1564 2378 1854 2450 dignitates
1883 2386 1939 2435 et

340 2469 645 2526 functiones
679 2470 948 2540 aliquibus
986 2471 1247 2542 acquirat.
1294 2471 1419 2527 llaec
1454 2487 1585 2544 ergo
1614 2472 1939 2543 perversitas

339 2560 719 2618 detrimentum
762 2578 867 2619 non
912 2562 1028 2618 sine
1056 2562 1386 2619 offendicula
1411 2574 1467 2619 et
1489 2563 1940 2621 condemnatione

339 2654 497 2709 nobis
521 2655 791 2711 conciliat.
814 2653 1233 2711 Convenientius
1252 2665 1429 2712 autem
1457 2672 1578 2712 esse
1607 2657 1933 2724 existimavi,

340 2754 400 2801 ut
427 2746 710 2817 episcopus
738 2748 812 2803 illi
843 2763 1000 2803 suum
1026 2747 1285 2803 auxilium
1316 2750 1584 2819 praebeat,
1627 2749 1713 2805 cui
1742 2749 1810 2803 ab
1840 2749 1941 2805 ali-

338 2855 446 2911 quo
477 2841 561 2895 vis
588 2839 850 2908 affertur;
880 2841 965 2895 vel
1004 2842 1051 2897 si
1077 2858 1196 2909 qua:
1225 2842 1387 2897 vidua
1431 2842 1620 2911 injuria
1649 2841 1936 2909 afficiatur,

340 2934 423 2987 vel
455 2933 499 2988 si
527 2935 644 3003 quis
671 2932 907 3005 pupillus
950 2933 1188 3003 privetur
1214 2934 1300 3001 iis,
1341 2950 1463 3003 qua:
1501 2934 1569 2989 ad
1613 2936 1787 3003 ipsum
1821 2950 1943 3005 per-

342 3026 513 3081 tinent
538 3043 553 3092 ;
599 3026 644 3082 si
691 3024 907 3098 quidem
940 3025 1054 3081 haec
1084 3027 1301 3082 nomina
1323 3026 1523 3098 justam
1553 3027 1789 3083 habeant
1815 3044 1942 3084 cau-

2039 1838 2087 1892 οί
2108 1860 2261 1905 τινες,
2283 1841 2445 1902 καθὼς
2466 1839 2686 1916 ἔγνωμεν
2706 1848 2849 1919 παρὰ
2864 1852 2956 1901 τοῦ
2978 1850 3246 1921 ἀγαπητοῦ
3270 1850 3484 1924 ἀδελφοῦ
3508 1855 3648 1925 ήμῶν

2040 1932 2125 1984 καί
2149 1933 2531 1989 συνεπισκόπω
2556 1936 2788 2011 Γράτου,
2830 1941 2927 2001 τάς
2965 1941 3313 2017 σωτηριώδεις
3350 1946 3653 2017 συμϐουλὰς

2040 2024 2098 2076 αὖ
2148 2022 2574 2100 παραδέχονται,
2627 2029 2752 2082 ἀλλά
2790 2040 3190 2107 καταφρονοῦσιν
3228 2035 3425 2099 οὕτως,
3460 2042 3529 2097 ὡς
3564 2038 3652 2093 ἕνα

2044 2113 2307 2192 ἄνθρωπον
2335 2121 2406 2178 είς
2431 2120 2489 2173 τό
2516 2120 2869 2196 στρατόπεδον
2885 2123 3130 2186 πλείστας
3146 2130 3233 2182 καί
3255 2125 3527 2205 διαφόρους
3556 2132 3642 2185 καί

2041 2212 2112 2280 μή
2142 2205 2428 2280 δυναμένας
2468 2210 2721 2283 ὠφελῆσαι
2750 2214 2845 2275 τάς
2890 2212 3190 2281 ἐκκλησίας,
3234 2217 3431 2281 δεήσεις
3475 2219 3649 2277 διακο-

2041 2301 2233 2374 μίζεεν,
2265 2307 2350 2356 καί
2387 2307 2458 2375 μή
2502 2304 2570 2363 ὡς
2611 2304 2791 2378 ὀφείλει
2829 2308 3091 2377 γίνεσθαι,
3139 2313 3223 2363 καί
3271 2312 3340 2371 ὡς
3389 2313 3650 2384 προσῆκόν

2043 2393 2176 2453 ἐστι.
2211 2402 2320 2455 τοῖς
2348 2396 2534 2454 πένησι
2558 2400 2640 2450 καί
2668 2405 2775 2460 τοῖς
2804 2399 3012 2462 λαῖκοῖς,
3036 2400 3066 2461 ἢ
3096 2410 3215 2463 ταῖς
3245 2407 3443 2481 χήραις
3469 2409 3652 2461 συναί-

2042 2486 2226 2563 ρεσθαι
2281 2490 2369 2541 καί
2419 2488 2744 2566 ἐπικουρεῖν,
2802 2490 2925 2545 ἀλλὰ
2971 2495 3191 2565 κοσμικά
3248 2496 3514 2567 ἀξιώματα
3568 2500 3658 2555 καί

2042 2578 2258 2655 πράξεις
2306 2590 2552 2657 περινοεῖν
2599 2604 2753 2639 τισιν.
2802 2583 2932 2643 αὕτη
2983 2589 3152 2642 τοίνυν
3203 2590 3234 2647 ἡ
3281 2593 3524 2653 σκαιότης
3564 2594 3652 2648 τὸν

2042 2674 2303 2748 θραυσμὸν
2333 2675 2420 2728 ούκ
2461 2671 2582 2729 ἄνευ
2631 2674 2917 2731 σκανδάλου
2948 2680 3083 2741 τινός
3114 2682 3232 2752 ἡμῖν
3270 2684 3355 2736 καί
3397 2688 3660 2759 καταγνώ-

2043 2787 2177 2827 σεως
2205 2768 2459 2843 προξενεῖ.
2491 2767 2918 2845 πρεπωδέστερον
2958 2770 3012 2826 δέ
3037 2768 3166 2827 εἶναι
3203 2773 3419 2847 ἐνόμισα
3448 2776 3656 2835 ἐπίσκο-

2044 2880 2139 2914 πον
2176 2868 2269 2920 τῆς
2305 2859 2491 2915 ἑαυτοῦ
2519 2860 2747 2935 βοήθειαν
2771 2864 3025 2937 παρέχειν
3052 2863 3218 2937 ἐκείνῳ
3238 2907 3252 2928 ,
3286 2863 3433 2931 ὅστις
3465 2864 3523 2923 ἂν
3552 2871 3656 2928 ύπό

2043 2970 2178 3009 τινος
2204 2949 2466 3022 βιάζηται.
2497 2949 2529 3010 ἦ
2555 2948 2699 3011 εἴτις
2724 2959 2824 3005 τῶν
2849 2961 3029 3029 χηρῶν
3060 2954 3303 3022 ἀδικοῖτο,
3335 2958 3366 3019 ή
3402 2955 3471 3018 αὖ
3503 2962 3652 3018 πάλιν

2044 3040 2262 3115 ὀρφανός
2288 3063 2367 3102 τις
2403 3043 2743 3118 ἀποστεροῖτο
2786 3051 2889 3098 τῶν
2922 3048 3062 3118 αύτῷ
3086 3050 3471 3123 προσηκόντων.
3506 3051 3650 3132 εἴπερ

340 3133 453 3175 sam
483 3131 533 3174 et
555 3119 1021 3189 supplicationem.
1055 3118 1108 3176 Si
1136 3120 1336 3189 itaque,
1366 3121 1548 3178 dilecti
1581 3120 1797 3190 fratres,
1830 3123 1935 3177 hoc

2042 3128 2143 3208 ἄρα
2182 3136 2456 3189 καὶταῦτα
2485 3136 2551 3189 τὰ
2582 3135 2810 3206 ὀνόματα
2845 3134 3042 3194 δικαίαν
3081 3138 3198 3213 ἔχει
3222 3148 3314 3202 τήν
3342 3145 3574 3210 ἀξίωσιν.
3604 3151 3652 3204 εἰ

339 3211 588 3268 omnibus
615 3211 843 3277 videtur,
868 3213 1086 3268 statuite
1112 3214 1315 3270 nullum
1347 3226 1597 3283 oportere
1626 3219 1934 3288 episcopum

338 3305 406 3362 ad
444 3314 620 3362 castra
648 3308 926 3369 accedere.
977 3317 1171 3377 praeter
1202 3323 1296 3365 eos
1322 3325 1457 3379 quos
1487 3312 1608 3381 pius
1647 3311 1938 3381 imperator

338 3410 524 3457 uoster
550 3401 661 3469 suis
690 3401 882 3456 litteris
908 3404 1156 3457 accersit.
1189 3403 1294 3460 Sed
1338 3406 1461 3475 quia
1511 3421 1655 3475 saepe
1680 3407 1941 3477 contingit

338 3493 548 3563 aliquos
576 3492 667 3564 qui
701 3502 863 3564 egent
893 3491 1280 3564 misericordia,
1313 3496 1379 3552 ad
1426 3497 1722 3555 Ecclesiam
1752 3500 1939 3557 confu-

338 3602 486 3658 gere,
518 3587 608 3656 qui
648 3598 865 3659 propter
891 3603 987 3644 sua
1017 3599 1235 3659 peccata
1260 3591 1343 3646 vel
1376 3591 1736 3662 relegatione,
1771 3594 1857 3650 vel
1884 3593 1936 3648 in

338 3680 570 3736 insulam
602 3680 975 3751 deportatinne
1004 3683 1263 3747 damnati,
1303 3684 1385 3740 vel
1438 3686 1625 3757 quavis
1676 3686 1779 3741 alia
1814 3702 1940 3742 sen-

340 3774 505 3831 tentia
535 3774 731 3831 addicti
758 3784 921 3842 sunt;
949 3776 1016 3831 iis
1041 3792 1146 3833 non
1175 3792 1297 3834 esse
1326 3778 1626 3847 negandum
1657 3780 1934 3846 auxilium,

338 3865 433 3922 sed
473 3865 589 3921 sine
624 3868 964 3923 cunctatione
992 3878 1049 3923 ct
1077 3869 1410 3927 dubitatione
1450 3871 1518 3926 iis
1560 3873 1770 3927 veniam
1814 3887 1938 3929 esse

248 3991 253 3996 -
341 3958 649 4031 petendam.
687 3958 742 4016 Si
780 3960 958 4031 itaque
1002 3961 1105 4017 hoc
1143 3979 1356 4035 quoque
1386 3964 1583 4035 placet,
1615 3980 1804 4022 omnes
1835 3981 1935 4022 una

340 4059 580 4108 vestrum
610 4050 922 4124 suffragium
945 4052 1099 4110 ferte.
1132 4054 1548 4125 Responderunt
1574 4071 1762 4113 omnes
1790 4074 1803 4112 :
1835 4057 1938 4114 De-

339 4153 594 4201 cernatur
620 4142 825 4201 ethoc.

410 4324 521 4382 Vll.
568 4325 727 4382 Osius
768 4324 1055 4396 episcopos
1090 4324 1225 4383 dixit
1281 4343 1297 4383 :
1344 4326 1458 4384 Hoc
1502 4342 1716 4399 quoque
1757 4338 1934 4385 vestra

338 4423 557 4480 solertia
589 4421 815 4494 indicet,
851 4432 906 4477 ut
936 4423 1056 4493 quia
1086 4422 1259 4478 visum
1298 4431 1384 4480 est
1405 4463 1420 4488 ,
1454 4438 1523 4479 ne
1563 4422 1758 4493 aliquis
1785 4424 1933 4493 epis-

2040 3227 2236 3292 τοίνυν,
2266 3226 2524 3298 ἀγαπητοί
2562 3224 2787 3301 ἀδελφοί.
2824 3234 2958 3285 πᾶσι
2983 3238 3135 3288 τοῦτο
3162 3233 3302 3290 δοκεῖ
3316 3276 3329 3294 .
3365 3235 3649 3314 ἓπικρίνατε

2039 3314 2232 3389 μηδένα
2271 3318 2550 3373 ἐπίσκοπον
2588 3328 2778 3394 χρῆναι
2818 3325 2890 3382 εἰς
2929 3326 2988 3379 τὸ
3032 3326 3384 3403 στρατόπεδον
3423 3334 3650 3409 παραγί-

2038 3411 2231 3471 νεσθαι.
2259 3414 2510 3489 παρεκτὸς
2539 3415 2736 3469 τούτων
2758 3456 2771 3479 ,
2826 3414 2915 3477 οὓς
2944 3412 3004 3473 ἂν
3030 3418 3056 3473 ό
3085 3420 3463 3487 εύλαϐἐστατος
3487 3426 3648 3496 βασι-

2037 3503 2153 3564 λεύς
2173 3504 2315 3577 ήμῶν
2334 3512 2447 3566 τοῖς
2467 3504 2658 3561 ἑαυτοῦ
2679 3508 2950 3580 γράμμασι
2964 3513 3314 3581 μετακαλοῖτο.
3344 3516 3449 3570 ἀλλ’
3470 3514 3644 3579 ἐπειδή

2038 3597 2276 3657 πολλάκις
2317 3597 2592 3670 συμϐαίνει
2633 3600 2774 3660 τινάς
2818 3599 2986 3658 οἴκτου
3035 3601 3302 3676 δεομένους
3341 3619 3646 3684 καταφυγεῖν

2039 3685 2125 3744 ἐπὶ
2147 3694 2237 3749 τήν
2265 3687 2549 3749 ἐκκλησίαν.
2576 3690 2660 3746 διά
2680 3694 2744 3748 τά
2776 3694 2970 3750 ἑαυτῶν
2998 3695 3346 3774 ἁμαρτήματα
3367 3705 3438 3765 εἰς
3467 3724 3645 3778 περιο-

2039 3781 2223 3857 ρισμὸν
2242 3780 2272 3842 ἧ
2298 3790 2451 3841 νῆσον
2477 3782 2957 3853 καταδικασθέντας,
2985 3788 3015 3849 ἦ
3038 3786 3106 3844 αὖ
3129 3794 3279 3848 πάλιν
3306 3794 3645 3871 οίᾳδηποτοῦν

2038 3875 2293 3947 ἀποφάσει
2354 3873 2742 3949 ἑκδεδομίνους’
2793 3889 2902 3941 τοῖς
2980 3887 3231 3947 τοιούτοις
3279 3892 3348 3960 μή
3397 3891 3640 3967 ἀρνητὲαν

2038 3961 2165 4023 εἶναι
2189 3972 2279 4027 τήν
2303 3968 2558 4041 βοήθειαν,
2586 3971 2711 4026 ἀλλὰ
2745 3976 2915 4050 χωρίς
2938 3975 3229 4049 μελλησμοῦ
3264 3983 3348 4035 καί
3384 3977 3504 4036 ἄνευ
3544 3990 3639 4038 τοῦ

2039 4057 2282 4116 διστάσαι
2307 4069 2414 4123 τοῖς
2440 4064 2695 4126 τοιούτοις
2721 4068 2969 4123 αἰτεῖσθαι
2994 4072 3341 4146 συγχώρησιν
3360 4110 3375 4137 ,
3406 4076 3450 4127 εἰ
3473 4072 3642 4129 τοίνυν

2038 4154 2119 4206 καί
2139 4160 2289 4208 τοῦτο
2317 4154 2524 4228 ἀρέσκει
2544 4195 2559 4219 ,
2604 4156 2871 4232 σύμψηφοι
2906 4159 3105 4231 γίνεσθε
3149 4159 3391 4224 ἅπαντες.
3421 4165 3642 4240 ἀπεκρί-

2039 4266 2189 4301 ναντο
2210 4243 2435 4308 ἅπαντες
2454 4263 2467 4275 ·
2503 4246 2748 4321 ὀριζὲσθω
2768 4252 2852 4304 καί
2868 4257 3040 4307 τοῦτο.

2109 4336 2147 4402 ζ
2158 4376 2171 4389 .
2199 4349 2351 4400 Οσιος
2380 4340 2656 4402 ἐπίσκοπος
2686 4336 2796 4397 εἶπε
2817 4359 2829 4373 ⁸
2853 4346 2948 4398 Καὶ
2988 4352 3142 4401 τοῦτο
3169 4348 3200 4405 ή
3229 4348 3475 4421 ἀγχίνοια
3496 4349 3638 4421 ὑμῶν

2038 4433 2274 4509 κρινάτω.
2303 4433 2367 4487 ἶν’
2394 4432 2568 4493 ἐπειδή
2610 4431 2774 4500 ἔδοξε,
2811 4434 2895 4492 διὰ
2939 4439 2997 4493 τό
3022 4444 3092 4513 μή
3121 4442 3326 4497 πίπτειν
3354 4444 3456 4498 ύπό
3482 4446 3640 4500 κατά-

337 4530 506 4587 c0pus
533 4516 587 4570 in
616 4516 1118 4572 condemnationem
1149 4514 1349 4571 incidat
1377 4515 1443 4572 ad
1474 4525 1647 4572 castra
1677 4516 1932 4582 veniens,

2042 4528 2230 4597 γνωσίν
2258 4549 2372 4583 τινα
2393 4535 2494 4583 τῶν
2520 4529 2813 4585 ἐπισκόπων
2839 4532 3190 4605 ἀφικνούμενον
3215 4539 3286 4596 είς
3323 4538 3383 4592 τό
3420 4539 3642 4616 στρατό-

339 4607 383 4661 si
415 4607 504 4675 qui
545 4622 730 4662 eorum
778 4607 1082 4676 ejusmodi,
1124 4623 1349 4677 quarum
1398 4609 1646 4679 superius
1687 4609 1936 4664 memini-

340 4712 480 4764 mus,
525 4697 754 4754 habeant
800 4713 1009 4769 preces,
1052 4714 1150 4770 per
1190 4701 1464 4771 proprium
1495 4702 1779 4757 diaconum
1812 4701 1935 4756 mit-

341 4800 480 4845 tant.
505 4790 728 4846 Ministri
751 4793 896 4847 enim
929 4807 1156 4860 persona
1186 4810 1293 4848 non
1315 4805 1398 4850 est
1429 4795 1710 4862 invidiosa,
1743 4806 1798 4850 et
1818 4812 1938 4867 quae

340 4900 595 4941 concessa
619 4885 835 4947 fuerint,
875 4887 1034 4942 citius
1064 4887 1286 4957 perferri
1317 4899 1588 4960 poterunt.
1621 4889 1937 4961 Responde—

342 4988 469 5034 runt
500 4995 688 5035 omnes
718 4997 731 5032 :
761 4979 1045 5035 S:mciatnr
1072 4990 1127 5037 et
1155 4981 1276 5038 hoc.

414 5070 553 5127 Vlll.
568 5071 727 5128 Osins
739 5073 1025 5144 episcopus
1044 5075 1210 5130 dixit:
1239 5076 1351 5132 lloc
1372 5092 1586 5148 quoquc
1598 5093 1938 5150 consequens

341 5180 465 5222 esse
489 5165 760 5232 existimo,
789 5183 847 5223 tll.
870 5168 917 5223 si
944 5168 997 5223 in
1026 5184 1364 5241 quacumque
1394 5173 1665 5241 provincia
1697 5173 1938 5245 episcopi

341 5258 409 5313 ad
450 5256 669 5314 fratrem
699 5268 755 5314 et
780 5260 1163 5332 coepiscopum
1192 5276 1347 5318 suum
1377 5266 1590 5319 mittant
1632 5279 1855 5334 preces,
1891 5263 1939 5319 is

343 5351 433 5421 qui
461 5361 544 5406 est
572 5351 626 5407 in
655 5351 843 5422 majori
869 5354 1108 5422 civitate,
1137 5355 1243 5413 hoc
1270 5365 1356 5412 est
1382 5357 1434 5413 in
1471 5359 1789 5428 metropoli,
1830 5359 1944 5428 ipse

343 5444 650 5501 ministrum
690 5461 846 5500 suum
887 5457 942 5503 et
980 5463 1170 5519 preces
1197 5450 1408 5516 mittat,
1445 5451 1691 5520 praebens
1720 5451 1770 5506 ei
1799 5466 1949 5507 com-

348 5536 692 5593 mendatitias
738 5553 952 5609 quoque
997 5541 1223 5609 litteras,
1273 5544 1517 5600 scribens
1565 5542 1815 5600 videlicet
1857 5559 1953 5614 per

353 5629 799 5700 consequentiam
829 5632 991 5687 etiam
1035 5632 1105 5689 ad
1146 5633 1343 5692 fratres
1369 5645 1422 5692 et
1448 5637 1802 5708 coepiscopos
1828 5652 1956 5694 nos-

350 5728 483 5789 tros,
523 5721 616 5794 qui
644 5722 850 5781 scilicet
881 5726 973 5781 illo
1001 5734 1244 5797 tempore
1281 5727 1335 5783 in
1366 5728 1501 5786 locis
1528 5728 1616 5787 vel
1648 5727 1957 5788 civitatibus

888 5818 1166 5881 ΡΔΤιιοι..
1203 5819 1374 5886 VIII.

2038 4616 2217 4683 πεδον,
2266 4616 2319 4673 εἴ
2352 4640 2485 4680 τινες
2538 4622 2701 4676 αὐτῶν
2748 4624 2994 4685 τοιαύτας
3038 4623 3209 4697 ἔχοιεν
3242 4625 3457 4691 δεήσεις.
3525 4631 3642 4685 οἵων

2041 4709 2210 4766 ἐπάνω
2241 4711 2639 4784 ἐπεμνήσθημεν.
2682 4710 2768 4767 διά
2818 4712 2947 4769 ἰδίου
2987 4714 3220 4772 διακόνου
3264 4721 3638 4777 ἀποστέλλοιεν.

2040 4809 2130 4859 τοῦ
2155 4824 2210 4860 τε
2231 4806 2330 4881 γάρ
2357 4806 2618 4881 ύπηρὲτου
2648 4806 2705 4860 τό
2738 4807 3017 4883 πρόσωπον
3041 4810 3129 4864 οὐκ
3154 4811 3407 4886 ἐπίφθονον
3431 4816 3646 4888 τυγχά-

2040 4918 2135 4961 νει,
2160 4900 2248 4951 καὶ
2274 4899 2342 4952 τά
2360 4898 2867 4972 παρασχεθησόμενα
2886 4900 3068 4956 θᾶττον
3092 4901 3468 4976 διακομισθῆναι
3489 4904 3642 4966 δυνή-

2041 5009 2205 5044 σεται.
2239 4990 2571 5064 ἀπεκρίναντο
2592 4991 2799 5050 πάντες’
2833 4993 2922 5044 Καὶ
2941 4999 3095 5048 τοῦτο
3118 4993 3379 5064 ὀριζέσθω.

2115 5080 2175 5139 η’.
2203 5076 2382 5140 Ὀσιος
2421 5080 2691 5141 ἐπίσκοπος
2722 5076 2851 5136 εἶπε⁶
2883 5087 2978 5138 Καί
2997 5092 3147 5141 τοῦτο
3173 5087 3436 5143 ἀκόλουθον
3460 5093 3647 5162 νομίζω

2044 5168 2190 5231 εἶναι.
2220 5174 2305 5229 ’ίνα
2334 5173 2421 5228 ἐὰν
2448 5175 2498 5228 ἐν
2539 5172 2877 5250 οἱᾳδηποτοῦν
2922 5178 3157 5255 ἐπαρχίᾳ
3203 5182 3470 5238 ἐπίσκοποι
3513 5184 3643 5259 πρὸς

2050 5266 2257 5342 ἀδελφὸν
2287 5271 2376 5323 καί
2402 5269 2778 5326 συνεπίσκοπον
2808 5270 3004 5328 ἑαυτῶν
3030 5275 3380 5330 ἀποστέλλοιεν
3408 5273 3603 5336 δεήσεις
3624 5314 3643 5342 ,

2052 5358 2078 5413 ό
2105 5362 2156 5414 ἐν
2182 5368 2246 5434 τῇ
2271 5363 2463 5434 μείζονι
2485 5362 2760 5434 τυγχάνων
2788 5363 2949 5420 πόλει.
2974 5365 3116 5422 τοῦτ’
3140 5364 3251 5421 ἔστι
3284 5373 3346 5440 τῇ
3385 5368 3651 5443 μητροπό-

2054 5451 2149 5515 λει,
2174 5454 2326 5513 αὐτὸς
2352 5453 2539 5508 καὶτὸν
2566 5450 2786 5509 διάκονον
2808 5457 2962 5512 αὐτοῦ
2992 5460 3079 5511 καί
3106 5459 3201 5516 τὰς
3239 5455 3438 5520 δεήσεις
3484 5461 3656 5517 ἀποστ

2060 5545 2244 5609 τίλλοι,
2275 5547 2527 5622 παρέχων
2556 5548 2696 5620 αύτῷ
2734 5550 2815 5601 καί
2858 5549 3176 5607 συστατικὰς
3204 5547 3494 5611 ἐπιστολάς,
3526 5552 3657 5627 γρᾶ-

2060 5659 2163 5712 φων
2194 5635 2421 5695 δηλονότι
2453 5640 2587 5697 κατά
2625 5626 2920 5695 ἀκολουθίαν
2971 5642 3058 5694 καί
3098 5638 3230 5715 πρὸς
3269 5642 3391 5701 τοὺς
3418 5626 3664 5714 ἀδελφούς

2064 5735 2152 5788 καί
2177 5732 2595 5792 συνεπισκόπους
2618 5733 2779 5801 ήμῶν,
2813 5728 2863 5785 εἴ
2879 5751 3011 5792 τινες
3037 5731 3089 5786 ἐν
3111 5730 3277 5804 ἐκείνῳ
3310 5739 3386 5807 τῷ
3428 5740 3588 5807 καιρῷ
3615 5733 3664 5791 ἕν

3188 5822 3268 5883 ιι2
