4106 6184
577 197 721 255 15ὶό

1659 201 1857 261 OSIUS
1896 200 2279 263 EPISCOPUS
2316 200 2805 264 CORDUBENSIS.

3685 216 3784 282 {iiii

570 310 752 371 τόποις
775 308 807 370 ἦ
828 305 1010 371 ένταῖς
1039 308 1218 367 πόλεσι
1251 304 1492 385 διάγοιεν,
1534 315 1588 369 έν
1637 310 1720 379 αἷς
1744 313 1771 371 ὅ
1799 319 2170 380 εὐσεϐέστατος

2275 325 2467 387 agant,
2511 321 2565 372 in
2606 319 2803 388 quibus
2841 317 3115 389 piissimus
3152 318 3438 393 imperator
3470 328 3790 400 rempublicam

576 403 822 475 βασιλεὺς
850 404 917 460 τά
942 402 1165 476 δημόσια
1203 408 1486 482 πράγματα
1529 404 1861 485 διακυϐερνᾷ.
1895 414 1937 466 εἰ
1966 411 2021 467 δέ
2054 411 2172 484 ἔχοι

573 519 653 559 τις
674 504 774 553 τῶν
796 498 1084 557 ἐπισκόπων
1126 499 1298 569 φίλους
1335 501 1382 553 ἐν
1418 510 1480 576 τῇ
1508 503 1631 578 αὐλῇ
1653 510 1744 561 τοῦ
1776 505 2049 572 παλατίου,
2085 512 2174 563 καί

571 587 807 659 βούλοιτο
831 593 951 667 περί
973 612 1132 657 τινος,
1163 589 1290 668 ὅπερ
1330 593 1753 674 πρεπωδέστερον
1773 596 1870 666 εἴη,
1906 602 2123 665 ἀξιῶσαι
2155 641 2171 667 ,

570 688 642 755 μὴ
667 683 908 740 κωλύοιτο
940 682 1026 740 διὰ
1053 691 1148 740 τοῦ
1169 686 1355 743 ἑαυτοῦ
1384 686 1619 745 διακόνου
1642 694 1728 746 καί
1748 693 1967 757 ἀξιῶσαι
1994 699 2074 750 καί
2096 696 2173 750 έν·

570 774 833 831 τείλασθαι
850 774 1073 839 τούτοις,
1105 779 1236 834 ὥστε
1259 784 1350 839 τήν
1386 783 1550 836 αὐτῶν
1578 782 1815 855 βοήθειαν
1833 787 2059 851 ἀξιοῦντι
2079 791 2174 844 αὖ·

571 872 646 940 τῷ
686 866 956 943 παρέχειν.
1000 868 1047 922 οί
1102 867 1155 923 δέ
1209 872 1281 930 είς
1301 868 1494 944 Ῥώμην
1527 875 1924 952 παραγινόμενοι
1947 920 1963 943 ,
2003 881 2171 942 καθὼς

572 960 873 1036 προείρηκα,
898 966 973 1034 τῷ
1016 963 1267 1035 ἀγαπητῷ
1292 962 1488 1040 ἀδελφῷ
1512 969 1651 1037 ἡμῶν
1693 970 1777 1022 καὶ
1801 973 2170 1047 συνεπισκόπῳ

569 1040 759 1124 Ἰουλίῳ
800 1054 900 1114 τὰς
928 1050 1146 1121 δεήσεις,
1179 1053 1242 1115 ἃς
1268 1053 1440 1127 ἔχοιεν
1485 1056 1697 1127 διδόναι,
1734 1064 1973 1138 ὀφείλοισι
2009 1040 2172 1143 παρέζ

572 1164 709 1215 χειν,
740 1145 826 1201 ἶνα
850 1145 1101 1220 πρότερος
1127 1148 1280 1209 αὐτὸς
1308 1147 1568 1224 δοκιμάζῃ,
1600 1155 1647 1207 εἰ
1672 1159 1741 1226 μή
1766 1176 1899 1218 τινες
1926 1158 1977 1224 ἐξ
2006 1160 2172 1217 αὐτῶν

571 1238 994 1309 ἀναισχυντοῖεν·
1032 1242 1116 1294 καί
1144 1239 1308 1302 οὕτως
1343 1247 1433 1301 την
1480 1244 1669 1302 ἑαυτοῦ
1721 1254 2046 1323 προστασίαν
2085 1256 2173 1308 καί

571 1327 806 1404 φροιτίδα
830 1332 1103 1406 παρέχων,
1133 1335 1205 1392 εἰς
1226 1334 1285 1388 τό
1310 1335 1659 1409 στρατόπεδον
1685 1342 1874 1403 αὐτοὺς
1912 1344 2171 1400 ἀποστέλα

563 1416 662 1473 λοι.
694 1417 919 1481 ἅπαντες
952 1421 998 1475 οί
1023 1420 1290 1478 ἐπίσκοποι
1315 1426 1666 1502 ἀπεκρίναντο,
1698 1432 1931 1507 ἀρέσκειν
1972 1436 2167 1500 αὐτοῖς,

568 1514 652 1566 καί
678 1508 1025 1589 πρεπωδεστά
1046 1537 1137 1574 την
1163 1512 1291 1573 εἶναι
1318 1524 1409 1580 τήν
1424 1523 1722 1594 συμϐουλήν
1742 1530 1950 1590 ταύτην.

641 1603 702 1659 θ’.
735 1616 888 1669 Οσιος
935 1609 1215 1673 ἐπίσκοπος
1271 1608 1403 1670 εἷπε’
1428 1620 1516 1672 καί
1551 1627 1704 1677 τοῦτο
1742 1624 2017 1697 ἀναγκαῖον
2042 1620 2172 1683 εἶναι

2274 413 2553 475 gubernat.
2593 409 2648 467 Si
2682 413 2800 481 quis
2837 419 3016 467 autem
3055 413 3336 484 episcOpus
3368 415 3514 473 habet
3549 423 3721 482 amicos
3752 428 3792 484 in

2274 501 2393 554 aula
2420 501 2633 570 palatii,
2666 510 2723 558 et
2746 503 2875 559 velit
2911 504 3110 575 aliquid
3138 545 3154 571 ,
3207 506 3347 577 quod
3384 510 3452 564 sit
3492 510 3733 572 honestum
3755 528 3796 576 et

2269 591 2506 663 justum,
2538 595 2827 665 impetrare
2845 635 2863 664 ,
2897 612 2964 650 ne
3005 597 3347 666 prohibeatur
3373 615 3464 671 per
3488 617 3630 661 suum
3655 609 3800 667 minis-

2277 694 2415 740 trum
2440 696 2493 740 et
2521 701 2732 757 rogare,
2760 697 2817 743 et
2845 688 2909 744 iis
2936 689 3214 757 mandare,
3240 701 3295 747 ut
3323 692 3507 750 bonum
3532 712 3668 754 suum
3684 703 3801 759 auxi-

2272 775 2402 832 lium
2434 777 2483 833 ei
2513 778 2681 834 velint
2711 774 2979 851 praebere;
3009 780 3110 850 Qui
3140 793 3321 841 autem
3351 785 3564 846 Romam
3588 796 3803 856 accedunt

2274 868 2748 941 (quemadmodum
2799 875 3047 943 superius
3091 874 3293 933 diotum
3337 878 3439 951 est)
3477 881 3654 941 dilecto
3685 887 3802 945 fratri

2273 970 2460 1018 nostro
2486 973 2543 1018 et
2571 966 2893 1036 coepiscopo
2918 966 3061 1023 Julio
3093 985 3282 1039 preces
3299 1010 3313 1037 ,
3343 988 3470 1043 quas
3493 973 3670 1034 habent
3703 982 3807 1039 dan-

2273 1054 2394 1121 das,
2421 1057 2662 1126 prmbere
2689 1056 2921 1127 debent,
2953 1070 3011 1116 ut
3057 1061 3172 1133 ipse
3198 1065 3342 1133 prius
3367 1068 3647 1137 examinet,
3674 1073 3714 1127 si
3734 1074 3807 1129 ali-

2272 1162 2394 1218 quae
2435 1164 2620 1204 earum
2653 1167 2758 1206 non
2798 1151 2909 1207 sint
2934 1153 3275 1225 impudentes
3297 1198 3314 1225 ,
3346 1168 3401 1214 et
3423 1159 3498 1216 sic
3522 1176 3659 1220 suam
3684 1180 3805 1237 Opem

2272 1251 2328 1299 et
2354 1257 2536 1298 curam
2563 1244 2832 1315 praebens,
2864 1260 2958 1302 eos
2978 1248 3045 1303 ad
3069 1259 3246 1306 castra
3272 1252 3464 1308 mittat.
3493 1254 3675 1313 Omnes
3696 1263 3805 1332 epis-

2272 1334 2396 1406 copi
2448 1336 2701 1393 dixerunt
2765 1339 2846 1395 eis
2902 1341 3120 1411 placere
3167 1352 3223 1400 et
3264 1358 3386 1403 esse
3426 1352 3808 1414 convenientissi-

2275 1444 2421 1483 mum
2450 1429 2554 1486 boc
2578 1432 2887 1489 consilium.

2346 1523 2439 1579 IX.
2454 1524 2612 1583 Osius
2626 1528 2913 1601 episcopus
2932 1530 3070 1588 dixit
3093 1551 3107 1585 :
3139 1533 3252 1591 Hoc
3280 1548 3489 1609 quoque
3508 1547 3808 1602 necessarium

2274 1618 2546 1687 existimo,
2576 1631 2630 1675 ut
2654 1636 2774 1677 cum
2802 1623 2949 1680 omni
2974 1639 3103 1682 cura
3129 1636 3184 1683 et
3204 1626 3475 1700 diligentia
3499 1637 3805 1706 examinetur,

566 1699 875 1769 νομίζω,ίνα
904 1703 1036 1772 μετά
1069 1704 1242 1764 πάσης
1273 1706 1534 1781 ἀκριϐείας
1564 1714 1650 1766 καί
1684 1714 1972 1785 ἐπιμελείας
2009 1719 2171 1783 ἐξετά-

2278 1718 2337 1765 ut
2366 1711 2410 1764 si
2451 1711 2571 1780 quis
2597 1728 2663 1768 ex
2694 1713 2809 1769 foro
2843 1715 2956 1771 sive
2985 1716 3157 1787 dives,
3176 1720 3297 1774 sive
3326 1721 3680 1795 scholasticus,
3701 1699 3811 1800 epis;

568 1792 726 1854 ζοιτο,
778 1791 911 1847 ὥστε
941 1794 1026 1850 ἐάν
1053 1815 1132 1855 τις
1158 1795 1424 1864 πλούσιος,
1472 1799 1503 1860 ἦ
1546 1804 1898 1874 σχολαστικὸς
1931 1810 2035 1868 ἀπὸ
2079 1816 2173 1872 τῆς

569 1876 768 1957 ἀγορᾶς
795 1883 983 1948 ἀξιοῖτο
1006 1886 1282 1949 ἐπίσκοπος
1301 1891 1548 1962 γίνεσθαι,
1581 1902 1656 1961 μὴ
1701 1901 1952 1975 προτέρου
1997 1904 2172 1958 καθίσο

566 1972 773 2037 τασθαι,
800 1974 886 2029 ἐὰν
907 1980 977 2047 μή
998 1980 1080 2030 καί
1100 1979 1451 2051 ἀναγνώστου,
1482 1985 1844 2063 πρεσϐυτέρου
1883 1991 2173 2069 ὑπηρεσίαν

570 2062 623 2119 ἐκ
650 2065 851 2140 τελέστν
880 2067 964 2123 ἵνα
985 2069 1093 2124 καθ’
1119 2070 1333 2128 ἕκαστον
1374 2074 1590 2147 βαθμὸν,
1637 2079 1722 2134 ἐάν
1764 2101 1864 2157 περ
1906 2078 2047 2149 ἄξιος
2090 2107 2175 2141 νο-

567 2159 791 2231 μισθείη,
846 2161 918 2220 είς
954 2166 1046 2219 τήν
1088 2161 1251 2228 ἁψίδα
1293 2173 1385 2227 τῆς
1424 2168 1703 2233 ἐπισκοπῆς
1737 2176 1872 2230 κατά
1909 2184 2173 2251 προκοπὴν

567 2247 805 2310 διαϐῆναι
837 2248 1089 2313 δυνηθείη.
1131 2257 1231 2321 ἕξει
1275 2255 1330 2312 δέ
1371 2259 1591 2317 ἑκάστου
1618 2266 1882 2337 τάγματος
1921 2247 2174 2342 ἆ-βειθμὸς

570 2347 658 2401 οὐκ
696 2346 978 2418 ἐλαχίστου
1004 2347 1231 2409 δηλονότι
1262 2354 1459 2428 χρόνου
1498 2366 1680 2429 μῆκος,
1715 2358 1781 2416 δι’
1811 2358 1877 2416 οὗ
1919 2366 1951 2421 ἡ
1998 2367 2175 2428 πίστις

566 2438 749 2502 αὐτοῦ,
776 2442 862 2493 καί
884 2441 914 2498 ἡ
943 2448 1043 2496 τῶν
1068 2443 1277 2515 τρόπων
1306 2447 1673 2523 καλοκάγαθία.
1704 2455 1788 2509 καί
1816 2456 1848 2512 ἡ
1866 2458 2171 2530 στερῥότης,

566 2533 650 2586 καί
692 2533 722 2590 ἠ
766 2534 1007 2591 ἐπιείκεια
1035 2541 1291 2614 γνώριμος
1317 2543 1549 2615 γενέσθαι
1580 2551 1878 2605 συνῆπται·
1910 2555 1995 2606 καί
2019 2554 2175 2615 αὐτὸς

566 2616 708 2688 ἄξιος
756 2632 849 2685 τῆς
890 2627 1027 2687 θείας
1055 2629 1361 2705 ἱερωσύνης,
1390 2636 1645 2706 νομισθεὶς
1673 2645 1765 2700 τῆς
1794 2644 2043 2715 μεγίστης
2070 2645 2170 2715 (al.

567 2712 877 2788 ἀπολαύσει)
902 2718 1196 2776 ἀπολαῦσαι
1222 2731 1394 2795 τιμῆς·
1428 2723 1547 2783 οὔτε
1574 2730 1673 2805 γὰρ
1706 2735 1965 2809 προσῆκόν
1990 2738 2128 2793 ἐστιν
2155 2777 2172 2806 ,

566 2800 688 2861 οὔτε
720 2809 751 2866 vi
781 2810 1059 2882 ἐπιστήμη.
1089 2812 1205 2871 οὔτε
1232 2819 1263 2876 ἡ
1292 2819 1455 2891 ἀγαθὴ
1499 2822 1795 2901 ἀναστροφή
1823 2828 2133 2902 ἐπιδέχεται
2154 2874 2172 2897 ν

565 2898 835 2975 τολμηρῶς
864 2907 947 2958 καί
977 2904 1178 2980 κούφως
1203 2910 1289 2965 ἐπὶ
1310 2918 1465 2969 τοῦτο
1490 2916 1635 2983 ἰέναι,
1667 2920 1800 2975 ὥστε
1823 2920 1854 2981 ἧ
1874 2924 2171 2996 ἐπίσκοπον,

567 2990 599 3052 ἧ
629 2993 1004 3074 πρεσϐύτερον,
1034 2998 1064 3059 ἧ
1091 2998 1316 3058 διάκονον
1345 3013 1647 3086 προχείρως
1672 3015 2029 3075 καθίστασθαι.
2052 3019 2173 3081 οὔτε

2273 1816 2442 1872 eopus
2484 1804 2598 1858 fieri
2644 1805 2839 1877 dignus
2876 1808 3156 1877 habeatur,
3189 1828 3295 1869 non
3326 1814 3472 1884 prius
3495 1821 3809 1891 constituatur,

2273 1910 2434 1966 quam
2479 1896 2697 1953 lectoris
2734 1908 2791 1954 et
2830 1899 3041 1957 diaconi
3081 1912 3136 1958 et
3175 1905 3475 1979 presbyteri
3515 1910 3811 1971 ministerium

2274 1990 2542 2060 peregerit
2578 2009 2591 2045 :
2627 1999 2686 2046 ut
2712 1990 2766 2046 in
2800 2008 3124 2067 unoquoque
3153 1997 3322 2068 gradu
3344 2042 3358 2063 ,
3396 2002 3442 2056 si
3469 2000 3642 2073 dignus
3670 2006 3815 2061 existi-

2274 2092 2451 2136 matus
2493 2081 2680 2149 fuerit,
2715 2084 2783 2139 ad
2826 2085 3171 2157 episeopatns
3212 2090 3483 2163 fastigium
3508 2106 3599 2164 per
3622 2110 3816 2166 progres-

2273 2172 2481 2227 sionem
2513 2176 2682 2242 possit
2706 2176 3021 2234 ascendere.
3058 2179 3291 2237 Habebit
3320 2193 3499 2240 autem
3526 2185 3814 2258 uniuscujus-

2273 2278 2380 2335 que
2404 2265 2611 2321 ordinis
2636 2266 2837 2337 gradus
2867 2284 2974 2325 non
3006 2271 3213 2327 minimi
3243 2273 3451 2330 scilicet
3482 2278 3709 2348 temporis
3729 2278 3819 2336 lon-

2274 2358 2572 2431 gitudinem
2596 2398 2611 2427 ,
2656 2376 2752 2431 per
2792 2363 2935 2434 quod
2963 2373 3020 2419 et
3048 2364 3185 2421 fides
3211 2374 3271 2422 et
3303 2382 3508 2424 morum
3539 2371 3757 2441 probitas,
3778 2384 3819 2428 et

2273 2454 2604 2519 constantia,
2632 2464 2690 2510 et
2714 2457 3015 2514 moderatio
3044 2459 3212 2529 possit
3238 2463 3494 2531 cognosci
3526 2481 3539 2518 :
3567 2472 3617 2520 et
3641 2464 3735 2536 ipse
3756 2465 3819 2523 di-

2275 2545 2401 2600 vino
2430 2546 2739 2603 sacerdotio
2762 2547 2960 2620 dignus
2982 2551 3354 2620 existimatus,
3396 2555 3664 2611 maximum
3692 2557 3821 2613 bono-

2277 2654 2394 2696 nem
2423 2650 2765 2711 assequatttr.
2798 2641 2982 2713 Neque
3013 2645 3156 2698 enim
3186 2648 3474 2714 convenit,
3516 2663 3669 2720 neque
3691 2650 3823 2707 scien-

2276 2728 2349 2788 tia
2377 2741 2432 2788 et
2456 2733 2594 2788 bona
2627 2739 2971 2790 conversatio
2993 2737 3097 2792 hoc
3124 2738 3341 2809 recipit,
3368 2748 3426 2796 ut
3449 2750 3637 2799 temere
3660 2752 3705 2798 et
3724 2742 3823 2799 leri-

2278 2835 2363 2882 ter
2408 2826 2474 2882 ad
2511 2827 2562 2882 id
2593 2828 2900 2897 accedatur,
2937 2838 2994 2885 ut
3019 2832 3330 2903 episcopus,
3366 2836 3448 2890 vel
3480 2838 3742 2910 presbyter,
3760 2837 3823 2894 vel

2276 2920 2540 2977 diaconus
2558 2932 2808 2993 prompte
2826 2938 2889 2980 ac
2908 2925 3061 2981 facile
3079 2926 3446 2985 constituatur
3462 2929 3507 3002 (1
3527 2929 3650 2989 Tim.
3664 2933 3745 3002 ιιι).
3757 2931 3824 2988 Sic

2274 3017 2422 3070 enim
2451 3018 2644 3071 merito
2677 3019 2981 3089 neopbytus
3007 3021 3356 3078 existimetur
3388 3022 3432 3098 (l
3452 3023 3576 3080 Tim.
3600 3028 3668 3097 v),
3691 3027 3828 3096 quam

567 3086 670 3163 γὰρ
704 3080 762 3140 ἂν
804 3089 1011 3152 εἰκότως
1040 3092 1280 3166 νεόφυτος
1308 3101 1583 3170 νομισθείη,
1624 3104 1799 3166 ἐπειδὴ
1835 3110 2062 3180 μάλιστα
2088 3115 2171 3169 καί

2275 3108 2564 3179 doquidem
2586 3121 2640 3166 et
2662 3080 3005 3169 beatissimus
3020 3080 3434 3188 Apostolus,qni
3454 3117 3548 3173 fuit
3566 3080 3822 3174 etia'mjdoc-

567 3170 595 3231 ό
638 3182 1029 3254 μακαριώτατος
1059 3180 1363 3252 ἀπόστολος,
1400 3187 1454 3252 ὃς
1482 3197 1567 3249 καί
1591 3202 1690 3249 τῶν
1715 3198 1866 3254 έθνῶν
1908 3204 2173 3275 γεγένηται

570 3267 898 3339 διδάσκαλος,
935 3276 1162 3348 φαίνεται
1196 3281 1432 3345 κωλύσας
1459 3290 1684 3358 ταχείας
1705 3267 1932 3365 γίνεσθαί
2076 3320 2169 3354 και

569 3366 877 3426 ταστάσεις.
912 3373 1004 3423 τοῦ
1031 3372 1134 3445 γάρ
1155 3377 1405 3442 μηκίστου
1450 3379 1647 3455 χρόνου
1694 3385 1725 3442 ἡ
1771 3383 2045 3459 δοκιμασία
2080 3397 2174 3452 τὸν

570 3458 894 3534 ἀναστροφήν
920 3464 1006 3517 καὶ
1042 3467 1133 3522 τήν
1181 3464 1403 3523 ἑκάστου
1427 3471 1621 3546 τρόπον
1649 3476 1738 3531 οὐκ
1759 3477 2067 3543 ἀπεικόντως
2091 3482 2171 3538 έκ-

565 3558 766 3606 τυποῦν
797 3551 1091 3612 δυνήσεται.
1124 3555 1349 3623 ἅπαντες
1391 3557 1533 3619 εἶπον
1566 3567 1802 3645 ἀρέσκειν
1847 3573 2056 3641 αὐτοῖς,
2089 3582 2174 3633 καί

567 3646 805 3711 κατάπαξ
830 3652 899 3720 μὴ
926 3643 1028 3704 δεῖν
1049 3652 1350 3729 ἀνατρέπειν
1369 3662 1558 3714 ταῦτα.

642 3732 693 3790 ι’.
728 3731 919 3797 Ὀσιοξ
951 3739 1226 3804 ἐπίσκοπος
1247 3740 1380 3801 εἷπε’
1404 3753 1498 3804 Καί
1525 3759 1676 3810 τοῦτο
1697 3753 1751 3810 δέ
1780 3755 1952 3833 ὁρίσαι
1976 3760 2171 3834 ὀφείλο-

570 3846 680 3899 μεν,
718 3829 803 3882 ἶνα
842 3831 1141 3898 ἐπίσκοπος,
1170 3833 1291 3892 ὅταν
1321 3841 1370 3905 ἐξ
1395 3842 1572 3919 ἑτέρας
1601 3848 1797 3911 πόλεως
1823 3855 2174 3927 παραγένηται

570 3916 641 3980 εἰς
667 3918 844 3997 ἑτέραν
868 3922 1027 3987 πόλιν,
1053 3923 1083 3985 ἦ
1104 3926 1207 3982 άπὸ
1235 3928 1411 4006 ἐτέρας
1432 3935 1563 4012 έπαρ
1568 3941 1697 4009 χίας
1720 3944 1793 4003 είς
1817 3944 1994 4022 ἑτέραν
2013 3949 2174 4025 έπαρο

624 4011 632 4023 .
799 4007 810 4025 ,
1042 4017 1051 4025 ,
1178 4019 1188 4025 _
1346 4024 1352 4025 ,

569 4011 714 4081 χίαν,
750 4007 947 4082 κόμπου
978 4017 1139 4092 χάριν
1168 4019 1431 4094 ἐγκωμίοις
1456 4028 1653 4090 οἰκείοις
1676 4007 2172 4109 ὐπρετουμενος,”ἧ

569 4100 842 4177 θρησκείας
898 4106 1200 4167 καθοσιώσει
1234 4153 1250 4177 ,
1316 4117 1400 4170 καὶ
1450 4118 1657 4176 πλείονα
1704 4122 1897 4200 χρόνον
1934 4129 2175 4200 βούλοιτο

571 4189 780 4263 διάγειν,
809 4198 890 4249 καί
919 4203 987 4266 μή
1020 4198 1045 4252 ὁ
1072 4208 1164 4262 τῆς
1189 4199 1382 4266 πόλεως
1408 4208 1595 4272 ἐκείνης
1622 4213 1898 4279 ἐπίσκοπος
1933 4220 2177 4300 ἔμπειρος

579 4279 599 4295 θ
655 4281 678 4300 θ
704 4282 728 4300 εἴ
864 4287 880 4300 ‘
902 4289 910 4300 '
1099 4298 1105 4300 “

570 4279 601 4359 ᾗ
649 4281 995 4349 διδασκαλίας·
1040 4298 1111 4361 μή
1162 4307 1448 4372 καταφρονῇ
1508 4302 1696 4359 ἐκείνου
1728 4346 1743 4370 ,
1797 4279 2176 4392 συνεχέστερον

579 4372 592 4389 ο
657 4372 715 4392 Kc
1026 4382 1035 4392 '
1237 4388 1245 4392 '
1489 4390 1495 4392 λ

570 4372 738 4451 ὁμιλῇ,
771 4382 1141 4450 καταισχύνειν
1164 4388 1249 4438 καί
1272 4390 1636 4457 κατευτελίζειν
1674 4398 1735 4452 τό
1778 4398 2059 4476 πρόσωπον
2081 4372 2173 4461 τοῦ

2280 3210 2364 3257 tor
2383 3204 2646 3272 gentium,
2663 3203 3005 3274 prohibuisse
3028 3207 3186 3275 plane
3198 3208 3435 3277 videtur,
3449 3224 3517 3267 ne
3536 3212 3718 3268 celeres
3733 3210 3828 3267 fiant

2276 3294 2673 3351 ordinationes.
2706 3295 3032 3367 Longissimi
3062 3300 3207 3354 enim
3251 3304 3517 3374 temporis
3557 3304 3768 3375 probatio
3788 3312 3827 3359 et

2274 3387 2777 3452 conversationem,
2806 3397 2862 3443 et
2887 3390 3316 3461 uniuscujusque
3342 3408 3522 3450 mores
3550 3410 3645 3452 non
3672 3397 3827 3467 impro-

2276 3477 2535 3534 babiliter
2574 3479 2884 3550 exprimere
2930 3484 3152 3551 pulerit.
3206 3483 3416 3542 Omnes
3458 3488 3695 3544 dixerunt
3733 3487 3829 3559 ipsis

2278 3569 2518 3639 placere,
2544 3581 2598 3626 et
2623 3573 2846 3627 omnino
2876 3588 2985 3628 non
3015 3583 3271 3645 oportere
3299 3591 3364 3634 ea
3392 3578 3707 3637 subvertere.

2356 3754 2422 3810 Χ.
2462 3756 2621 3813 Osius
2667 3760 2954 3831 episcopus
3004 3762 3141 3818 dixit
3185 3783 3198 3818 :
3248 3764 3367 3822 lloc
3406 3778 3616 3839 quoque
3651 3761 3828 3821 deﬁnire

2278 3846 2574 3912 debemus,
2610 3859 2664 3904 ut
2701 3852 2916 3921 quando
2946 3854 3232 3926 episcopus
3276 3872 3346 3913 ex
3422 3859 3525 3915 alia
3566 3858 3758 3914 civitate
3791 3854 3829 3907 ia

2278 3939 2440 3994 aliam
2483 3941 2757 3997 civitatem
2782 3984 2799 4008 ,
2821 3945 2905 4000 vel
2944 3960 3009 4001 ex
3038 3947 3139 4001 alia
3179 3951 3457 4019 provincia
3486 3951 3540 4007 in
3567 3950 3709 4007 aliam
3734 3958 3826 4019 pro-

2282 4031 2511 4085 vinciam
2552 4036 2840 4088 aecesserit
2864 4076 2879 4099 ,
2919 4037 3228 4106 iactationis
3268 4043 3447 4113 gratia
3492 4042 3706 4115 propriis
3745 4039 3828 4093 latt-

2282 4119 2441 4175 dibns
2492 4124 2764 4191 serviens,
2812 4137 2905 4181 aut
2948 4129 3223 4200 religionis
3267 4147 3468 4198 causa,
3507 4141 3563 4191 et
3603 4132 3712 4188 velit
3739 4132 3827 4185 lon-

2281 4212 2414 4282 giori
2458 4223 2701 4284 tempore
2745 4217 2857 4272 illic
2894 4234 3093 4290 agere;
3125 4223 3266 4279 illius
3310 4236 3493 4282 autem
3527 4222 3835 4290 civitatisepi-

2282 4318 2481 4375 scopns
2506 4308 2771 4364 doctrinae
2816 4326 2923 4366 non
2975 4312 3136 4369 fuerit
3176 4317 3388 4385 peritus
3422 4337 3436 4373 :
3484 4334 3552 4374 ne
3579 4318 3713 4373 illum
3743 4312 3832 4368 des-

2282 4398 2474 4466 piciat,
2505 4410 2562 4456 et
2599 4399 2936 4472 frequentius
2958 4408 3338 4474 concionetur,
3369 4410 3595 4468 studens
3620 4408 3833 4465 dedecore

570 4464 744 4524 αὐτόθι
769 4469 1053 4530 ἐπισκόπου
1078 4478 1405 4544 σπουδάζων
1428 4484 1560 4546 αὕτη
1579 4492 1681 4563 γάρ
1701 4494 1732 4552 ἡ
1760 4464 2018 4571 πρόφασις
2039 4498 2171 4557 εἴωθε

2280 4464 2503 4546 afficere
2537 4501 2594 4546 et
2619 4464 2953 4563 vilipendere
2992 4513 3278 4569 personam
3316 4464 3698 4573 emacem—(hic
3723 4464 3831 4554 enim

568 4562 843 4636 ταράχους
882 4576 1061 4623 ποιεῖν’
1108 4575 1191 4625 καὶ
1226 4573 1278 4628 ἐκ
1316 4582 1409 4637 τῆς
1454 4581 1691 4645 τοιαύτης
1729 4592 2050 4664 πανουργίας
2079 4599 2172 4654 τὴν

569 4652 839 4732 ἀλλοτρίαν
863 4659 1107 4737 καθέδραν
1134 4663 1302 4738 ἐαυτῷ
1324 4674 1797 4744 προμνηστεῦεσθαι
1843 4652 2171 4760 κοίὶ1παρασ-

569 4746 770 4803 πᾶσθαι
794 4751 1081 4829 σπουδάζῃ,
1117 4762 1189 4829 μή
1214 4756 1472 4827 διστάζων
1514 4772 1605 4825 τήν
1631 4771 1772 4845 αὐτῷ
1791 4746 2171 4849 παραδοθέῐσαν

569 4833 827 4894 ἐκκλησίαν
875 4847 1267 4921 καταλιμπάνειν
1289 4894 1304 4919 ,
1345 4858 1429 4910 καί
1474 4859 1547 4920 είς
1590 4860 1768 4939 ἑτέραν
1814 4870 2168 4937 μεθίστασθαι.

568 4924 798 5001 ὁριστέον
822 4938 989 4992 τοίνυν
1017 4940 1100 4994 ἐπὶ
1123 4944 1291 5017 τούτῳ
1322 4943 1535 5022 χρόνον·
1566 4953 1739 5016 ἐπειδή
1764 4962 1848 5013 καί
1872 4962 1932 5015 τό
1953 4968 2023 5033 μή
2042 4962 2174 5020 ὑπο-

573 5016 620 5033 ,,
736 5022 758 5033 ,
841 5023 852 5033 .
904 5027 911 5033 .

567 5016 813 5092 δέχεσθαι
833 5023 1123 5088 ἐπίσκοπον.
1155 5041 1257 5089 τῶν
1304 5039 1660 5115 ἀπανθρώπων
1696 5050 1781 5104 καί
1821 5060 2012 5106 σκαιῶν
2046 5050 2173 5111 εἶναι

563 5108 874 5183 νενόμισται.
903 5118 1151 5187 μέμνησθε
1182 5122 1236 5179 δέ
1256 5129 1341 5181 καί
1363 5128 1412 5182 ἐν
1432 5138 1505 5202 τῷ
1530 5137 1815 5211 προάγοντι
1840 5137 2024 5216 χρόνῳ
2048 5147 2172 5205 τοὺς

565 5207 795 5283 πατέρας
815 5209 953 5282 ἡμῶν
978 5217 1270 5288 κεκρικέναι.
1291 5220 1373 5276 ’ἱνα
1393 5220 1534 5285 εἴτις
1555 5227 1939 5292 modum“
1960 5232 2167 5309 διάγων,

561 5307 707 5376 τρεῖς
738 5303 978 5377 κυριακάς
995 5306 1188 5381 ἡμέρας
1214 5311 1262 5363 ἐν
1286 5317 1451 5389 τρισὶν
1482 5316 1731 5391 ἑϐδομάσι
1745 5329 1815 5394 μή
1836 5327 2166 5402 συνέρχοιτο,

566 5391 853 5451 ἀποκινοῖτο
874 5404 967 5459 τῆς
992 5403 1249 5463 κοινωνίας
1291 5407 1337 5458 εἰ
1353 5408 1521 5462 τοίνυν
1543 5417 1662 5486 περὶ
1688 5421 1790 5471 τῶν
1814 5416 1995 5473 lui:sz
2012 5428 2166 5478 τοῦτο

562 5483 912 5554 τεθέσπισται,
945 5492 1003 5544 οὐ
1042 5498 1174 5569 χρὴ.
1213 5492 1325 5550 οὐδέ
1357 5499 1562 5575 πρέπει,
1591 5483 1698 5557 ἀλλ’
1718 5505 1832 5562 οὐδέ
1871 5514 2121 5587 συμφέρει
2144 5552 2161 5582 ,

561 5576 839 5633 ἐπίσκοπον
867 5630 878 5644 ,
922 5584 965 5636 εί
1004 5584 1252 5659 μηδεμίαν
1294 5588 1586 5669 βαρυτέραν
1635 5596 1859 5672 ἀνάγκην
1916 5599 2080 5673 ἔχοι,
2133 5604 2163 5665 ἧ

562 5675 777 5748 πρᾶγμα
805 5669 1087 5753 δυσχερὲς,
1119 5681 1440 5742 ἐπιπλεῐστον
1458 5669 1824 5750 ἀπολείπεσθαι
1851 5700 1943 5758 τῆς
1970 5694 2157 5754 ἑαυτοῦ

2278 4594 2573 4652 praetextus
2598 4588 2741 4642 solet
2767 4592 2951 4646 turbas
2973 4594 3240 4662 excitare)
3257 4610 3359 4651 nec
3387 4596 3647 4665 ejusmodi
3670 4590 3835 4651 callidi-

2277 4684 2384 4732 tate
2419 4678 2649 4735 alienam
2690 4682 2879 4738 sedem
2918 4686 3021 4741 sibi
3050 4689 3348 4745 conciliare
3378 4699 3436 4745 et
3466 4689 3726 4745 attrahere
3744 4694 3833 4741 atu-

2275 4769 2399 4824 deat
2425 4812 2440 4837 ,
2490 4788 2595 4828 non
2642 4775 2897 4833 dubitans
2941 4779 3042 4835 sibi
3093 4782 3344 4837 traditam
3391 4784 3669 4841 ecclesiam
3713 4779 3837 4837 relin-

2274 4879 2467 4932 quere,
2502 4874 2560 4920 et
2597 4867 2648 4921 in
2675 4869 2838 4923 aliam
2870 4872 3123 4928 transire.
3155 4874 3235 4929 Ad
3262 4873 3367 4930 hoc
3391 4890 3525 4948 ergo
3550 4886 3742 4945 tempus
3761 4870 3835 4925 de-

2278 4958 2570 5013 finiendum
2609 4971 2714 5018 est.
2754 4962 2888 5018 Nam
2937 4965 3251 5036 episcopum
3280 4982 3388 5022 non
3418 4969 3603 5040 recipi,
3636 4967 3839 5023 inhum-

2277 5066 2406 5105 num
2432 5060 2488 5105 et
2516 5053 2728 5109 incivile
2752 5055 3117 5112 existimatum
3143 5068 3249 5113 est.
3273 5058 3651 5117 Recordemini
3672 5066 3832 5117 suum.

2275 5153 2459 5212 patres
2489 5158 2707 5203 nostros
2742 5149 2795 5203 in
2836 5157 3080 5220 tetupore
3107 5153 3390 5223 praeterito
3425 5153 3766 5225 iudicavisse,
3794 5154 3837 5200 ιιι

2274 5236 2320 5290 si
2349 5239 2470 5306 quis
2499 5238 2669 5295 laicus
2702 5239 2755 5293 in
2785 5241 2964 5311 aliqua
2989 5242 3123 5299 urbe
3148 5259 3339 5315 agens,
3374 5247 3548 5302 tribus
3567 5245 3739 5302 diebus
3759 5239 3835 5295 d0-

2274 5331 2490 5386 minicis
2536 5332 2588 5386 in
2637 5332 2809 5389 tribus
2860 5333 3285 5392 hebdomadibus
3333 5353 3445 5394 non
3490 5336 3770 5401 conveniat,
3803 5332 3839 5387 is

2270 5423 2654 5480 communione
2690 5438 2989 5481 moveatur.
3028 5428 3084 5483 Si
3127 5429 3229 5485 hoc
3256 5446 3389 5500 ergo
3417 5432 3489 5488 de
3524 5432 3667 5487 laieis
3702 5434 3838 5482 stat!-

2270 5525 2384 5571 tum
2428 5525 2530 5582 est,
2564 5533 2667 5572 non
2710 5530 2946 5588 Oportet,
2984 5535 3085 5576 nec
3123 5524 3416 5590 convenit,
3451 5524 3549 5580 sed
3588 5533 3748 5592 neque
3771 5524 3837 5573 est

2268 5608 2401 5664 utile
2426 5608 2766 5680 episcopum,
2794 5610 2842 5665 si
2872 5610 3073 5666 nullan
3115 5610 3277 5669 habet
3298 5617 3607 5685 graviorem
3635 5607 3835 5668 necessi-

2267 5706 2453 5767 tatem,
2481 5701 2563 5756 vel
2600 5701 2871 5773 negotium
2911 5702 3208 5772 difficilius,
3238 5720 3267 5759 ο
3294 5722 3401 5764 sua
3421 5699 3830 5765 eudaildimils
