4106 6184
368 223 525 291 l;25;

763 223 1080 285 CANONES
1116 227 1250 286 OSlI
1286 228 1374 284 ΕΤ
1414 229 1511 286 SS.
1558 224 1842 286 PATBUM
1879 228 1997 296 QUI
2034 229 2358 288 SARDICE
2399 230 2669 289 SYNODO
2706 233 3241 296 CONVENERUNT.

3525 242 3550 297 i
3561 242 3668 298 526

359 340 572 407 abesse,
601 350 657 396 et
682 340 783 396 sibi
813 341 1162 398 commissum
1192 343 1443 414 p0pulum
1471 344 1813 400 contristare.
1835 342 1959 398 0m-

2066 343 2350 409 ἐκκλησίας,
2383 350 2469 402 καὶ
2498 347 2593 420 (al.
2624 349 2821 421 λιπεῖν)
2857 352 3039 409 λυπεῖν
3080 354 3668 432 τόνξίμπεπιστευμὲνον

361 446 460 487 nes
485 432 719 504 epis-cepi
749 433 1000 489 dixerunt
1030 434 1167 490 hanc
1213 450 1426 507 quoque
1471 434 1791 490 sententiam
1839 449 1961 492 esse

360 525 946 581 convenientissimam.

436 637 521 693 XI.
574 636 734 694 Osius
760 640 1045 711 cpiscopus
1085 642 1256 699 dixit:
1284 642 1418 711 Quia
1452 642 1584 699 nihil
1613 652 1697 701 est
1733 651 1958 716 praeter-

360 732 710 798 mittendum,
765 733 866 788 hoc
894 750 1107 806 quoque
1155 735 1464 792 definiatur.
1498 736 1723 804 Quidam
1765 738 1960 794 fratres

358 833 411 877 et
442 824 748 895 CtleplSt‘Opi
776 826 829 880 iu
856 826 1169 883 civitatibus
1192 870 1207 894 ,
1241 829 1293 883 in
1321 829 1515 898 quibus
1540 830 1775 902 episcopi
1801 847 1961 888 cons-

360 917 645 984 tituuntur,
692 918 939 974 videnlur
970 920 1123 977 valde
1150 937 1313 992 pauca
1341 963 1352 986 ,
1410 940 1529 993 qua:
1560 923 1662 979 sibi
1701 923 1805 980 sint
1839 940 1962 995 pro-

357 1009 470 1081 pria
491 1051 505 1076 ,
537 1010 847 1081 possidere;
894 1012 946 1066 in
987 1013 1107 1067 aliis
1133 1024 1309 1068 autem
1340 1013 1473 1069 locis
1501 1032 1719 1085 magnas
1746 1032 1961 1087 posscs—

355 1102 569 1169 slnues,
597 1118 660 1157 ex
703 1104 896 1174 quibus
924 1104 1084 1160 etiam
1132 1115 1354 1175 possunt
1382 1122 1538 1176 Opem
1590 1106 1730 1163 ferre
1762 1124 1959 1179 paupe-

353 1194 531 1249 ribus:
566 1195 631 1250 iis
663 1195 821 1265 igitur
862 1195 931 1249 ita
978 1210 1101 1252 esse
1144 1197 1550 1253 concedendum
1574 1198 1760 1269 judico
1781 1241 1797 1266 ,
1828 1208 1885 1254 ut
1914 1199 1957 1254 si

353 1283 407 1339 in
453 1301 578 1341 suas
615 1286 988 1357 possessiones
1026 1289 1234 1343 venturi
1274 1297 1433 1354 sunt,
1481 1301 1535 1346 et
1584 1288 1785 1346 fructus
1833 1306 1961 1347 suos

352 1378 631 1434 collecturi
657 1419 672 1444 ,
722 1379 893 1434 tribus
936 1379 1128 1436 diebus
1167 1380 1450 1438 dominicis
1475 1422 1491 1449 ,
1541 1381 1595 1436 id
1624 1394 1738 1449 est,
1790 1385 1961 1439 tribus

353 1471 668 1542 septimanis
697 1473 749 1527 iu
795 1474 908 1529 suis
954 1474 1388 1543 possessionibus
1418 1474 1648 1545 degant;
1682 1484 1738 1530 et
1786 1475 1838 1529 iu
1866 1490 1961 1530 cc-

353 1565 517 1620 clesia
543 1604 558 1630 ,
605 1580 725 1635 qua:
758 1580 923 1636 prope
965 1576 1079 1631 est,
1125 1568 1178 1622 iu
1221 1582 1328 1636 qua
1372 1569 1656 1639 presbyter
1705 1568 1958 1639 pupulum

354 1668 674 1729 congregat,
721 1675 790 1715 ne
820 1661 1252 1731 cengregationis
1278 1677 1474 1732 expers
1519 1677 1639 1718 esse
1680 1663 1957 1726 videatur,

353 1758 671 1819 c-ntveuiat,
700 1764 756 1810 et
783 1753 963 1810 ofﬁcia
989 1755 1168 1810 divina
1213 1731 1404 1824 obeat;
1438 1767 1493 1812 et
1521 1773 1588 1812 ne
1619 1756 1956 1828 frequentius
1988 1731 2036 1790 Β

353 1849 407 1904 iu
433 1849 683 1912 civitate,
718 1850 770 1904 in
818 1865 920 1919 qua
969 1859 1055 1906 cst
1100 1850 1424 1920 episcolius,
1475 1851 1636 1906 adsit.
1689 1851 1767 1905 En
1811 1851 1956 1906 enim

354 1942 515 1997 modo
545 1951 599 1997 et
624 1958 711 1998 res
750 1942 865 2012 ejus
907 1950 1125 2012 propter
1155 1943 1322 2012 ipsius
1365 1944 1665 1998 absentiam
1700 1943 1830 1998 nihil
1861 1944 1960 1999 dc-

356 2036 595 2091 trimenti
624 2035 917 2105 patientur,
942 2046 994 2089 rt
1016 2037 1338 2104 arrogantia:
1362 2050 1425 2089 ac
1451 2036 1721 2105 superbia:
1749 2036 1957 2091 crimen

356 2125 592 2197 effugere
624 2125 912 2182 videbitur.
958 2127 1160 2182 Omnes
1189 2125 1428 2197 episcopi
1455 2127 1736 2182 dixerunt:
1778 2127 1963 2183 Placet

357 2220 477 2277 hate
496 2236 711 2292 quoque
737 2221 1073 2277 constitutio.

432 2379 549 2435 ΧΠ.
599 2379 757 2435 Osius
787 2380 1071 2450 episcOpus
1110 2378 1277 2433 dixit:
1311 2379 1422 2434 lloc
1461 2393 1676 2450 quoque
1706 2377 1958 2433 omnibus

361 2473 599 2542 placeat,
632 2483 688 2528 ut
714 2474 760 2528 si
789 2473 1077 2540 diaconus,
1103 2473 1188 2527 vel
1223 2473 1526 2545 presbyter,
1556 2472 1639 2527 vel
1670 2474 1832 2526 etiam
1861 2472 1960 2525 ali-

358 2568 478 2638 quis
502 2582 566 2621 ex
618 2567 830 2623 clericis
878 2568 951 2623 sit
995 2568 1535 2634 cxcommunicatus,
1583 2576 1639 2622 et
1687 2566 1752 2621 ad
1796 2567 1959 2622 alium

357 2662 705 2731 episcopum,
755 2662 845 2731 qui
894 2678 1018 2718 eum
1068 2664 1254 2726 novit,
1306 2662 1636 2732 confugerit,
1698 2664 1959 2719 scientem

358 2772 480 2812 cum
513 2771 541 2809 a
583 2756 802 2826 proprio
841 2758 1098 2826 episcopo
1141 2770 1264 2811 esse
1291 2758 1669 2811 communione
1715 2766 1953 2821 motum,

359 2865 466 2906 non
494 2859 746 2917 oportere
773 2850 1030 2918 episcopo
1072 2858 1127 2903 et
1153 2847 1304 2902 fratri
1334 2862 1434 2903 suo
1465 2847 1717 2917 iujuriam
1760 2848 1962 2903 facien-

360 2950 467 2998 tem
488 2983 501 3005 ,
534 2942 585 2997 ei
627 2941 1061 2996 communionem
1108 2941 1371 3011 praebere.
1408 2941 1502 2997 Sin
1533 2950 1713 2995 autem
1746 2940 1847 2995 hoc
1879 2939 1960 2995 fa-

355 3051 484 3091 cere
509 3050 673 3089 ausus
717 3033 877 3088 fuerit
900 3074 914 3099 ,
945 3033 1099 3096 sciat,
1124 3049 1249 3088 cum
1282 3031 1635 3088 convenerint
1677 3032 1916 3102 episcopi
1943 3074 1958 3096 ,

357 3127 591 3198 seipsum
619 3143 834 3184 causam
867 3142 989 3182 esse
1029 3126 1319 3182 dicturum.
1365 3126 1567 3183 Omnes
1594 3126 1832 3198 episcopi
1878 3126 1960 3181 di-
1990 3120 2034 3183 C

357 3232 552 3277 xerunt
578 3238 591 3275 :
621 3220 732 3276 lluc
758 3217 1019 3290 judicium
1050 3230 1105 3275 et
1134 3235 1318 3291 pacem
1360 3236 1526 3292 usque
1555 3219 1855 3283 custodiet,
1904 3228 1962 3275 et

354 3315 600 3371 muniunt
626 3310 973 3369 concordiam
1005 3312 1263 3368 tuebitur.

429 3494 570 3550 XIII.
601 3493 762 3566 Qsius
800 3496 1084 3567 episcopus
1129 3495 1295 3551 dixit:
1327 3495 1482 3565 Quod
1523 3503 1703 3552 autem
1733 3512 1820 3552 me
1859 3513 1959 3553 un-

354 3590 638 3660 dequaque
664 3599 882 3656 movet,
928 3589 1154 3646 reticere
1182 3605 1289 3645 non
1327 3590 1520 3645 debeo.
1549 3590 1606 3646 Si
1652 3590 1959 3647 inveniatur

353 3684 477 3751 quis
503 3684 791 3752 episcopus
831 3683 894 3737 ad
936 3683 1069 3737 iram
1103 3698 1403 3753 prepensus
1432 3681 1599 3756 (quod
1635 3684 1852 3754 quidem
1887 3685 1956 3739 ab

354 3774 621 3846 ejusmodi
669 3775 888 3831 homine
923 3775 1115 3832 abesse
1144 3773 1328 3849 debet)
1364 3785 1419 3833 et
1448 3777 1707 3832 adversus
1735 3778 1959 3847 presby-

356 3877 528 3927 terum
552 3909 567 3934 ,
600 3869 683 3924 vel
709 3868 994 3924 diaconum
1021 3869 1130 3924 cito
1157 3879 1495 3930 commotus,
1528 3885 1650 3925 eum
1677 3885 1744 3925 ex
1783 3870 1958 3926 eccle-

350 3961 433 4015 sia
479 3959 677 4028 ejicere
722 3958 983 4023 voluerit;
1058 3958 1449 4030 providendum
1519 3968 1640 4018 est.
1679 3975 1748 4015 ne
1779 3960 1824 4015 is
1871 3976 1957 4017 rc-

356 4063 517 4124 peute
561 4052 972 4116 condemnetur,
1004 4062 1059 4106 et
1082 4056 1462 4107 communione
1484 4053 1735 4121 privetur.
1753 4052 1955 4109 Omnes

353 4145 593 4215 episcopi
630 4144 913 4200 dixerunt:
960 4144 1059 4212 Qui
1101 4144 1334 4216 ejicitur,
1386 4153 1704 4215 potestatem
1762 4146 1957 4203 habeat

354 4235 696 4306 confugiendi
741 4236 809 4291 ad
855 4235 1166 4305 episcopum
1198 4236 1512 4305 metropolis
1538 4235 1785 4305 eiusdem
1829 4251 1956 4308 pro-

355 4328 547 4384 vincia:
568 4346 581 4382 :
602 4330 646 4382 si
673 4337 853 4384 autem
882 4328 1329 4399 metropolitanus
1349 4328 1537 4394 abest,
1569 4329 1637 4384 ad
1667 4331 1951 4385 linitimum

355 4420 749 4486 concurrendi,
778 4429 832 4474 et
855 4419 1080 4491 rogandi
1107 4460 1119 4484 ,
1146 4427 1204 4475 nt
1226 4434 1383 4475 suum
1408 4422 1681 4490 negetium
1705 4430 1955 4477 accurate

356 4515 710 4571 exatiiinetur.
752 4513 937 4584 Neque
959 4513 1103 4570 enim
1151 4529 1256 4569 non
1286 4525 1410 4569 sunt
1448 4528 1608 4571 aures
1654 4514 1957 4585 praebenda:

2061 4530 2123 4584 τὸ
2164 4533 2407 4605 πρᾶγμα·
2455 4531 2515 4584 οὐ
2560 4535 2672 4605 χρὴ
2711 4533 2813 4605 ’γάρ
2864 4538 2934 4602 μὴ

359 4610 425 4671 iis
450 4610 538 4680 qui
574 4618 782 4679 rogant.
829 4608 924 4663 Ille
965 4624 1178 4679 quoque
1215 4609 1502 4680 episcopus
1525 4650 1541 4675 ,
1572 4609 1663 4679 qui
1702 4608 1825 4680 jure
1869 4612 1951 4666 vel

358 4703 551 4773 injuria
578 4718 701 4758 eum
728 4701 969 4772 expulit,
1012 4717 1168 4770 aequo
1193 4702 1374 4757 animo
1417 4700 1556 4757 ferre
1600 4702 1761 4759 debet
1790 4713 1846 4756 ut
1872 4703 1949 4758 rei

357 4794 452 4851 fiat
496 4794 855 4858 examinatio,
903 4803 957 4848 et
1002 4794 1085 4849 vel
1113 4793 1230 4864 ejus
1266 4795 1620 4850 ceniirmetur
1647 4796 1950 4861 sententia,

356 4891 439 4946 vel
466 4888 785 4958 corrigatur.
815 4887 1129 4959 Priusquam
1160 4896 1337 4943 autem
1368 4887 1652 4959 diligenter
1676 4898 1731 4945 et
1757 4905 1823 4945 ex
1848 4890 1951 4946 lide

354 4981 564 5051 singula
609 4981 910 5035 cxauiiuata
959 4979 1192 5045 fuerint,
1243 4980 1334 5051 qui
1377 4982 1810 5038 communionem
1843 4999 1949 5037 non

358 5071 554 5137 habet,
585 5089 690 5125 nou
726 5071 888 5128 debet
922 5081 1050 5127 ante
1079 5072 1156 5128 rei
1188 5072 1548 5143 cognitionem
1579 5074 1679 5131 sibi
1708 5091 1951 5131 cornutu-

356 5163 574 5219 nionem
619 5179 665 5216 a2
681 5179 889 5234 rogare.
934 5163 989 5220 Si
1020 5173 1201 5220 autem
1245 5165 1424 5222 clerici
1466 5166 1628 5236 aliqui
1676 5182 1946 5224 convene-

355 5256 464 5315 rint
487 5296 501 5324 ,
533 5267 589 5313 ct
615 5258 732 5329 ejus
751 5258 1055 5328 superbiam
1078 5268 1133 5314 et
1152 5261 1511 5330 arrogantiam
1546 5260 1795 5325 viderint;
1824 5262 1951 5333 quia

357 5364 467 5404 non
509 5350 764 5406 convenit
804 5353 1182 5408 contumeliam
1225 5352 1309 5407 vel
1359 5352 1610 5423 injustam
1641 5355 1951 5424 expostulm

359 5443 560 5498 tionem
591 5441 731 5511 pati,
761 5441 1126 5498 acerbioribus
1168 5452 1225 5500 et
1249 5444 1585 5514 gravioribus
1621 5444 1800 5500 verbis
1825 5462 1948 5502 eum

357 5533 552 5589 debeo:
579 5534 885 5604 cut-r3gere;
915 5547 971 5589 ut
1001 5538 1049 5591 ei
1076 5538 1165 5606 qui
1190 5536 1343 5607 jubet
1368 5551 1487 5607 qum
1512 5538 1744 5603 decent,
1772 5539 1948 5594 inser-

358 5626 507 5680 viant
530 5635 584 5680 et
612 5624 888 5680 obediant.
920 5628 1071 5683 Sicut
1099 5628 1241 5683 cuim
1263 5628 1422 5685 debet
1443 5632 1731 5701 episcOpus
1760 5635 1950 5691 minis-

361 5716 456 5775 tris
485 5716 749 5774 sinceram
782 5716 1126 5775 dilectionem
1172 5730 1227 5776 et
1269 5720 1519 5779 ali'ectum
1547 5723 1825 5794 praebere;
1857 5742 1950 5784 eo—

2063 439 2201 508 αὐτῷ
2235 436 2376 493 λαόν.
2412 438 2637 504 ἅπαντες
2676 443 2724 497 οί
2768 445 3041 501 ἐπίσκοποι
3080 448 3330 525 εἰρήκασι.
3362 453 3445 505 καί
3471 451 3666 511 ταύτην

2058 536 2150 590 τήν
2176 534 2380 605 γνώμην
2407 531 2603 611 σφόδρα
2629 530 2757 592 εἶναι
2782 537 3219 612 πρεπωδεστάτην
3241 539 3529 618 ὁριζόμεθα.

2134 669 2219 725 ια’.
2258 667 2434 734 Ὀσιος
2462 675 2739 737 ἐπίσκοπος
2765 670 2921 734 εἶπεν
2944 676 3147 739 Ἐπειδή
3188 680 3330 737 οὐδέν
3361 684 3474 740 ἐστι
3496 706 3665 761 παρα-

2059 760 2306 828 λειπτέον,
2336 768 2591 824 καὶτοῦτο
2613 766 2884 843 ὁρισθήτω.
2917 773 3059 834 Τινὲς
3078 772 3422 851 τῶνξάδελφῶν
3436 782 3518 832 καὶ
3537 800 3636 833 συν
3652 810 3663 819 ο

2060 850 2352 911 επισκόπων
2377 857 2427 910 ἐν
2453 866 2570 919 ταῖς
2593 858 2819 924 πόλεσιν,
2854 863 2903 916 ἐν
2920 860 3001 926 αἷς
3020 866 3291 923 ἐπίσκοποι
3314 872 3661 940 καθίστανται,

2063 943 2273 1003 δοκοῦσι
2298 952 2571 1009 κεκτῆσθαι
2596 949 2794 1031 σφόδρα
2823 952 2966 1030 ὀλίγα
2995 954 3314 1035 ὑπάρχοντα
3333 959 3453 1019 ἴδια·
3482 972 3528 1021 ἓν
3556 966 3663 1021 ἐτέ-

2061 1057 2170 1112 ροις
2193 1035 2247 1092 δὲ
2270 1033 2450 1102 τόποις
2490 1046 2691 1104 κτήσεις
2716 1046 2962 1119 μεγάλας,
2990 1050 3039 1114 εξ
3069 1047 3136 1104 ὧν
3165 1056 3248 1106 καὶ
3267 1059 3548 1131 ἐπικουρεῖν
3573 1058 3636 1114 δυ
3654 1089 3665 1097 ·

2063 1131 2204 1185 νατοί
2245 1134 2344 1187 εἱσι
2374 1141 2482 1194 τοῖς
2516 1136 2746 1196 πένησιν.
2783 1137 2948 1202 οὕτως
2976 1136 3068 1195 οὖν
3094 1144 3266 1205 αὐτοῖς
3292 1152 3665 1226 συγχωρητέον

2062 1217 2188 1279 εἶναι
2214 1227 2388 1302 κρίνω,
2414 1227 2498 1283 ἵνα
2527 1230 2571 1282 εἰ
2602 1230 2825 1301 μέλλοιεν
2852 1234 2924 1295 εἰς
2944 1237 3038 1296 τὰς
3066 1235 3261 1293 ἑαυτῶν
3281 1244 3666 1317 ,παραγίνεσθαι

2062 1319 2284 1381 κτήσεις,
2310 1321 2392 1373 καί
2417 1324 2509 1378 τήν
2539 1321 2850 1394 συγκομιδήν
2871 1333 2971 1380 τῶν
2992 1336 3202 1406 καρπῶν
3223 1334 3495 1399 ποιεῖσθαι,
3526 1347 3665 1413 τρεῖς

2065 1412 2313 1484 κυριακάς
2345 1413 2559 1487 ἡμέρας,
2600 1417 2740 1472 τοῦτ’
2783 1415 2912 1483 ἔστι,
2966 1431 3105 1499 τρεῖς
3146 1422 3437 1499 ἑϐδομάδας
3472 1437 3521 1486 ἕν
3558 1412 3667 1496 τοῖς

2065 1500 2261 1556 ἑαυτῶν
2291 1507 2541 1576 κτήμασιν
2585 1509 2772 1571 αὐτοὺς
2816 1509 3026 1585 διάγειν,
3078 1516 3126 1570 ἐν
3163 1526 3226 1595 τῇ
3270 1521 3665 1600 ἀγχιστευούσῃ

2064 1591 2321 1671 ἐκκλησίᾳ,
2345 1593 2397 1651 ἓν
2422 1595 2828 1678 ᾖπρεσϐύτερος
2856 1607 3093 1679 συνάγοι,
3121 1611 3253 1689 ὑπὲρ
3280 1622 3373 1669 τοῦ
3398 1623 3468 1689 μή
3492 1624 3666 1696 χωρὶς

2065 1687 2417 1751 συνελεύσεως
2447 1692 2597 1747 αὐτόν
2620 1691 2781 1749 δοκεῖν
2803 1691 2947 1759 εἶναι,
2972 1687 3321 1778 συνξρχεσθαι
3338 1687 3421 1762 καί
3444 1687 3666 1786 λειτουρ-

2065 1792 2195 1856 γεῖν,
2225 1789 2308 1843 καί
2330 1793 2399 1861 μή
2426 1791 2805 1867 συνεχέστερον
2845 1793 2917 1857 είς
2946 1801 3038 1855 τήν
3070 1792 3233 1865 πόλιν,
3254 1799 3306 1857 ἐν
3377 1801 3514 1862 ἐστιν
3556 1806 3669 1866 ἐπί-

2066 1882 2869 1953 σκοπος,παραγίγνοιτο.τοῦτον
2883 1886 2981 1961 γὰρ
3002 1888 3089 1945 τόν
3107 1886 3300 1964 τρόπον
3320 1899 3490 1952 καὶτὰ
3510 1901 3668 1958 οἰκεῖα

2064 1969 2219 2024 αὐτοῦ
2236 1973 2519 2048 πράγματα
2544 1974 2688 2052 παρά
2709 1983 2800 2036 τὴν
2818 1978 2976 2035 αὐτοῦ
3003 1983 3262 2040 ἀπουσίαν
3284 1985 3516 2061 οὐδεμίαν
3537 1993 3667 2049 ὐπο-

2063 2068 2206 2131 μενεῖ
2230 2064 2430 2134 ζημίαν,
2471 2069 2556 2120 καὶ
2600 2067 2658 2122 τό
2679 2066 2977 2134 ἀλαζονείας
2997 2074 3080 2128 καὶ
3108 2083 3199 2131 τοῦ
3235 2075 3398 2153 τύφου
3432 2080 3667 2140 ἐκκλίνειν

2064 2150 2302 2229 ἔγκλημα.
2336 2154 2561 2220 ἅπαντες
2587 2158 2636 2215 οἱ
2673 2158 2943 2220 ἐπίσκοποι
2988 2160 3148 2223 εἶπον
3182 2168 3401 2249 Ἀρέσκει
3422 2179 3507 2231 καὶ
3536 2174 3671 2239 αὕτη

2065 2247 2097 2303 ἡ
2132 2244 2472 2310 διατύπωσις.

2137 2406 2201 2461 ιϐ’
2213 2447 2225 2460 .
2256 2404 2434 2469 Ὀσιος
2464 2406 2750 2473 ἐπίσκοπος
2766 2407 2894 2469 εἶπε·
2911 2420 3003 2471 Καὶ
3025 2424 3180 2474 τοῦτο
3206 2425 3367 2480 πᾶσιν
3393 2425 3631 2502 ἀρεσάτω
3647 2471 3662 2497 ,

2060 2494 2146 2554 ἶνα
2189 2496 2241 2554 εἴ
2260 2522 2339 2561 τις
2366 2499 2627 2564 διάκονος,
2660 2503 2691 2563 ἦ
2720 2508 3097 2585 πρεσϐύτερος,
3128 2510 3159 2573 ἦ
3189 2515 3276 2569 καί
3301 2539 3380 2578 τις
3408 2494 3509 2575 τῶν
3549 2523 3667 2583 κλη-

2063 2596 2218 2667 ρικῶν
2257 2592 2587 2655 ἀκοινώνητος
2624 2596 2846 2669 γένηται,
2895 2603 2976 2655 καί
3028 2604 3158 2679 πρὸς
3196 2605 3366 2683 ἕτερον
3394 2606 3669 2671 ἐπίσκοπον

2065 2683 2151 2739 τόυ
2177 2681 2348 2739 είδότα
2392 2686 2542 2740 αὐτόν
2593 2690 2891 2763 καταφύγω,
2932 2695 3251 2765 γινώσκοντα
3280 2681 3670 2764 αποκεκινῆσθαι

2068 2779 2218 2834 αὐτόν
2242 2786 2333 2839 τῆς
2362 2781 2624 2841 κοινωνίας
2653 2782 2799 2857 παρὰ
2822 2789 2912 2838 τοῦ
2932 2783 3063 2839 ίδίου
3092 2788 3398 2857 ἐπισκόπου,
3426 2800 3498 2865 μή
3527 2807 3665 2873 χρῆ-

2065 2893 2151 2927 ναι
2174 2880 2249 2947 τῷ
2278 2873 2539 2947 ἐπισκόπῳ
2563 2877 2645 2929 καί
2665 2873 2858 2949 ἀδελφῷ
2889 2878 3046 2933 αὐτοῦ
3082 2877 3232 2956 ὕϐριν
3260 2892 3505 2945 ποιοῦντα
3532 2909 3669 2968 παρ-

2064 2967 2210 3037 έχειν
2257 2967 2399 3038 αὐτῷ
2436 2969 2717 3023 κοινωνίαν.
2778 2971 2823 3023 εἰ
2850 2967 2903 3025 δέ
2944 2970 3196 3045 τολμήσοι
3228 2996 3307 3038 τις
3335 2987 3490 3037 τοῦτο
3516 2967 3667 3046 ποιῆ·

2068 3077 2182 3119 σαι,
2211 3058 2502 3131 γινωσκέτω
2529 3058 2864 3116 συνελθόντων
2888 3062 3183 3121 ἐπισκόπων
3209 3069 3455 3148 ἀπολογίᾳ
3485 3074 3667 3133 ἑαυτὸν

2071 3151 2358 3208 ὑπεύθυνον
2378 3152 2690 3209 καθιστάναι.
2721 3152 2947 3219 ἅπαντες
2975 3158 3021 3212 οἱ
3047 3161 3320 3219 ἐπίσκοποι
3339 3160 3501 3222 εἷπον·
3528 3170 3667 3230 Αὕτη

2067 3242 2102 3300 ἥ
2124 3243 2292 3319 κρίσις
2322 3244 2410 3297 καί
2434 3247 2523 3303 τὴν
2565 3244 2764 3316 εἰρήνην
2792 3249 3006 3305 πάντοτε
3036 3247 3346 3326 διαφυλάξει,
3374 3260 3459 3314 καὶ
3487 3257 3667 3322 διατη-

2064 3337 2218 3410 ρήσει
2243 3340 2335 3395 τὴν
2360 3336 2567 3391 πάντων
2594 3334 2850 3408 ὁμόνοιαν.

2140 3514 2220 3587 ιγ’.
2260 3511 2443 3575 Ὀσιος
2472 3514 2749 3577 ἐπίσκοπος
2789 3512 2919 3573 εἷπε·
2946 3520 3015 3574 Τό
3042 3517 3097 3575 δὲ
3137 3523 3360 3581 πάντοτὲ
3387 3547 3449 3599 με
3498 3536 3667 3586 κινοῦν

2064 3604 2438 3666 ἀποσιωπῆσαι
2476 3609 2565 3661 οὐκ
2613 3608 2812 3681 ὀφείλω.
2870 3607 2922 3664 εἴ
2965 3632 3047 3673 τις
3088 3615 3374 3678 ἐπίσκοπος
3413 3621 3665 3693 ὀξύχολος

2064 3698 2375 3775 εὑρισκοιτο’
2409 3694 2537 3774 ὅπερ
2565 3700 2650 3753 οὐκ
2675 3701 2858 3771 ὀφείλει
2880 3704 2932 3756 ἐν
2955 3706 3174 3779 τοιούτῳ
3202 3708 3350 3784 ἀνδρί
3367 3713 3665 3774 πολιτεύεσο

2063 3790 2168 3843 θαι·
2199 3794 2286 3843 καὶ
2307 3791 2520 3860 ταχέως
2541 3790 2747 3866 ἀνεικρύ
2781 3794 3147 3873 πρεσϐυτέρου
3190 3798 3221 3859 ἦ
3266 3803 3501 3861 διακόνου
3528 3829 3665 3869 κινησ-

2061 3881 2166 3976 Gri;
2198 3881 2424 3976 ίκϐαλεῐν
2728 3884 2887 3976 αὐτόν
2903 3885 2995 3959 (al.
3013 3889 3151 3963 τινὰ)
3176 3892 3415 3954 ἐθελήσοι.
3443 3898 3663 3976 προνοη;

2062 3973 2177 4068 τὲυγ
2203 3973 2313 4028 ἔστι
2340 3977 2410 4068 μή
2437 3973 2619 4047 ἀθρόον
2655 3973 2763 4043 (δίο
2795 3976 2976 4048 ἀθῳον)
3026 3983 3112 4036 τόν
3159 3992 3394 4043 τοιοῦτον
3425 3973 3665 4068 κατακρί-

2061 4066 2253 4129 νεσθαι,
2282 4067 2364 4120 καί
2388 4073 2480 4126 τῆς
2507 4070 2766 4128 κοινωνίας
2794 4070 3210 4147 ἀποστερεῖσθαι.
3241 4079 3429 4141 πάντες
3457 4066 3662 4153 εἰρήκα-

2060 4172 2169 4211 σιν⁹
2197 4155 2255 4210 ⁸0
2284 4156 2648 4229 ἐκϐαλλόμενος
2697 4160 2869 4230 ἐχέτω
2890 4163 3128 4227 ίξουσίαν
3156 4168 3241 4222 ἐπὶ
3265 4171 3353 4224 τὸν
3380 4174 3660 4233 ἐπίσκοπον

2058 4258 2156 4310 τῆς
2183 4251 2547 4327 μητροπόλεως
2572 4260 2664 4312 τῆς
2691 4255 2847 4318 αὐτῆς
2873 4256 3139 4332 ἐπαρχίας
3177 4274 3503 4339 καταφυγεῖν·
3535 4271 3580 4324 ιι
3608 4270 3663 4327 δέ

2060 4344 2089 4399 ὅ
2112 4353 2205 4406 τῆς
2230 4346 2591 4423 μητροπόλεως
2617 4343 2862 4413 ἄπεστιν,
2892 4350 2977 4403 ἐπὶ
3000 4352 3086 4406 τὸν
3109 4352 3478 4434 πλησιόχωρον
3505 4384 3662 4419 κατα.

2060 4437 2295 4511 τρέχειν,
2322 4441 2411 4491 καὶ
2427 4438 2623 4502 ἀξιοῦν,
2650 4438 2729 4492 ἵνα
2757 4442 2889 4510 μετὰ
2914 4443 3175 4517 ἀκριϐείας
3193 4448 3347 4504 αὐτοῦ
3367 4452 3660 4519 ἐξετώζηται

2979 4534 3205 4607 ὑπέχειν
3242 4542 3339 4601 τὰς
3366 4544 3525 4605 ἀκοὰς
3551 4556 3660 4609 τοῖς

2059 4623 2278 4687 ﬁliaiam.
2313 4625 2540 4695 κᾴκεῖνος
2579 4620 2634 4677 δὲ
2661 4621 2687 4676 ὀ
2714 4623 2991 4686 ἐπίσκοπος
3020 4628 3047 4682 ὀ
3073 4627 3280 4695 δικαίως
3307 4633 3337 4694 ἧ
3362 4638 3549 4702 ἀδίκως
3575 4643 3658 4696 ἐκ..

2063 4715 2226 4770 ϐαλὼν
2254 4716 2340 4771 τόν
2366 4720 2616 4780 τοιοῦτον,
2636 4719 2873 4786 γενναίως
2894 4720 3059 4795 φόρειν
3084 4723 3283 4795 ὀφείλει,
3330 4727 3412 4785 ἶνα
3438 4733 3468 4790 ἡ
3488 4734 3659 4798 ἐξέτα-

2057 4828 2144 4868 σις
2181 4814 2274 4865 τοῦ
2327 4810 2635 4883 πράγματος
2684 4811 2905 4883 γένηται·
2963 4817 3046 4867 καί
3097 4812 3129 4874 ἦ
3170 4821 3372 4895 κυρωθῇ
3421 4826 3575 4881 αὐτοῦ
3619 4830 3653 4888 ἡ

2056 4896 2341 4973 ἀπόφασις,
2387 4899 2421 4959 ἢ
2448 4898 2764 4975 διορθώσεως
2803 4900 2972 4978 τάχτν
3018 4908 3141 4981 πρὶν
3166 4906 3222 4964 δέ
3275 4911 3522 4985 επιμελῶε
3571 4927 3658 4977 καί

2057 4995 2189 5064 μετά
2216 4994 2445 5053 πίστεως
2466 4992 2661 5048 ἕκαστα
2687 4994 2953 5071 ἓξετασθῇ,
3004 4996 3034 5052 ὀ
3064 5005 3136 5072 μή
3179 4998 3322 5072 ἔχων
3357 5010 3449 5066 τήν
3478 5031 3657 5068 κοινω-

2055 5088 2185 5148 νίαν,
2238 5086 2342 5159 τι·ρό
2382 5093 2474 5145 τῆς
2517 5083 2838 5159 διαγνώσεως
2866 5095 2958 5143 τοῦ
2985 5092 3314 5165 πράγματος,
3355 5099 3521 5177 ἑαυτῷ
3563 5108 3654 5161 οὐκ

2055 5175 2240 5247 ὀφείλει
2280 5173 2495 5230 ἃκδικεῐν
2517 5181 2610 5235 τὴν
2637 5182 2910 5234 κοινωνίαν.
2942 5181 3032 5234 ἆοὶν
3059 5180 3116 5237 δὲ
3142 5173 3529 5256 συνεληλυθότες
3550 5204 3652 5252 τῶν

2056 5268 2302 5343 ιὰηρικῶν
2330 5288 2486 5334 τινες,
2514 5267 2763 5324 κατίδωσι
2790 5274 2880 5329 τήν
2908 5271 3203 5349 ὑπεροχίαν
3230 5284 3316 5334 καὶ
3353 5288 3444 5341 τὴν
3469 5285 3652 5353 aego-

2057 5364 2192 5453 νείαν
2220 5364 2402 5419 αὐτοῦ’
2448 5360 2625 5421 ἕπειδή
2652 5364 2710 5416 οὐ
2748 5366 3003 5438 προσῆκόν
3045 5369 3187 5425 ἔστιν
3225 5371 3371 5449 ὕϐριν
3396 5375 3432 5433 ἦ
3456 5380 3649 5453 μέμψιν

2056 5450 2234 5509 ἄδικον
2279 5454 2547 5526 ὑπομένειν
2570 5493 2584 5517 ,
2637 5457 2956 5532 πικροτέροις
2982 5462 3067 5512 καὶ
3095 5461 3403 5537 ϐαρυτέροις
3430 5450 3653 5541 βήμασιν

2056 5547 2374 5621 ὶπιστρέφειν
2399 5548 2490 5601 τὸν
2513 5553 2744 5602 τοιοῦτον
2772 5549 3072 5620 ὀφείλουσιν,
3100 5553 3181 5607 ἵνα
3201 5561 3275 5624 τῷ
3299 5558 3367 5612 τὰ
3395 5564 3655 5637 πρέποντα

2058 5639 2309 5697 κλεύοντι
2348 5640 2707 5716 ύπηρετῶνται
2756 5645 2840 5696 καί
2889 5644 3237 5701 dramaticum.
3293 5652 3472 5731 ὥσπερ
3498 5662 3600 5735 γάρ
3630 5663 3657 5718 ὁ

2059 5728 2343 5793 ἐπίσκοπος
2374 5739 2485 5795 τοῖς
2525 5733 2803 5808 ὑπηρέταις
2850 5733 3084 5813 εἰλικρινῆ
3127 5736 3307 5809 ὀφείλει
3334 5728 3659 5823 την-ἀγάπην
