4106 6184
527 198 664 255 1527

1610 184 1810 244 OSIUS
1848 178 2221 239 EPISCOPUS
2258 177 2754 238 CORDUBENSIS.

3637 186 3742 245 Πιίὸ

527 319 614 371 καί
641 320 733 375 τήν
752 313 971 370 διάθεσιν
997 312 1274 386 παρέχειν,
1298 309 1386 362 τὸν
1410 307 1563 361 αὐτὸν
1581 305 1772 381 τρόπον
1800 306 1883 358 καί
1913 303 1960 356 οἱ
1987 302 2116 356 ῦπου
2149 340 2159 358 .

2269 312 2348 352 em
2382 295 2542 351 modo
2583 304 2637 350 ct
2662 292 2890 363 subjecti
2917 292 3118 349 debent
3138 291 3398 362 episcopis
3439 309 3534 351 non
3571 297 3747 356 fraudu-

531 410 830 483 τεταγμένοι
860 403 1017 462 ἅδολα
1045 404 1140 469 (al.
1173 399 1410 478 ἀρίδηλα)
1439 410 1545 462 τοῖς
1587 401 1885 460 ἐπισκόποις
1922 402 1988 455 τά
2034 406 2125 458 τῆς

531 503 818 578 ὑπηρεσίας
848 498 1061 553 ὲκτελέιν
1086 496 1383 570 ὀφείλουσιν.
1460 514 1463 515 '

603 591 865 654 ιδ’.”οσιος
888 588 1166 650 ἐπίσκοπος
1192 584 1321 644 εἴπεο
1350 591 1438 642 Καί
1455 592 1609 642 τοῦτο
1635 584 1690 641 δέ
1719 586 1912 645 πάντες
1943 582 2127 659 ὁρίσω-

531 711 640 762 μεν.
671 689 757 743 ἵνα
786 685 837 742 εἴ
862 708 941 747 τις
989 688 1271 746 ἐπίσκοπος
1312 685 1366 751 ἑξ
1406 684 1585 760 ἐτέρας
1615 683 1885 758 παροικίας
1914 680 2130 753 βουληθῇ

529 780 792 852 ἀλλότριον
818 779 1092 854 ὑπηρέτην.
1112 781 1280 853 χωρίς
1304 784 1396 836 τῆς
1424 775 1847 849 συγκαταθέσεως
1877 777 1968 828 τοῦ
1998 769 2128 826 ἰδίου

528 868 839 930 ἐπισκόπου.
858 869 927 933 εἷς
941 892 1050 926 τινα
1076 869 1270 943 βαθμὸν
1299 876 1649 932 καταστῆσαι,
1678 863 1866 942 ἄκυρος
1895 867 1980 919 καί
2007 863 2132 919 ἀϐέ-

534 964 681 1026 ϐαιος
709 967 740 1024 ἡ
766 966 1086 1025 κατάστασις
1115 965 1145 1021 ἡ
1190 964 1404 1020 τοιαύτη
1444 963 1721 1034 νομίζοιτο.
1757 957 1807 1014 εἴ
1826 979 1958 1019 τινες
1995 955 2038 1012 δ’
2072 951 2131 1011 ἂν

528 1063 685 1113 τοῦτο
713 1057 916 1117 ἑαυτοῖς
945 1053 1293 1132 ἐπιτρέψειαν,
1322 1056 1468 1129 παρά
1516 1060 1616 1108 τῶν
1644 1051 1865 1126 ἀδελφῶν
1892 1053 1979 1105 καί
2008 1070 2130 1104 συνη

531 1148 830 1209 επισκόπων
875 1154 1016 1224 ἡμῶν
1071 1153 1152 1205 καί
1190 1149 1670 1222 ὑπομιμνήσκεσθαι
1696 1148 1781 1201 καὶ
1809 1143 2133 1222 διορθοῦσθαι

530 1249 838 1323 ὀφείλουσιν.
869 1246 1091 1309 ἅπαντες
1121 1248 1366 1323 εἰρήκασι·
1405 1247 1498 1299 ιιαί
1521 1240 1675 1305 οὗτος
1728 1240 1754 1296 ό
1801 1239 1921 1319 ὄρος
1959 1244 2131 1300 στήτω

534 1340 629 1413 (al.
663 1340 916 1409 amns-rw)
956 1341 1258 1401 ἀσάλευτος.

606 1433 682 1489 ιε’.
723 1430 900 1494 Ὀσιος
944 1434 1223 1493 ἐπίσκοπος
1259 1426 1391 1487 εἷπε’
1440 1438 1541 1491 Τῆς
1570 1431 1699 1504 ἒμῆς
1738 1423 2073 1502 μετριότητος
2102 1429 2133 1488 ἦ

531 1524 794 1601 ἀπόφασίς
847 1528 964 1582 ἔστι
1010 1524 1161 1583 αῦτη’
1196 1522 1362 1580 ἑπειδί
1387 1524 1593 1597 ἥσυχοι
1638 1525 1725 1577 καὶ
1767 1523 2135 1594 ῦπομονητικοί

528 1619 788 1694 ὀφείλομεν
802 1612 946 1682 εἶναι,
963 1621 1052 1673 καί
1080 1615 1255 1695 διαρκῆ
1279 1617 1367 1672 τόν
1396 1618 1527 1693 πρὸς
1550 1614 1746 1675 πάντας
1775 1612 1917 1686 ἔχειν
1945 1608 2128 1676 οἶκτον,

528 1709 670 1776 ἅπαξ
695 1713 818 1771 τοὺς
849 1710 920 1771 είς
948 1709 1126 1785 κλῆρον
1174 1708 1577 1767 ἐκκλησιαστικὸν
1625 1706 1981 1785 προαχθέντας
2031 1704 2135 1761 ῦπό

528 1828 681 1862 τινων
709 1803 929 1878 ἀδελφῶν
957 1804 1118 1873 ἡμῶν,
1149 1803 1234 1858 ἐὰν
1261 1807 1330 1873 μὴ
1359 1801 1621 1875 βούλοιντο
1647 1799 2027 1875 ἐπανέρχεσθαι
2063 1799 2135 1858 είς

530 1896 594 1959 ἃς
619 1897 1079 1969 κατωνομάσθησαν
1133 1893 1417 1954 ἐκκλησίας.
1467 1898 1558 1948 τοῦ
1598 1892 1778 1947 λοιποῦ
1835 1894 1905 1958 μή
1945 1886 2135 1945 ὑποδέ-

532 1990 745 2063 χεσθαι.
776 1990 1098 2063 Εὖτυχιανὸν
1128 1986 1182 2044 δὲ
1209 1991 1335 2062 μήτε
1361 1986 1643 2043 ἐπισκόπου
1674 1984 1842 2055 ἐαυτῷ
1873 1981 2137 2040 διεκδικεῖν

530 2077 710 2152 ὄνομα.
744 2080 848 2136 ἀλλ’
879 2079 997 2136 οῦδὲ
1024 2087 1290 2137 Μουσαῖον
1330 2080 1398 2140 ὠς
1436 2079 1715 2133 ἒπίσκοπον
1750 2076 2061 2147 νομίζεσθαι.
2094 2076 2139 2128 εἰ

531 2171 588 2229 δέ
611 2173 783 2234 λαὶκῆν
810 2176 1066 2230 κοινωνίαν
1095 2174 1384 2239 ἀπαιτοῖεν,
1414 2176 1482 2245 μή
1514 2177 1705 2248 χρῆναι
1735 2170 1907 2230 αὐτοῖς
1930 2169 2139 2243 ἀρνεῖσ-

532 2270 638 2327 θαι.
666 2269 859 2332 πάντες
885 2262 1044 2326 εἷπον·
1079 2265 1325 2343 Ἀρέσκει.

2230 389 2434 445 lentum
2465 388 2820 443 ministerium
2845 396 2901 440 et
2927 385 3243 456 obsequium
3273 386 3531 444 exhibere.

2305 563 2444 619 XIV.
2465 562 2623 619 Osius
2639 564 2926 635 cpiscopus
2947 562 3112 618 dixit:
3140 562 3252 619 lloc
3282 580 3482 636 quoque
3504 582 3668 624 omnes
3686 570 3759 627 de-

2232 655 2483 710 liuiamus
2505 697 2520 723 ,
2557 664 2615 711 ut
2654 657 2697 710 si
2729 657 2847 726 quis
2887 657 3171 726 cpiscopus
3198 672 3260 711 ex
3287 658 3388 712 alia
3417 659 3637 727 parochia
3660 664 3762 719 velit

2233 750 2466 807 alienum
2494 752 2797 807 ministrum
2826 752 2943 808 sine
2982 768 3250 808 consensu
3277 753 3467 822 proprii
3492 757 3698 827 episcOpi
3722 757 3764 812 in

2234 841 2414 913 aliquo
2438 843 2608 913 gradu
2636 843 2966 899 constituere
2990 885 3006 910 ,
3036 845 3189 898 irrita
3244 852 3298 898 ct
3323 843 3523 898 inﬁrma
3546 846 3766 915 ejusmodi

2232 935 2549 990 constitutio
2570 935 2996 993 cxistimetur.Si
3016 938 3105 1007 qui
3120 946 3297 991 antcm
3322 935 3422 992 huc
3440 938 3534 992 sibi
3552 938 3665 1009 ipsis
3677 955 3770 1010 per-

2234 1026 2518 1092 miserint,
2565 1042 2595 1080 a
2628 1028 2882 1082 fratribus
2910 1036 2965 1082 et
2992 1029 3329 1098 coepiscOpis
3356 1038 3409 1084 et
3446 1029 3692 1086 admoueri
3729 1040 3772 1087 ct

2233 1121 2427 1193 corrigi
2461 1122 2679 1179 debent.
2710 1123 2913 1178 Omnes
2939 1122 3226 1179 dixerunt:
3260 1121 3374 1179 Hoc
3395 1138 3596 1196 queque
3619 1123 3772 1182 decre-

2236 1226 2346 1272 tum
2368 1226 2475 1273 stet
2500 1216 2714 1271 ﬁrmum
2738 1224 2794 1272 et
2820 1215 3119 1272 immobile.

2309 1350 2425 1406 XV.
2448 1349 2610 1406 Osius
2630 1349 2917 1421 episcopus
2939 1348 3109 1405 dixit:
3145 1347 3278 1405 Meae
3302 1347 3663 1406 mediocritatis
3688 1348 3778 1406 haec

2236 1453 2322 1500 est
2341 1444 2606 1499 sententia
2633 1461 2646 1497 :
2678 1443 2804 1514 quia
2823 1441 2989 1516 quieti
3015 1452 3068 1499 et
3097 1445 3362 1512 patientes
3386 1456 3504 1499 esse
3529 1442 3748 1499 debemus
3765 1482 3779 1509 ,

2238 1548 2292 1593 et
2336 1550 2628 1608 perennem
2674 1538 2727 1592 in
2769 1552 2957 1593 omnes
2999 1535 3202 1593 habere
3247 1535 3783 1603 misericordiam,eos

2238 1630 2330 1700 qui
2360 1630 2526 1686 semel
2554 1629 2608 1684 in
2636 1629 2841 1686 clerum
2870 1630 3298 1685 ecclesiasticum
3327 1630 3395 1685 ab
3434 1629 3677 1698 aliquibus
3699 1629 3784 1685 ira-

2245 1723 2413 1777 tribus
2445 1722 2644 1777 nostris
2672 1723 2900 1791 promoti
2929 1733 3089 1789 sunt,
3120 1722 3165 1776 si
3206 1721 3378 1777 nolint
3403 1720 3572 1777 redire
3594 1720 3652 1776 ad
3673 1735 3780 1787 eas,

2243 1814 2310 1870 ad
2339 1830 2471 1885 quas
2512 1815 2772 1869 nominati
2818 1823 2984 1881 sunt,
3009 1814 3293 1880 ecclesias,
3323 1812 3569 1884 deinceps
3606 1828 3695 1869 non
3715 1814 3789 1867 ad-

2242 1909 2418 1963 mitti:
2468 1907 2862 1979 Eutychianum
2893 1917 3074 1964 autem
3115 1921 3183 1962 ne
3211 1905 3453 1977 cpisc0pi
3490 1905 3686 1977 quidem
3708 1904 3790 1962 sibi

2245 2015 2441 2055 nomen
2474 2013 2773 2069 usurpare;
2815 1998 2911 2054 sed
2957 2013 3131 2070 neque
3157 1998 3416 2053 Musamm
3446 2006 3507 2053 ut
3529 1999 3792 2068 episcopum

2244 2092 2582 2158 existimari;
2631 2092 2676 2145 si
2720 2100 2898 2146 autem
2943 2090 3134 2146 laicam
3165 2091 3591 2147 communionem
3634 2086 3805 2160 petive-'

2244 2186 2392 2251 rint,
2434 2200 2540 2239 non
2580 2194 2835 2256 Oportcre
2878 2184 2959 2241 eis
3000 2183 3278 2257 denegari.
3323 2183 3520 2242 Omnes
3555 2184 3792 2241 dixerunt:

2248 2278 2446 2333 Placet.

1694 2421 1827 2480 OSll
1857 2415 2229 2478 CONCILIUM
2268 2414 2745 2472 CORDUBENSE.

1936 2513 2105 2576 (Cone.
2133 2514 2170 2560 ι.
2195 2524 2249 2571 ιι,
2275 2505 2369 2559 col.
2393 2506 2500 2571 91.)

617 2642 798 2713 Διόπερ
852 2632 1179 2713 ιουρδούϐης
1233 2628 1509 2687 ἐπίσκοπος
1561 2620 1589 2680 ό
1643 2621 1888 2683 πανόσιος
1940 2615 2153 2674 σύνοδον

551 2738 687 2792 Θείαν
712 2734 802 2787 καί
825 2731 964 2806 ίεράν
1002 2724 1297 2782 ἐπισκόπων
1322 2722 1372 2776 ἕν
1407 2728 1470 2795 τῇ
1511 2717 1671 2791 οἰκείᾳ
1696 2714 1837 2771 πόλει
1863 2709 2155 2788 προσκαλε-

554 2828 795 2899 σάμενος,
824 2823 883 2876 τό
917 2817 1157 2895 θεουργὸν
1189 2814 1438 2890 ἐτρὰνωσε
1466 2811 1700 2883 μάθημα·
1729 2805 2042 2880 κατακρίνας
2069 2798 2158 2861 οῦς

556 2923 587 2979 ἡ
609 2894 830 2994 έαρδικὴ
859 2911 1145 2987 ἀπεκήρυξε
1187 2904 1400 2965 σύνοδος
1419 2919 1433 2934 ’
1466 2905 1552 2958 καί
1579 2898 1668 2961 οῦς
1704 2898 1853 2954 πάλιν
1899 2894 2159 2951 ἐδικαίωσε

555 3007 987 3082 προσδεξάμενος-

2334 2611 2674 2683 Quapropter
2761 2611 3030 2670 Corduba:
3112 2615 3408 2685 episcOpns
3483 2614 3800 2672 sanctissimus

2265 2703 2426 2759 Osius
2450 2704 2715 2775 synodum
2748 2705 2987 2762 divinum
3016 2715 3073 2763 et
3099 2714 3346 2764 sanctam
3373 2709 3715 2781 episcopum“
3728 2723 3801 2761 sua

2267 2796 2321 2850 in
2352 2796 2570 2851 civitate
2597 2811 2930 2867 convocans,
2954 2799 3218 2856 divinitus
3244 2802 3546 2871 expositam
3572 2801 3805 2856 illustravit

2269 2889 2607 2957 doctrinam,
2648 2893 3018 2949 condemnans
3073 2896 3300 2952 eosdem
3348 2913 3484 2968 quos
3530 2894 3807 2953 Sardiceusis

2271 2982 2622 3039 abdicaverat
2636 2985 2896 3057 synodus,
2921 2994 2979 3043 et
2994 3003 3131 3058 quos
3150 3004 3215 3045 ea
3243 2990 3553 3046 absolverat
3572 2989 3805 3060 recipiens.

1048 3155 1530 3220 CORDUBENSIS
1572 3151 1881 3210 EPISCOPI
1920 3146 2264 3207 EPISTOLA
2301 3146 2393 3201 AD
2422 3147 2917 3209 CONS'I‘ANTIUM
2956 3152 3370 3212 AUGUSTUM.

609 3282 765 3350 Apud
793 3277 1129 3338 Athanasium
1157 3276 1211 3330 in
1242 3274 1362 3328 hist.
1395 3270 1575 3326 Arion.
1607 3268 1676 3323 ad
1701 3265 1943 3322 Monach.
1972 3262 2005 3394 ξ
2039 3261 2158 3405 ξιιι

1980 3363 2060 3416 _Ga
2106 3358 2159 3404 ,ί

2269 3258 2398 3402 λριζί
2417 3270 2541 3416 ιρηι.
2577 3278 2616 3331 l,
2647 3272 2781 3334 part.
2811 3281 2851 3333 t,
2880 3282 3001 3339 pag.
3034 3268 3161 3335 370,
3185 3270 3315 3326 edit.
3344 3270 3454 3327 BB.
3475 3271 3636 3328 Paris.
3663 3270 3812 3342 £698.)

2269 3364 2315 3415 p.
2410 3391 2422 3403 .

1980 3358 2117 3419 [GalL
2143 3358 2177 3404 t.
2197 3366 2243 3412 v,
2264 3364 2315 3416 p.
2342 3358 2422 3403 81.

701 3463 880 3525 Ὀσιος
908 3457 1241 3528 Κωνσταντίῳ
1267 3451 1477 3527 βασιλεῖ
1500 3451 1548 3503 ἐν
1578 3449 1741 3524 Κυρίῳ
1769 3444 1994 3519 χαίρειν.

630 3581 761 3653 Ἐγώ
791 3579 879 3650 μὲν
909 3572 1208 3644 ὡμολόγησα
1240 3568 1327 3623 καί
1352 3566 1411 3620 τὸ
1434 3569 1669 3639 πρῶτον,
1710 3555 1792 3653 ὅτε
1823 3553 2161 3653 διωγμὸς-,γέ-

694 3648 705 3653 -
793 3648 800 3650 ἡ
1600 3663 1622 3674 α
1715 3655 1727 3672 υ
2054 3648 2063 3663 ε

563 3695 699 3749 γονεν
738 3674 825 3727 ἐπί
858 3677 932 3742 τῷ
971 3668 1173 3738 πάππῳ
1210 3683 1303 3717 σου
1339 3659 1651 3749 Μαξιμιανῳ’
1677 3674 1728 3749 *ει
1770 3649 1825 3749 δέ
1871 3652 1956 3705 καί
2001 3670 2070 3749 συ
2092 3666 2163 3749 ,με

567 3738 788 3827 διώκεις.
820 3763 1019 3833 ἕτοιμος
1061 3760 1150 3812 καί
1193 3760 1281 3809 νῦν
1316 3756 1420 3808 πᾶν
1454 3747 1622 3804 ὁτιοῦν
1661 3744 1957 3818 ῦμομένειν,
2008 3738 2039 3798 ἣ
2085 3739 2166 3833 ἐκ·

570 3862 738 3914 κενοῦν
779 3855 937 3926 ἀθῷον
968 3845 1125 3921 αἷμα,
1157 3848 1242 3901 καί
1273 3838 1568 3916 προδιδόναι
1607 3842 1698 3898 τὴν
1742 3835 1993 3894 ἀληθειαν
2024 3832 2082 3886 σέ
2114 3826 2168 3885 δὲ

569 3952 663 4007 οὐκ
687 3945 1018 4019 ἀποδέχομαι
1039 3944 1252 3996 τοιαῦτα
1280 3936 1533 4011 γράφοντα
1556 3933 1644 3986 καί
1667 3928 1995 3988 ἀπειλοῦντα,
2035 3927 2170 4019 παῦ-

571 4065 664 4101 σαι
690 4047 781 4096 τοῦ
802 4011 1019 4095 τοιαῦτα
1041 4033 1269 4110 γράφειν,
1302 4030 1389 4084 καί
1416 4030 1486 4097 μὴ
1510 4024 1679 4101 φρόνει
1703 4022 1774 4077 τὰ
1802 4018 2016 4095 ’Δρείοω
2043 4011 2173 4088 μηδέ

574 4135 726 4193 ἄκουε
752 4141 851 4190 τῶν
870 4127 1198 4187 ἀνατολικῶν.
1227 4120 1354 4197 μηδὲ
1376 4122 1585 4177 πίστευε
1614 4124 1727 4178 τοῖς
1752 4116 1874 4191 περί
1894 4112 2176 4187 Οῦρσάκιον

575 4230 662 4284 καί
680 4225 950 4282 Οὐάλεντα.
995 4220 1030 4276 ἃ
1063 4222 1165 4293 γὰρ
1193 4216 1370 4271 ἐκεῖνοι
1410 4214 1668 4286 λέγουσιν,
1701 4211 1759 4264 οὐ
1788 4206 1854 4264 δι’
1883 4206 2176 4262 ’Δθανάσισν

574 4322 908 4393 φθέγγονται,
954 4312 1081 4368 ἀλλά
1127 4308 1213 4366 διὰ
1254 4312 1345 4366 τὴν
1393 4303 1526 4360 ἰδίαν
1579 4303 1798 4378 αἵρεσιν.
1824 4298 2036 4354 πίστευέ
2065 4318 2177 4368 μοι,

577 4389 931 4474 λίωνστάντιε,
978 4406 1193 4462 πάππος
1234 4401 1338 4471 είμί
1384 4417 1482 4453 σου
1522 4394 1632 4448 καθ’
1673 4394 1863 4452 ἡλικίαν
1882 4430 1896 4454 ,
1940 4389 2181 4462 ἐγενόμην

580 4508 736 4567 αὐτὸς
763 4506 812 4558 ἐν
839 4510 902 4575 τῇ
932 4500 1068 4554 κατά
1100 4494 1178 4566 (Ι)
1208 4490 1453 4570 Σαρδικὴν
1481 4486 1708 4560 συνόδῳ,
1743 4484 1826 4542 ὅτε
1859 4488 1927 4541 σύ
1958 4505 2010 4539 τε
2040 4487 2127 4539 καί
2154 4482 2181 4539 ὁ

583 4599 873 4672 μακαρίτης
915 4591 1125 4665 ἀδελφός
1164 4608 1259 4643 σου
1288 4588 1561 4649 Κώνστας,
1608 4582 1805 4642 πάντας
1845 4581 1984 4651 ἡμᾶς
2025 4579 2185 4637 συνή-

584 4709 731 4764 γαγε.
764 4688 852 4741 καί
869 4682 933 4740 δι’
954 4685 1173 4757 ίμαυτοῦ
1204 4680 1324 4738 τοὺς
1354 4676 1572 4752 ἐχθροὺς
1593 4672 1895 4729 ’Δθανασίου
1923 4690 2185 4764 προσεκα.

584 4761 809 4853 λεσάμην
848 4777 1082 4837 ἐλθόντας
1112 4774 1297 4831 αὐτοὺς
1338 4771 1409 4830 εἰς
1436 4773 1526 4827 τὴν
1557 4766 1821 4824 ἐκκλησίαν
1839 4804 1854 4827 ,
1893 4766 1942 4818 ἐν
2031 4762 2186 4837 ᾤκουν

2188 3438 2235 3500 C
2336 3435 2517 3504 Osius,
2547 3437 2840 3496 Constantio
2870 3442 3165 3514 imperatori
3192 3444 3246 3500 in
3279 3444 3534 3513 Domino,
3570 3447 3771 3501 salutem.

2346 3552 2459 3623 Ego
2485 3554 2596 3624 jam
2621 3557 2829 3626 pridem
2858 3559 3140 3617 confessus
3166 3574 3288 3617 sum
3313 3604 3329 3629 ,
3363 3578 3484 3619 cum
3524 3566 3619 3619 sub
3642 3576 3729 3616 avo
3748 3567 3815 3614 tuo

2269 3645 2590 3703 Maximiano
2606 3652 3252 3723 persecutiograssaretnr
3276 3697 3293 3722 ,
3322 3656 3466 3727 quod
3490 3655 3534 3712 si
3564 3665 3614 3711 tu
3652 3665 3818 3724 quoque

2273 3754 2360 3794 me
2401 3755 2749 3812 persequare,
2775 3744 3070 3799 etiamnum
3093 3746 3159 3801 ad
3187 3747 3406 3818 quidvis
3435 3750 3604 3819 potius
3631 3746 3817 3801 toleran-

2274 3830 2402 3887 dum
2432 3841 2650 3903 paratus
2681 3851 2822 3904 sum,
2853 3853 3017 3908 quam
3043 3848 3099 3892 ut
3132 3839 3413 3896 innoxium
3444 3839 3697 3895 effundam
3727 3852 3822 3892 ssn-

2275 3923 2491 3993 guinem
2526 3926 2919 3999 veritatemque
2948 3929 3172 4000 prodam
3204 3949 3217 3984 :
3253 3941 3422 4005 teque
3462 3947 3527 3989 eo
3555 3931 3700 3988 modo
3715 3927 3822 3985 scri-

2277 4015 2497 4072 bentem
2538 4034 2603 4073 ac
2629 4019 3069 4078 interminantem
3105 4024 3333 4080 minime
3373 4026 3630 4098 approbo.
3672 4021 3825 4080 Desine

2279 4109 2461 4181 itaque
2507 4112 2630 4167 talia
2681 4114 2938 4182 scribere,
2988 4130 3054 4171 ac
3090 4132 3211 4172 enm
3255 4118 3388 4174 Ario
3430 4135 3499 4176 ne
3521 4117 3825 4185 sentias,ncc

2280 4204 2582 4260 Orientales
2608 4206 2796 4261 audias
2814 4251 2829 4275 ,
2861 4224 2966 4264 neu
2990 4208 3215 4266 Ursacio
3240 4220 3299 4267 ct
3328 4212 3539 4269 Valenti
3578 4211 3752 4267 habeas
3776 4208 3823 4262 li-

2282 4295 2428 4352 dem.
2454 4296 2587 4353 Nam
2614 4315 2734 4370 qua:
2756 4301 3007 4357 effutiunt
3030 4302 3145 4368 illi,
3197 4318 3305 4360 non
3348 4304 3621 4361 Athanasii
3664 4314 3820 4367 causa,

2284 4390 2380 4446 sed
2408 4390 2631 4449 haeresis
2662 4407 2775 4448 sum
2801 4394 2971 4465 gratia
3002 4395 3325 4466 loquuntur.
3358 4396 3538 4455 Crede
3558 4395 3698 4462 mihi,
3717 4394 3828 4450 Con-

2287 4485 2476 4553 stanti,
2505 4487 2596 4557 qui
2629 4503 2725 4556 per
2752 4499 2967 4545 a-Iatem
3000 4505 3132 4547 avus
3164 4500 3291 4547 tuus
3331 4507 3459 4549 esse
3490 4491 3682 4564 possim
3705 4487 3832 4543 :Sar-

2289 4577 2496 4633 dicensi
2529 4579 2747 4635 interfui
2773 4580 3001 4653 synodo,
3035 4598 3144 4654 quo
3173 4594 3421 4655 tempore
3445 4595 3606 4656 tuque
3619 4600 3677 4640 ac
3695 4583 3833 4639 beat:

2288 4673 2372 4727 vir
2397 4674 2673 4729 memoria:
2702 4673 2872 4730 frater
2914 4684 3038 4731 tuus
3066 4676 3336 4734 Constans
3354 4718 3371 4746 ,
3405 4692 3505 4735 nos
3542 4691 3717 4733 omnes
3735 4687 3835 4730 coa-

2292 4766 2546 4821 vocastis.
2579 4766 2808 4838 Ipseque
2839 4767 3085 4825 inimicos
3106 4768 3390 4825 Athanasii
3422 4768 3717 4840 provocari,
3743 4778 3836 4821 cum

587 4876 686 4947 ἐγὼ
705 4913 719 4933 ,
743 4872 806 4924 ἶν’
833 4868 882 4925 εἴ
898 4892 948 4926 τι
971 4866 1144 4941 ἔχοιεν
1169 4863 1280 4920 κατ’
1301 4864 1477 4923 αὐτοῦ.
1501 4858 1732 4932 λέγωσιν·
1761 4855 2157 4931 ἑπαγγειλάμενο

2294 4858 2346 4912 in
2374 4858 2673 4913 Ecclesiam
2697 4858 2785 4915 ubi
2811 4861 3191 4917 commorabar
3209 4876 3331 4932 ego,
3360 4861 3723 4922 advenissent;
3746 4853 3838 4910 utsi

588 4966 762 5022 αὐτοῖς
788 4961 1012 5033 θαρῥεῐν.
1041 4960 1220 5029 καὶμὴ
1248 4952 1368 5010 ἄλλο
1404 4975 1456 5009 τι
1498 4948 1829 5029 προσδοκᾷν.
1872 4947 1904 5008 ἦ
1946 4948 2090 5024 ὀρθὸν
2129 4948 2189 5001 τὸ

587 5078 649 5135 κρ
672 5059 842 5128 τήριον
883 5055 967 5106 ἐπί
990 5057 1150 5107 πᾶσιν
1176 5048 1398 5105 ἔσεσθαι.
1438 5051 1589 5102 τοῦτο
1633 5043 1688 5100 δέ
1714 5046 1816 5117 οὐχ
1859 5041 2002 5107 ἅπαξ
2022 5084 2036 5104 .
2065 5042 2190 5098 ἀλλὰ

590 5153 676 5207 καί
696 5145 933 5221 δεύτερον
958 5144 1207 5205 ἐποίησα,
1234 5141 1539 5216 προτρέπων
1556 5181 1570 5202 .
1604 5143 1646 5194 εί
1673 5149 1743 5209 μή
1769 5137 1947 5193 θέλοιεν
1973 5139 2060 5192 επὶ
2085 5137 2191 5192 πά-

590 5264 687 5305 σης
723 5248 815 5301 τῆς
859 5233 1072 5293 συνόδου
1092 5273 1108 5298 τ
1140 5229 1230 5305 κᾷν
1263 5233 1341 5287 ἐπ’
1372 5234 1492 5303 ἐμοῦ
1538 5229 1717 5302 μόνου’
1768 5229 2188 5304 ἐπαγγειλάμενος

588 5335 761 5393 πάλιν.
796 5328 876 5387 ὅτι
905 5323 965 5386 ἂν
990 5328 1082 5400 μὲν
1108 5320 1386 5385 ὑπεύθυνος
1412 5321 1625 5398 δειχθῇ,
1658 5323 1860 5382 πάντως
1900 5322 2182 5381 chroma”.

594 5448 745 5485 σεται
780 5428 866 5480 καί
892 5421 1019 5496 παρ’
1044 5421 1205 5492 ἡμῶν
1232 5410 1291 5471 ἂν
1320 5414 1374 5470 δέ
1404 5417 1624 5475 ἀναίτιος
1656 5415 1861 5490 εὑρεθῇ,
1908 5418 1993 5470 καί
2019 5415 2189 5488 ἐλέγξῃ

594 5520 913 5593 συκοφάντας
932 5517 1093 5588 ὑμᾶς,
1120 5515 1164 5567 εί
1185 5510 1518 5586 παραιτεῖσθε
1539 5509 1624 5563 τὸν
1642 5504 1929 5582 ἄνθρωπον,
1958 5510 2058 5581 ἐγὼ
2077 5507 2190 5580 μετ’

592 5616 820 5685 ἐμαυτοῦ
839 5609 994 5667 πείθω
1021 5609 1109 5664 τὸν
1125 5603 1424 5663 ’Δθανάσιον
1453 5601 1611 5658 ἐλθεῖν
1629 5604 1701 5662 εἰς
1728 5599 1821 5662 τὰς
1838 5602 2076 5662 Σπανίας.
2104 5604 2188 5657 καί

593 5760 601 5774 .
669 5726 749 5799 (ι)
771 5721 969 5795 Regius
990 5719 1159 5778 codex
1179 5715 1426 5797 Σιρδικήν.

2293 4951 2417 5020 quid
2449 4954 2500 5005 in
2538 4952 2836 5007 Athanasio
2860 4953 3184 5024 culpandum
3213 4954 3501 5021 haberent,
3532 4955 3582 5010 id
3609 4947 3842 5010 renuntia-

2293 5054 2432 5100 rent.
2469 5044 2649 5101 Fidem
2685 5046 2810 5102 dedi
2848 5048 3306 5121 securitatemque
3345 5050 3573 5122 promisi
3595 5091 3609 5114 ,
3654 5058 3705 5103 ut
3737 5040 3841 5101 nihil

2294 5138 2392 5193 nisi
2415 5148 2619 5193 rectum
2644 5139 2697 5194 in
2724 5140 2974 5197 omnibus
2990 5141 3251 5210 judicium
3269 5152 3668 5215 exSpectarent.
3688 5138 3738 5196 Ll
3758 5150 3842 5193 non

2294 5232 2460 5287 semel
2488 5242 2712 5299 tantum,
2739 5233 2833 5288 sed
2852 5242 2908 5289 et
2933 5234 3016 5290 bis
3034 5236 3285 5306 praestiti,
3310 5236 3582 5300 hortatus.
3609 5235 3651 5289 si
3677 5231 3843 5288 nollent

2294 5338 2478 5378 coram
2511 5333 2619 5378 tota
2645 5325 2887 5397 synodo,
2925 5325 3055 5381 mihi
3084 5328 3272 5383 saltem
3316 5328 3422 5383 soli
3449 5343 3564 5385 rem
3592 5324 3843 5383 deferrent.

2297 5415 2352 5470 ld
2399 5432 2615 5487 quoque
2644 5418 2921 5490 pollicitus
2963 5435 3081 5474 sum
3128 5438 3142 5475 :
3178 5421 3233 5479 Si
3276 5437 3407 5477 reus
3451 5418 3846 5491 deprehendatur

2295 5506 2478 5573 homo,
2504 5524 2534 5563 a
2562 5510 2716 5565 nobis
2739 5513 2898 5580 plane
2924 5511 3241 5582 obiicietur;
3268 5512 3352 5569 sin
3383 5514 3651 5579 innoxius,
3681 5518 3846 5578 vosque

2290 5602 2654 5672 sycophantas
2694 5604 2955 5676 probarit.
3006 5607 3053 5662 si
3095 5607 3454 5665 nihilominus
3482 5608 3630 5665 illum
3666 5612 3845 5662 recuss-

2290 5694 2493 5763 veritis,
2539 5697 2830 5754 Athanasio
2862 5698 3227 5769 persuadebo,
3276 5710 3333 5755 ut
3362 5713 3572 5756 mecum
3607 5698 3656 5753 ia
3683 5694 3841 5764 Hispr
