4106 6184
358 263 495 320 13'29

1497 263 1832 320 EPISTOLA
1871 264 1963 320 AD
2001 260 2508 322 CONSTANTIUM.

3512 268 3650 324 i350

353 378 471 435 nias
499 380 890 449 proﬁciscatur.
926 380 1126 452 Hisque
1161 378 1565 434 conditionibus
1607 380 1741 434 citra
1783 392 1944 449 repn-

2055 377 2082 433 ό
2107 381 2198 451 μὲν
2223 376 2512 441 ’Δθανάσιος
2541 377 2627 435 ἔπί
2650 379 2859 444 τούτοις
2885 383 3131 447 ίπείθετο,
3148 386 3232 439 καί
3260 387 3345 439 οὐκ
3371 385 3646 458 ἀντέλεγεν.

352 472 628 543 guantiatn
664 474 1074 544 obtemperabat
1118 473 1464 529 Athanasius.
1496 472 1576 527 Illi
1621 486 1750 527 vero
1780 472 1944 526 rebus

353 566 574 622 omnino
619 569 733 623 suis
757 567 921 624 diflisi
944 609 958 631 ,
993 584 1145 639 teque
1191 567 1242 622 id
1283 567 1606 624 abnuerunt.
1641 567 1949 637 lteruutque

356 659 445 714 ubi
476 660 804 715 Athanasius
840 660 906 715 ad
938 668 1083 715 tuum
1115 661 1412 715 exercitum
1445 675 1504 714 se
1531 659 1794 723 contulit;
1823 674 1947 713 cum

354 762 408 807 ttt
441 752 589 809 illum
619 754 809 810 litteris
847 755 954 810 tuis
990 754 1227 809 accivisti
1250 797 1266 821 ,
1298 755 1545 808 ininticos
1586 753 1675 808 ille
1705 766 1832 807 suos
1858 753 1945 822 qui

355 854 465 899 tum
492 846 587 912 ibi,
616 846 915 903 Antiochia:
946 846 1213 910 videlicet,
1241 847 1614 911 versabantur,
1644 845 1727 901 vel
1759 860 1949 900 omnes

356 954 461 993 una
488 941 566 994 vel
590 941 831 1010 singulos
853 940 1103 996 advocari
1130 943 1361 1012 rogavit,
1388 952 1444 996 ut
1468 950 1558 995 aut
1585 955 1644 995 se
1665 939 1949 995 convince-

355 1043 493 1099 rent,
518 1044 612 1088 aut
635 1035 1087 1091 convincerentur
1109 1036 1243 1107 ipsi;
1272 1044 1325 1091 et
1347 1052 1404 1091 se
1430 1036 1706 1090 velcoram
1729 1035 1946 1105 qualem

355 1140 478 1181 esse
505 1125 758 1181 dicebant
786 1128 1236 1198 comprobarent,
1270 1129 1355 1182 vel
1387 1128 1663 1183 absentem
1708 1142 1813 1181 non
1858 1141 1950 1181 ca-

351 1216 767 1275 lumniarentur.
797 1218 995 1275 Verum
1024 1235 1124 1276 nec
1148 1228 1201 1275 tu
1233 1219 1346 1275 hzec
1375 1219 1575 1277 dicenti
1600 1235 1804 1275 morem
1827 1234 1950 1289 ges-

351 1308 491 1374 siSti,
527 1310 693 1365 immo
720 1310 796 1366 illi
828 1311 1153 1367 abnuerunt.
1184 1312 1294 1367 Cur
1320 1313 1501 1383 itaque
1527 1313 1820 1366 etiamnum
1849 1312 1949 1367 ob-

355 1411 672 1458 trectatores
714 1403 836 1474 ejus
871 1405 1066 1461 audis?
1110 1405 1219 1459 Cur
1250 1404 1529 1461 Ursacium
1557 1403 1945 1475 Valentemque

355 1496 589 1562 toleras,
640 1498 851 1553 tametsi
892 1497 970 1553 illi
1016 1498 1384 1569 paenitentiam
1428 1507 1689 1567 egerunt,
1741 1497 1949 1553 calant-

353 1591 606 1661 niamqne
636 1605 788 1646 suam
819 1592 1027 1660 scripto
1056 1591 1288 1647 confessi
1316 1590 1486 1645 sunt?
1511 1588 1757 1645 Confessi
1798 1597 1943 1657 sunt,

351 1681 566 1752 inquam
592 1724 606 1748 ,
635 1697 740 1737 non
770 1684 820 1737 vi
868 1683 1078 1749 coacti,
1125 1692 1183 1739 ut
1210 1684 1515 1739 obtendunt
1559 1683 1676 1738 illi:
1712 1697 1819 1738 non
1852 1698 1947 1737 ur-

2051 471 2224 527 ἐκεῖνοι
2264 469 2319 527 δὲ
2346 474 2480 548 πρὸς
2522 474 2694 529 πάντα
2737 480 2807 547 μὴ
2851 477 3189 552 θαρῤοῦντες.
3233 476 3359 539 ἴσως
3403 481 3646 535 ἀνένευον.

2051 558 2248 636 ἐγένετο
2283 561 2336 618 δὲ
2378 565 2531 620 πάλιν
2559 564 2584 620 ό
2618 564 2913 630 ’Δθανάσιος
2949 570 3021 629 είς
3058 569 3116 623 τό
3144 570 3231 624 σὸν
3259 570 3611 646 στρατόπεδον
3631 612 3648 637 ,

2051 653 2193 710 ἡνίκα
2221 655 2543 728 μεταπίμψω
2571 658 2779 733 γράψας
2806 660 2974 733 αὐτῷ,
3010 663 3093 715 καί
3135 661 3396 735 παρόντας
3437 665 3487 718 ἕν
3517 664 3650 741 αὐτῇ

2050 753 2114 819 τῇ
2139 745 2428 823 Ἀντιοχείᾳ
2455 752 2576 810 τοὺς
2606 751 2829 827 ἐχθροὺς
2854 752 3086 811 κληθῆναι
3128 754 3325 816 πάντας
3360 753 3392 813 ἦ
3435 756 3651 812 ἕκαστον

2052 839 2220 893 αὐτῶν
2245 841 2480 905 ἠξίωσεν,
2508 840 2572 895 ἶν’
2600 841 2631 902 ἣ
2661 844 2948 917 ὶλέγξωσιν,
2980 843 3011 904 ἦ
3047 846 3368 918 ὶλεγχθῶσι,
3401 851 3488 901 καί
3508 848 3590 902 ἵνα
3615 848 3648 908 ἦ

2052 936 2281 1010 παρόντα
2327 935 2559 1003 δείξωσιν
2587 934 2685 993 οἷον
2730 941 2998 1013 λέγουσιν,
3038 941 3071 999 ἦ
3100 941 3299 996 ἀπόντα
3340 946 3410 1013 μή
3439 940 3653 997 διαϐάλη

2051 1030 2198 1087 λωσι.
2233 1034 2319 1086 καί
2358 1028 2480 1087 οὔτε
2511 1054 2578 1088 συ
2608 1033 2835 1107 λέγοντος
2874 1034 2954 1106 (1)
2983 1036 3238 1107 ἠνέσχου,
3280 1035 3404 1091 ἀλλά
3432 1039 3652 1112 κάκεῖνοι

2050 1127 2441 1198 παρῃτήσαντο.
2484 1128 2535 1179 τί
2573 1127 2741 1181 τοίνυν
2770 1127 2970 1187 ἀκούεις
3010 1124 3086 1182 ἔτι
3114 1133 3213 1180 τῶν
3240 1126 3649 1200 κακολογούντων

2050 1216 2233 1280 miror;
2262 1224 2372 1277 πῶς
2400 1218 2566 1291 ἀνέχῃ
2599 1218 2877 1279 Οὐάλεντος
2904 1221 2989 1273 καί
3017 1220 3335 1293 Ούρσακίου,
3368 1222 3532 1275 καίτοι
3556 1241 3652 1292 με·-

2052 1312 2407 1368 τανοησάντων
2428 1353 2443 1372 .
2484 1316 2569 1367 καί
2607 1314 2871 1389 ἐγγράφως
2898 1314 3066 1368 αὐτῶν
3110 1312 3524 1386 ὁμολογησάντων
3560 1319 3652 1374 την

2055 1413 2416 1477 συκοφαντίανς
2445 1404 2777 1480 ὡμολόγησαν
2793 1409 2895 1481 γάρ
2921 1408 2977 1460 ού
2996 1406 3113 1478 βίαν
3130 1406 3396 1468 παθόντες,
3421 1408 3490 1468 ὡς
3510 1408 3656 1463 αὐτοὶ

2052 1500 2455 1570 προφασίζονται
2472 1540 2487 1564 ,
2528 1500 2585 1553 ού
2611 1508 2944 1571 στρατιωτῶν
2971 1501 3315 1573 ἐπικειμένων,
3345 1503 3437 1556 οὐκ
3463 1499 3655 1562 εἰδότος

2052 1594 2141 1644 τοῦ
2167 1587 2382 1663 ἀδελφοῦ
2415 1613 2512 1647 σου
2529 1609 2542 1621 ·
2577 1593 2665 1646 οὐκ
2692 1594 2913 1666 ἐγίγνετο
2940 1593 3038 1669 γάρ
3077 1592 3204 1666 παρ’
3231 1595 3369 1663 αὐτῷ
3406 1599 3617 1649 τοιαῦτα
3636 1636 3651 1661 ,

2051 1676 2132 1734 οἶα
2158 1687 2246 1734 νῦν
2265 1683 2515 1755 γίγνεται,
2541 1687 2611 1754 μή
2639 1684 2831 1757 γένοιτο
2850 1699 2862 1711 '
2895 1682 2998 1737 ἀλλ’
3024 1685 3174 1738 αὐτοὶ
3196 1684 3417 1746 θέλοντες
3445 1684 3655 1746 ἑαυτοῖς

348 1774 600 1846 gentibus
627 1776 908 1838 militibus.
942 1794 1048 1831 non
1075 1778 1294 1832 conscio
1318 1775 1485 1832 fratre
1515 1786 1643 1831 tuo:
1681 1791 1787 1831 non
1819 1776 1944 1831 talia

2052 1772 2253 1827 ἀνῇλθον
2281 1777 2354 1834 εἰς
2379 1778 2469 1833 τήν
2493 1777 2688 1846 Ρὼμην,
2719 1777 2800 1828 καί
2823 1779 2916 1829 τοῦ
2942 1773 3221 1830 ἐπισκόπου
3249 1777 3334 1829 καὶ
3361 1781 3461 1829 τῶν
3488 1796 3655 1851 πρεσ-

347 1869 545 1938 quippe
575 1868 677 1922 sub
704 1869 830 1936 illo,
863 1870 1038 1939 qualia
1090 1870 1173 1924 his
1220 1871 1587 1939 temporibus,
1625 1869 1942 1940 agebantur,

348 1960 486 2015 absit
514 1979 527 2016 :
558 1961 654 2016 sed
684 1961 825 2016 ultro
854 1962 956 2030 ipsi
985 1962 1211 2017 Romam
1238 1961 1490 2031 profecti,
1518 1977 1698 2017 coram
1729 1963 1944 2031 episco-

348 2068 417 2124 po
444 2064 498 2109 et
526 2054 855 2126 presbyteris
890 2055 1003 2109 haec
1033 2056 1322 2124 scripsere,
1355 2070 1477 2110 cum
1522 2065 1677 2111 antea
1714 2056 1945 2111 amicam

347 2155 404 2201 et
450 2145 726 2216 paciﬁcum
774 2148 1060 2217 epistulam
1124 2147 1190 2202 ad
1240 2148 1595 2203 Athanasium
1647 2147 1943 2203 misissent.

347 2236 500 2306 Quod
531 2237 577 2292 si
606 2239 711 2292 vim
747 2238 845 2293 sibi
898 2238 1098 2294 illatam
1144 2239 1480 2307 obtendunt,
1512 2255 1671 2309 quam
1704 2238 1943 2296 illicitam

347 2343 682 2401 agnoscant:
710 2334 864 2402 sique
891 2334 996 2387 vim
1045 2344 1097 2388 tu
1145 2351 1250 2389 non
1291 2336 1591 2405 approbes,
1620 2334 1810 2392 desine
1835 2335 1941 2391 vim

348 2424 572 2488 inferre,
609 2440 708 2482 nec
737 2426 964 2493 litteras,
996 2444 1094 2483 nec
1121 2430 1349 2485 comites
1374 2429 1619 2496 miseris;
1663 2430 1756 2486 sed
1785 2445 1945 2486 exsu-

348 2514 428 2570 les
455 2518 699 2584 remitte,
733 2534 801 2573 ne
826 2533 950 2574 cum
994 2528 1047 2573 tu
1082 2521 1188 2574 vim
1219 2519 1544 2591 rcdarguas,
1576 2522 1835 2590 majorem
1867 2522 1944 2577 illi

346 2608 453 2663 vim
477 2618 786 2665 exerceant.
812 2610 1080 2677 Quidnam
1106 2611 1370 2682 ejusmodi
1393 2628 1422 2667 a
1447 2613 1741 2669 Ceustante
1763 2623 1941 2669 actum

346 2703 464 2757 est?
494 2704 614 2771 quis
633 2703 919 2775 episcopus
946 2704 1254 2760 exsulavit?
1282 2706 1623 2777 quandonam
1652 2706 1743 2762 ille
1771 2708 1942 2763 eccle-

350 2796 587 2852 siasticis
631 2796 848 2863 judiciis
879 2799 1091 2855 medius
1131 2800 1405 2854 interluit?
1429 2801 1550 2870 quis
1589 2802 1691 2857 sub
1716 2801 1811 2856 illo
1840 2801 1945 2856 Pa-

355 2888 554 2944 latinus
596 2898 786 2945 contra
834 2906 994 2960 quem
1027 2892 1371 2948 subscribere
1397 2894 1611 2963 coegit,
1641 2903 1700 2947 ut
1744 2893 1946 2949 Valens

350 2996 473 3036 cum
502 2982 650 3037 socio
694 2983 820 3037 talia
865 2982 1109 3038 effutiat?
1143 2985 1358 3051 Desine,
1409 3002 1592 3057 qltaPso
1635 2994 1687 3042 te
1714 3029 1728 3053 ,
1758 2998 1810 3041 et
1835 3003 1948 3042 nte-

299 3115 303 3119 .
348 3086 534 3130 mento
561 3084 612 3130 te
634 3076 911 3131 mortalem
946 3078 1214 3132 hominem
1245 3092 1400 3133 esse:
1425 3079 1551 3134 time
1570 3078 1754 3147 judicii
1778 3078 1944 3145 diem,

349 3175 509 3239 teque
558 3168 671 3239 ipse
698 3169 973 3225 innoxium
1017 3170 1083 3225 ad
1132 3185 1249 3226 eam
1282 3171 1423 3226 diem
1451 3172 1743 3227 custodias.
1776 3172 1853 3228 Ne.
1891 3182 1943 3228 te

349 3259 510 3315 rebus
540 3261 764 3316 misceas
794 3261 1171 3317 ccclesiaStiris
1198 3280 1212 3316 :
1245 3278 1347 3317 neu
1380 3264 1534 3319 nobis
1561 3263 1643 3318 his
1670 3264 1738 3319 de
1781 3264 1944 3320 rebus

352 3362 621 3423 praecepta
674 3355 933 3417 mandes;
965 3355 1058 3410 sed
1105 3372 1132 3408 a
1158 3356 1314 3411 nobis
1346 3357 1521 3426 petius
1567 3358 1681 3413 hzec
1710 3358 1940 3414 ediscas.

348 3441 468 3499 Tibi
500 3444 639 3499 Deus
663 3445 948 3517 imperium
983 3446 1222 3515 tradidit,
1247 3449 1401 3504 nobis
1429 3450 1793 3506 ecclesiastica
1816 3466 1944 3507 con-

348 3536 596 3592 credidit.
621 3539 701 3593 Ac
729 3538 1183 3610 quemadmodum
1214 3544 1303 3611 qui
1335 3542 1427 3597 tibi
1458 3543 1739 3612 imperium
1768 3543 1944 3599 subri-

347 3628 464 3699 pit,
500 3629 609 3684 Deo
651 3630 917 3685 ordinanti
968 3643 1260 3702 repugnat;
1299 3632 1369 3686 ita
1411 3644 1588 3689 metue
1620 3649 1689 3689 ne
1718 3635 1760 3688 si
1796 3637 1861 3689 ad
1893 3647 1944 3691 te

347 3721 710 3781 ecclesiastica
763 3726 1075 3794 pertrahas,
1132 3727 1307 3798 magni
1365 3726 1605 3784 criminis
1652 3743 1775 3783 reus
1825 3728 1941 3782 tias.

354 3814 588 3882 Reddite,
616 3818 875 3887 scriptum
905 3829 990 3873 est
1020 3819 1125 3890 (i),
1156 3836 1271 3890 quia
1295 3832 1411 3874 sunt
1433 3819 1671 3887 Cameris,
1702 3819 1897 3876 Caesari
1923 3839 1941 3876 ε

347 3919 396 3963 et
424 3925 537 3978 qum
564 3920 685 3964 sunt
714 3908 842 3975 Dei,
893 3909 1019 3964 Deo.
1053 3910 1234 3981 Neque
1265 3911 1420 3966 nobis
1447 3913 1608 3981 igitur
1649 3923 1810 3967 terra:
1841 3914 1941 3967 im-

348 4018 538 4075 perare
565 4004 712 4071 licet,
743 4021 917 4075 neque
945 4015 999 4061 tu
1041 4007 1331 4077 imperator
1377 4006 1626 4062 adolendi
1654 4008 1821 4063 habes
1849 4023 1945 4078 po-

351 4110 619 4155 teSIatem.
665 4100 790 4155 ΙΙωο
817 4100 960 4171 quod
1005 4114 1148 4156 tuaut
1195 4116 1379 4156 curent
1408 4102 1672 4166 salutem,
1718 4101 1898 4157 scribo
1928 4122 1941 4155 :

349 4193 491 4263 quod
517 4208 648 4249 vero
672 4210 758 4249 res
779 4202 986 4265 Spectat
1008 4195 1074 4249 de
1097 4194 1289 4266 quibus
1310 4195 1592 4267 scripsisti,
1610 4210 1739 4251 ecce
1767 4209 1944 4250 meam

349 4289 671 4343 sententiam
703 4306 714 4342 :
749 4289 962 4344 Arianis
1011 4288 1234 4344 tninime
1262 4282 1524 4360 adjuugor
1546 4330 1562 4356 ,
1616 4290 1778 4343 immo
1827 4304 1943 4345 eam

350 4379 603 4435 heresim
644 4380 779 4437 ferio
818 4381 1204 4437 anathemate:
1237 4397 1339 4438 nec
1366 4393 1553 4437 contra
1592 4381 1944 4437 Athanasium

350 4475 550 4541 scribo,
587 4491 747 4547 quam
794 4493 891 4533 nos
939 4486 995 4533 et
1047 4493 1264 4534 romana
1308 4479 1571 4544 ecclesia,
1617 4479 1784 4533 immo
1831 4488 1942 4535 tota

2055 1863 2281 1940 ϐυτέρων
2297 1866 2563 1941 παρόντων
2586 1865 2817 1943 ἔγραψαν
2833 1907 2849 1932 ,
2873 1866 3170 1944 γράψαντες
3196 1868 3276 1939 ('3)
3298 1868 3547 1945 πρότερον
3568 1871 3656 1923 καί

2049 1956 2327 2031 ’Δθανασίῳ
2357 1958 2547 2030 φιλικὴν
2593 1960 2681 2012 καί
2718 1961 2961 2034 εἰρηνικήν
3001 1959 3292 2019 ἐπιστολὴν.
3339 1963 3384 2015 εἰ
3429 1958 3485 2015 δὲ
3530 1961 3651 2034 βίαν

2050 2055 2471 2125 προφασίζονται,
2494 2055 2581 2107 καί
2606 2058 2757 2108 τοῦτο
2777 2055 3080 2124 γινώσκωσι
3108 2054 3277 2118 κακόν,
3306 2055 3393 2108 οὐκ
3409 2052 3651 2129 ἀποδέχῃ

2052 2142 2106 2199 δὲ
2148 2142 2263 2200 οὐδὲ
2306 2143 2404 2201 σύ⁶
2452 2153 2658 2202 παῦσαι
2704 2153 2792 2201 τοῦ
2830 2146 3135 2219 βιάζεσθαι,
3167 2150 3252 2201 καί
3293 2150 3420 2219 μήτε
3462 2150 3648 2223 γράφε,

2050 2240 2180 2310 μήτε
2219 2239 2388 2311 πέμπε
2546 2240 2802 2311 κόμητας³
2849 2239 2975 2296 ἀλλὰ
3003 2243 3086 2294 καί
3128 2241 3250 2299 τοὺς
3295 2240 3650 2316 ἓξορισθέντας

2051 2329 2307 2385 ἀπόλυσον
2328 2370 2343 2395 ,
2370 2331 2454 2385 ’ίνα
2491 2335 2561 2401 μή
2591 2330 2706 2405 βίαν
2749 2331 3047 2403 αἰτιωμένου
3094 2351 3189 2385 σου
3207 2369 3223 2393 ,
3252 2334 3488 2401 μείζονας
3527 2330 3651 2402 βίας

2049 2418 2233 2476 ἒκεῖνοι
2255 2427 2471 2477 ποιῶσι’
2503 2424 2555 2475 τί
2595 2423 2698 2496 γάρ
2739 2427 2967 2475 τοιοῦτον
2991 2422 3163 2495 γέγονε
3202 2423 3345 2497 παρά
3386 2423 3652 2476 Κώνσταν-

2050 2529 2176 2578 τος;
2203 2516 2279 2573 τίς
2310 2513 2589 2572 ἐπίσκοπος
2614 2513 2896 2588 ίξωρίσθης
2924 2512 3051 2567 πότε
3090 2516 3307 2589 κρίσεως
3344 2514 3649 2572 ἆκκλησιασ-

2049 2615 2189 2666 τικῆς
2227 2606 2383 2677 μέσος
2424 2605 2631 2678 γίγονες
2676 2610 2820 2665 ποῖος
2864 2606 3021 2659 αὐτοῦ
3067 2604 3348 2667 Παλατῖνος
3394 2607 3650 2680 ἠνάγκασε

2050 2698 2186 2753 κατά
2210 2718 2342 2759 τινος
2368 2695 2671 2773 ὑπογράψαι
2687 2737 2698 2751 .
2724 2697 2809 2751 ἶνα
2832 2697 2879 2751 οί
2898 2699 3020 2772 περί
3043 2696 3301 2751 Οὐάλεντα
3326 2703 3540 2753 τοιαῦτα
3567 2697 3652 2752 λέ-

2050 2806 2220 2865 γωσι;
2268 2796 2509 2851 παῦσαι.
2560 2789 2872 2862 παρακαλῷ.
2904 2792 2990 2844 καί
3030 2791 3311 2861 μνήσθητι,
3358 2787 3437 2844 ὅτι
3475 2792 3656 2851 θνητός

2053 2881 2317 2960 ἄνθρωπος
2340 2883 2643 2955 τυγχάνεις.
2674 2881 2915 2955 φοϐήθητι
2938 2886 3028 2941 τήν
3057 2883 3249 2958 ἡμέραν
3272 2890 3365 2943 τῆς
3394 2884 3612 2958 κρίσεως
3632 2924 3648 2948 ,

2054 2976 2265 3048 φύλαξον
2296 2978 2513 3030 σεαυτόν
2538 2976 2609 3034 είς
2638 2976 2824 3033 ἒκείνην
2866 2974 3116 3050 καθαρόν,
3166 2979 3235 3045 μὴ
3263 2975 3390 3030 τίθει
3432 2977 3651 3031 σεαυτὸν

2056 3065 2127 3128 είς
2152 3069 2217 3123 τά
2243 3067 2629 3125 ὲκκλησιαστικά
2650 3107 2663 3129 ,
2695 3064 2823 3138 μηδέ
2854 3069 2919 3120 σὺ
2964 3069 3084 3143 περί
3110 3068 3308 3122 τούτων
3333 3069 3449 3139 ἡμῖν
3478 3089 3655 3142 παρα-

1971 3154 2017 3217 C
2048 3161 2253 3217 κελεύου
2277 3178 2291 3191 ⁸
2326 3161 2454 3216 ἀλλά
2480 3160 2665 3232 μᾶλλον
2689 3160 2814 3235 παρ’
2846 3162 2987 3231 ἡμῶν
3007 3162 3074 3215 σύ
3102 3158 3323 3232 μάνθανε
3348 3166 3535 3221 ταῦτα.
3566 3166 3652 3216 σοί

2049 3255 2312 3325 βασιλείαν
2360 3255 2386 3309 ὁ
2430 3257 2553 3315 Θεὸς
2599 3257 2946 3330 ἑνεχείρισεν.
2980 3256 3099 3326 ἡμῖν
3142 3256 3210 3309 τά
3248 3264 3342 3316 τῆς
3382 3255 3652 3318 ἓκκλησίας

2046 3347 2347 3410 ἆπίστευσε,
2375 3350 2460 3402 καί
2484 3347 2662 3422 ὥσπερ
2689 3346 2715 3401 ὁ
2742 3350 2834 3405 τὴν
2876 3350 2971 3405 σήν
3004 3347 3181 3421 ἀρχὴν
3204 3347 3536 3403 ύποκλὲπτων
3560 3349 3649 3402 ἀν-

2046 3440 2230 3512 τιλέγει
2265 3447 2340 3514 τῷ
2367 3437 2721 3511 διαταξαμίνῳ
2743 3459 2754 3471 °
2788 3438 2923 3494 οὕτω
2961 3439 3206 3512 φοϐήθητι
3246 3445 3317 3512 μή
3365 3443 3446 3496 καί
3474 3443 3542 3497 σὺ
3584 3442 3653 3497 τά

2046 3540 2138 3593 τῆς
2167 3532 2441 3594 ἓκκλησίας
2481 3536 2554 3593 εἰς
2592 3532 2774 3588 ἔαυτόν
2814 3532 2966 3587 ἕλκων
2985 3571 3001 3597 ,
3042 3533 3330 3594 ὑπεύθυνος
3372 3534 3650 3607 ἑγκλήματι

2045 3625 2246 3696 μεγάλῳ
2270 3626 2415 3697 γένηο
2448 3622 2713 3686 ’Λπόδοτε,
2739 3624 3060 3699 γέγραπται,
3105 3627 3172 3680 τά
3214 3626 3500 3701 Καίσαρος,
3530 3630 3652 3681 Καί-

2048 3739 2192 3792 σαρι,
2223 3722 2311 3772 καί
2338 3722 2404 3773 τὰ
2422 3721 2518 3773 τοῦ
2542 3722 2693 3777 Θεοῦ,
2715 3724 2789 3790 τῷ
2815 3724 2945 3791 Θεῷ,
2977 3715 3094 3774 οὔτε
3123 3721 3292 3774 τοίνυν
3314 3722 3436 3792 ἡμῖν
3460 3717 3648 3797 ἄρχειν

2046 3812 2133 3865 ἐπὶ
2152 3818 2243 3871 τῆς
2270 3817 2364 3881 γῆς
2393 3808 2610 3873 ἔξεστιν,
2642 3807 2757 3866 οὔτε
2783 3812 2850 3865 σὺ
2877 3817 2969 3866 τοῦ
2999 3811 3182 3884 Θυμιᾷν
3211 3814 3447 3878 ἐξουσίαν
3475 3807 3646 3886 ἔχεις,

2045 3901 2278 3973 βασιλεῦ.
2308 3907 2473 3957 ταῦτα
2497 3904 2588 3975 μὲν
2614 3897 2701 3957 οὖν
2730 3901 2810 3974 (4)
2838 3901 3111 3976 κηδόμενος
3135 3913 3225 3967 τῆς
3261 3915 3356 3969 σῆς
3387 3911 3651 3983 σωτηρίας

2044 3996 2242 4069 γράφω·
2275 3997 2395 4070 περί
2425 3992 2479 4049 δὲ
2508 3991 2574 4049 ὧν
2596 3995 2917 4056 ἐπέστειλας.
2949 3994 3145 4057 ταύτης
3174 4000 3277 4069 εἰμὶ
3303 4006 3396 4058 τῆς
3416 4001 3645 4071 γνώμης·

2047 4091 2145 4162 ἐγὼ
2165 4085 2281 4144 οὔτε
2309 4089 2579 4165 ’Δρειανοῖς
2599 4090 3055 4163 συγκατατίθεμαι,
3072 4088 3198 4144 ἀλλὰ
3224 4092 3312 4145 καί
3339 4094 3428 4149 τὴν
3452 4091 3650 4169 αἳρεσιν

2046 4182 2214 4237 αὐτῶν
2262 4181 2638 4253 ἀναθεματίζω⁶
2664 4177 2785 4235 οὔτε
2828 4180 2962 4235 κατὰ
3004 4179 3303 4238 ’Δθανασίου
3349 4182 3560 4258 γράφω,
3595 4179 3650 4238 ὃν

2047 4273 2199 4343 ἡμεῖς
2226 4292 2282 4328 τε
2311 4276 2396 4327 καί
2423 4273 2454 4331 ἡ
2489 4269 2749 4345 Ῥωμαίων
2776 4271 3016 4330 ἐκκλησία
3032 4313 3045 4331 .
3087 4274 3175 4330 καί
3202 4277 3353 4329 πᾶσα
3378 4275 3410 4333 ἡ
3437 4272 3654 4338 σύνοδος

2047 4365 2351 4440 ἐκαθάρισε,
2387 4366 2599 4441 καὶγὰρ
2636 4370 2807 4421 ταῦτα
2846 4367 3027 4420 καὶσὺ
3070 4371 3299 4441 συνορῶν
3336 4364 3652 4439 μετεπέμψω

2048 4460 2134 4517 τόν
2174 4455 2469 4534 ἄνθρωπον,
2509 4463 2596 4514 καί
2634 4460 3015 4535 συνεχώρησας
3052 4459 3197 4533 αὐτῷ
3239 4461 3371 4531 μετά
3397 4467 3551 4530 τιμῆς
3581 4462 3655 4521 είς

350 4570 591 4641 synodus
620 4574 884 4627 insontem
907 4571 1217 4627 declaravit.
1235 4570 1365 4627 Nam
1421 4581 1477 4628 tu
1521 4572 1638 4628 haec
1665 4588 1787 4628 cum
1818 4588 1942 4644 per-

2054 4557 2147 4612 τήν
2164 4550 2394 4629 πατρίδα
2412 4555 2502 4606 καὶ
2526 4556 2619 4610 τήν
2642 4551 2903 4609 ἐκκλησίαν
2935 4548 3015 4621 (5)
3045 4550 3346 4606 ἐπανελθεῖν.
3378 4552 3457 4612 τίς
3484 4554 3653 4607 τοίνυν

350 4671 533 4731 specta
562 4664 811 4730 haberes,
844 4664 1116 4720 hominem
1144 4664 1386 4720 accivisti
1411 4680 1475 4721 ac
1524 4666 1863 4734 concessisti,
1887 4675 1947 4721 ut

347 4768 472 4808 cum
496 4753 701 4811 honore
728 4757 779 4810 in
807 4756 1032 4826 patriam
1065 4757 1154 4812 ille
1174 4766 1230 4812 et
1273 4758 1328 4812 in
1352 4758 1637 4813 ecclesiam
1669 4774 1823 4814 suam
1854 4776 1943 4816 re-

350 4849 627 4919 tuigraret.
660 4851 917 4918 Quaenam
949 4852 1157 4907 exstitit
1192 4861 1353 4907 tanta!
1384 4854 1697 4909 mutationis
1742 4855 1946 4910 causa?

348 4942 515 4998 Iidem
543 4943 688 4997 enim
722 4943 823 5014 ipsi
843 4952 969 4999 sunt
990 4943 1105 5015 ejus
1128 4943 1329 4999 inimici
1358 4946 1447 5015 qui
1466 4945 1576 5014 jam
1609 4957 1734 5001 ante
1761 4946 1942 5003 fuere:

351 5044 406 5090 et
432 5050 551 5106 qum
572 5034 684 5103 jam
714 5044 997 5093 susurrant
1028 5036 1160 5108 (non
1181 5036 1325 5091 enim
1347 5050 1412 5091 ea
1440 5051 1623 5091 coram
1662 5037 1753 5092 illo
1776 5037 1950 5108 proie-

352 5128 504 5200 runt)
554 5129 667 5184 haec
709 5129 858 5199 prius
882 5130 1046 5184 etiam
1088 5144 1248 5201 quam
1298 5128 1651 5185 Athanasium
1697 5131 1943 5200 accires,

352 5223 781 5295 obloquebantur
806 5221 950 5279 :lurc
961 5237 1083 5279 cum
1113 5221 1180 5278 ad
1198 5223 1462 5294 synodum
1481 5221 1826 5280 advenissent
1848 5225 1946 5280 ob-

352 5317 759 5373 tnurmurabant
785 5335 799 5371 :
826 5332 1049 5387 meque,
1103 5317 1177 5373 uti
1225 5331 1387 5387 supra
1424 5315 1568 5384 dixi,
1601 5316 1945 5386 probationes

349 5410 674 5481 postulante,
707 5408 950 5478 proferre
990 5409 1091 5478 ipsi
1134 5409 1462 5480 nequivere;
1497 5422 1622 5463 nam
1652 5408 1699 5464 si
1729 5408 1946 5467 habuis-

423 5577 507 5649 (1)
525 5576 643 5649 Hac
664 5574 887 5644 epistola
916 5574 1164 5649 recitata,
1187 5572 1369 5649 subdit
1388 5574 1714 5649 athenasius
1737 5596 1750 5632 :
1772 5585 1953 5634 Ταῦτα

352 5643 445 5733 ιιέὲ
471 5650 499 5733 ἐ
523 5643 855 5733 “iam?”
879 5647 1044 5733 ait“!
1060 5645 1134 5733 κβ
1163 5646 1369 5733 sine.“
1394 5643 1573 5729 ἶοεηος
1595 5650 1873 5733 mimi?
1892 5670 1950 5733 εί

353 5672 445 5726 μεν
473 5668 499 5706 ο
536 5668 607 5705 A5
648 5668 855 5719 αμιαιος
879 5668 1074 5720 γερων,
1106 5668 1134 5700 ο
1175 5668 1369 5706 etmva
1419 5668 1573 5711 υσιος
1602 5668 1873 5725 εφρονησεν
1894 5670 1950 5705 τε

354 5726 443 5779 καὶ
464 5668 706 5798 ἔγραιίεν.
739 5716 874 5800 βωε
900 5720 990 5774 illa
1016 5718 1114 5801 [uit
1143 5717 1469 5801 Abreltemici
1498 5719 1654 5785 senis,
1677 5735 1789 5776 vere
1816 5719 1950 5787 Otii,

353 5791 408 5846 id
436 5805 531 5862 est,
569 5792 749 5847 Sentit
773 5828 786 5847 .
819 5798 1066 5843 sententia
1094 5805 1112 5842 :
1144 5788 1223 5841 Im:
1250 5787 1394 5842 illius
1421 5789 1623 5844 litterte.

2046 4646 2218 4720 γέγονε
2247 4646 2505 4721 πρόφασις
2528 4652 2621 4705 τῆς
2658 4646 2920 4705 τοσαύτης
2955 4644 3270 4716 μεταϐολῆςς
3305 4644 3352 4699 oi
3378 4646 3653 4722 «mmet,»

2049 4741 2227 4815 ἐχθροί
2261 4739 2306 4793 oi
2340 4738 2698 4814 καὶπρότερον
2736 4733 2878 4798 ὄντες
2906 4740 2994 4793 καί
3020 4743 3107 4791 νῦν
3137 4739 3263 4793 εἰσιν
3286 4739 3476 4805 αὐτοῦ,
3505 4742 3592 4795 καὶ
3618 4739 3656 4797 ἃ

2048 4838 2137 4886 νῦν
2162 4831 2552 4907 ψιθυρίζουσα·
2586 4831 2644 4885 ού
2687 4831 2789 4906 γάρ
2828 4829 3079 4905 παρόντος
3118 4831 3278 4885 αὑτοῦ
3320 4832 3650 4907 φθέγγονταν

2049 4931 2245 4985 ταῦτα,
2277 4925 2364 4978 καί
2385 4925 2506 4997 πρίν
2646 4920 2964 4997 μεταπέμψῃ
2990 4919 3409 4985 τόνᾊθανάσιον,
3439 4924 3655 4980 κατελά-

2049 5017 2200 5079 λουν.
2228 5021 2397 5073 ταῦτα
2432 5015 2521 5069 καί
2564 5013 2780 5076 ἐλθόντες
2816 5016 2888 5075 είς
2914 5018 3007 5074 τήν
3055 5011 3269 5071 σύνοδον
3311 5012 3652 5091 διεθρύλλουν.

2052 5113 2132 5167 καὶ
2165 5109 2527 5182 ἀπαιτούμενοι
2554 5106 2682 5182 παρ’
2712 5108 2862 5180 ἐμοῦ,
2905 5108 3036 5164 καθά
3075 5115 3358 5184 προεῖπον,
3398 5111 3495 5169 τάς
3523 5110 3655 5163 ἀπο-

2054 5202 2232 5269 δείξεις
2276 5202 2369 5256 ούκ
2409 5198 2655 5273 ἴσχυσαν
2680 5206 2985 5275 παρασχεῖν
3006 5216 3020 5230 ⁸
3050 5203 3098 5255 εἰ
3133 5202 3236 5279 γάρ
3282 5194 3449 5272 εἶχον,
3475 5199 3564 5255 οὐκ
3592 5192 3655 5256 ἂν

2154 5336 2208 5410 1)
2231 5336 2309 5410 Ita
2330 5335 2465 5410 ng.
2493 5333 2654 5410 etsie
2674 5333 2980 5410 legendum.
3003 5333 3146 5391 Editi
3165 5336 3412 5405 ἠνέσχον.

2153 5405 2214 5483 2')
2244 5408 2336 5483 §ic
2358 5405 2492 5483 Reg.
2521 5405 2975 5483 l-Iditi,_erpérspov.

2163 5482 2219 5567 ᾇ)
2244 5478 2379 5567 Εἴθε.
2404 5479 2640 5567 etoperae;
2670 5478 2937 5567 de'more.

2112 5549 2215 5688 ηρ)
2246 5549 2303 5605 lu
2328 5549 2574 5616 Regio?”
2593 5549 2766 5631 deest.

2158 5624 2190 5677 5
2242 5621 2372 5688 Reg.
2405 5621 2657 5687 ἀπελθεῖν,
2687 5634 2862 5674 minus
2888 5627 3057 5673 recte.

2156 5686 2212 5765 6)
2242 5686 2475 5763 ΙιοΒες.
2502 5686 3011 5768 Editiveromipxpp.
3036 5687 3157 5746 Mox
3177 5686 3311 5762 Reg.
3346 5687 3660 5768 διεθρύλονν,

2063 5762 2311 5825 demere
2336 5762 2645 5820 curuuuico
2668 5763 2715 5814 λι
2882 5762 2887 5763 ’
2967 5762 2972 5763 ί
3451 5762 3462 5768 ν
3577 5762 3587 5771 ο
