4106 6184
480 233 624 292 15ὅὸ

1864 228 2157 287 LIBERUS
2194 228 2396 288 PAPA.

3653 222 3793 281 1556

477 359 745 407 naverunt
770 351 825 406 in
850 349 1031 406 locum
1066 347 1184 418 eius
1205 346 1519 418 episcopum
1548 344 1782 401 Felicem
1805 344 2086 415 presbyte-
2111 345 2164 405 A
2188 345 2313 415 quia
2341 353 2586 400 senserat
2611 344 2918 400 consilium.
2946 341 3147 397 Eodem
3177 350 3422 412 tempore
3442 338 3800 396 Constantius

478 458 602 498 rum
629 439 996 497 venerabilem
1023 439 1216 495 virum.
1246 438 1314 494 Et
1344 437 1471 494 fecit
1513 437 1799 492 concilium
1828 436 2002 503 Felix,
2029 447 2091 491 .et

481 534 689 589 invenit
730 533 866 588 duos
895 535 1183 603 episcopos
1217 531 1418 603 (potius
1464 528 1831 602 presbyteros)
1863 544 2092 585 consen-

498 628 675 682 ientes
727 623 1047 682 Constantio
1088 630 1329 701 Augusto
1374 624 1599 690 Ariano,
1671 622 1886 677 nomine
1923 620 2089 678 Ursa-

488 718 631 776 cium
661 727 718 774 et
746 717 1053 787 Valentem,
1085 727 1142 773 et
1180 716 1458 772 damnavit
1481 730 1575 770 eos
1617 715 1670 769 in
1700 714 1934 770 concilio
1958 728 2093 784 qua-

489 811 737 883 draginta
768 821 891 865 octo
918 808 1318 879 episcoporum.
1342 807 1474 863 Post
1508 820 1710 875 paucos
1748 813 1927 860 autem
1950 805 2088 872 dies,

486 905 606 961 zelo
628 904 771 960 ducti
798 902 1051 960 Ursacius
1072 913 1127 957 et
1155 901 1350 959 Valens
1375 910 1697 972 rogaverunt
1718 901 2091 955 Constantium

488 1001 813 1071 Angustum,
858 1008 916 1054 iit
950 1006 1232 1054 revocaret
1273 997 1545 1053 Liberium
1587 996 1654 1053 de
1690 996 1872 1059 exilio,
1902 1006 1959 1051 ut
1989 1012 2093 1052 una

494 1100 704 1148 tantum
763 1093 1146 1148 communione
1190 1092 1554 1163 participaret,
1599 1099 1750 1145 extra
1798 1090 2092 1146 secundum

482 1186 813 1255 baptismum
846 1185 969 1253 (aL,
999 1200 1161 1239 unam
1204 1194 1408 1238 tantum
1452 1184 1887 1239 communionem
1932 1183 2095 1252 parti-

483 1277 693 1347 ciparet
719 1288 946 1347 excepto
974 1274 1358 1347 rebaptizare).
1390 1275 1541 1330 Tunc
1572 1277 1734 1330 missa
1774 1273 2094 1330 auctoritate

482 1386 581 1440 per
600 1370 909 1425 Calatinum
937 1382 1184 1440 agentem
1209 1371 1262 1425 in
1290 1370 1473 1436 rebus,
1497 1368 1657 1424 simul
1682 1378 1737 1425 et
1765 1368 2018 1424 Ursacius
2038 1375 2095 1424 et

482 1462 687 1519 Valens
712 1471 978 1518 venerunt
997 1463 1063 1517 ad
1093 1461 1388 1517 Liberium.
1413 1461 1513 1529 Qui
1538 1460 1787 1516 Liberius
1817 1459 2095 1515 consensit

482 1555 773 1626 praeceptis
803 1554 1052 1624 Augusti.
1085 1552 1239 1609 Tunc
1282 1560 1677 1609 revocaverunt
1718 1550 1996 1606 Liberium
2024 1548 2094 1605 de

481 1647 666 1704 exilio.
698 1647 935 1703 Rediens
963 1655 1142 1701 autem
1168 1646 1417 1702 Liberius
1447 1646 1515 1700 de
1545 1645 1712 1701 exilio
1735 1644 2002 1700 habitavit
2038 1644 2091 1699 in

2195 436 2508 508 imperator,
2540 452 2641 492 una
2669 451 2790 494 cum
2824 435 3049 493 Ursacio
3080 444 3135 490 et
3174 433 3424 498 Valente,
3455 446 3798 489 convoeave-

2194 541 2319 587 runt
2349 531 2559 601 aliquos
2583 532 2673 601 qui
2701 546 2768 585 ex
2791 529 2921 585 faece
2953 529 3148 585 Ariana
3178 536 3356 596 erant,
3387 535 3443 582 et
3467 527 3620 596 quasi
3657 525 3804 580 facto

2195 624 2449 691 concilio,
2483 623 2629 678 misit
2668 633 2725 679 et
2767 624 3039 679 revocavit
3071 623 3345 678 Liberium
3386 620 3454 677 de
3482 620 3805 676 cmmeterio

2195 719 2368 775 beatae
2395 718 2638 788 Agnetis,
2671 717 2760 772 ubi
2785 715 3022 773 sederat.
3056 716 3126 772 Et
3154 717 3431 786 ingressus
3460 714 3714 777 Romam,
3749 715 3806 769 in

2195 810 2311 880 ipsa
2343 809 2474 864 liora
2511 806 2858 864 Constantius
2885 809 3157 880 Angustus
3197 806 3325 863 fecit
3352 807 3640 862 concilium
3676 821 3807 862 cum

2198 901 2488 967 haereticis,
2531 902 2690 957 simul
2733 900 2894 957 etiam
2944 917 3065 956 cum
3097 900 3323 958 Ursacio
3362 910 3417 955 et
3450 898 3702 967 Valente,
3752 907 3811 955 et

2197 992 2358 1064 ejecit
2385 992 2620 1048 Felicem
2649 994 2718 1048 de
2742 994 3055 1063 episcopatu
3076 1035 3093 1062 ,
3125 994 3212 1064 qui
3243 1001 3363 1047 erat
3395 992 3723 1059 catholicus,
3753 1002 3814 1047 et

2198 1083 2469 1140 revocavit
2517 1084 2813 1140 Liberium.
2857 1084 2941 1140 Ab
2978 1085 3168 1140 eodem
3212 1083 3304 1140 die
3355 1083 3454 1139 fuit
3497 1084 3815 1153 persecutio

2200 1177 2433 1230 maxima
2466 1176 2517 1230 iii
2549 1176 2720 1241 clero,
2752 1176 2822 1230 ita
2855 1184 2913 1231 tit
2943 1176 3078 1230 intra
3106 1175 3391 1231 ecclesiam
3421 1176 3725 1248 presbyteri
3758 1185 3818 1231 ct

2200 1270 2380 1326 clerici
2414 1269 2596 1337 plures
2626 1280 2972 1335 necarentur,
3007 1275 3061 1323 et
3097 1269 3355 1340 martyrio
3393 1280 3814 1322 coronarentur.

2198 1362 2299 1431 Qui
2336 1360 2507 1427 Felix,
2539 1360 2828 1432 depositus
2849 1360 2918 1416 de
2946 1361 3262 1431 episcopatu
3294 1360 3552 1417 habitavit
3578 1362 3634 1417 in
3666 1378 3820 1432 υττε-

2200 1455 2345 1511 diolo
2370 1469 2491 1521 suo,
2543 1453 2627 1508 via
2671 1453 2977 1521 Portuensi,
3026 1452 3118 1508 ubi
3165 1462 3221 1509 et
3263 1454 3529 1523 requievit
3569 1454 3621 1508 in
3680 1468 3823 1522 pace

2199 1556 2391 1618 quarto
2417 1545 2674 1602 kalendas
2695 1546 2943 1617 Augusti.
2968 1545 3249 1616 Ingressus
3268 1545 3518 1601 Liberius
3535 1546 3589 1601 in
3618 1546 3822 1602 urbem

2201 1640 2426 1695 Romam
2457 1647 2649 1711 quarto
2678 1636 2860 1694 Nonas
2897 1637 3147 1709 Augusti,
3179 1638 3456 1694 consensit
3492 1637 3828 1694 Constantio

484 1740 803 1796 cmmeterio
830 1747 1031 1795 sanctae
1060 1737 1284 1808 Agnetis
1312 1737 1451 1806 apud
1477 1752 1791 1808 germanam
1822 1734 2091 1792 Constan-
2120 1743 2168 1802 Β
2195 1732 2467 1798 heretico,
2506 1748 2610 1786 non
2644 1740 2823 1786 tamen
2871 1730 3238 1800 rebaptizatus
3277 1741 3382 1798 est,
3432 1730 3529 1786 sed
3576 1746 3829 1786 consen—

486 1832 549 1886 tii
579 1831 825 1903 Augusti,
854 1841 911 1883 ut
937 1831 1090 1899 quasi
1123 1845 1218 1899 per
1254 1829 1373 1897 ejus
1403 1829 1857 1885 interventionem
1884 1838 1976 1882 aut
2002 1843 2091 1883 τοι

484 1935 668 1997 gatum
697 1925 895 1980 rediret
927 1923 1175 1979 Liberius
1203 1923 1257 1977 in
1283 1923 1577 1977 civitatein.
1601 1921 1756 1977 Tunc
1781 1921 2092 1977 Constantia

484 2018 746 2087 Augusta,
787 2031 907 2082 quae
949 2012 1123 2071 fidelis
1153 2025 1271 2070 erat
1303 2015 1531 2069 Domino
1569 2013 1698 2070 Jesu
1734 2012 1974 2077 Christo,
1999 2029 2097 2068 no-

385 2149 390 2153 -
486 2108 587 2164 luit
617 2122 809 2181 rogare
833 2105 1207 2163 Constantium
1237 2105 1538 2178 Augustum
1568 2120 1885 2176 germanum
1911 2120 2093 2172 suum,

2198 1843 2316 1883 sum
2350 1824 2593 1897 praebuit.
2629 1822 2696 1878 Et
2740 1823 2910 1879 tenuit
2938 1823 3189 1877 basilicas
3217 1823 3357 1878 beati
3396 1823 3538 1879 Petri
3579 1834 3637 1879 et
3670 1825 3825 1880 beati

2200 1919 2379 1980 Pauli,
2402 1928 2457 1973 et
2482 1917 2757 1972 basilieim
2784 1914 3284 1972 Constantinianam
3313 1917 3469 1973 antiis
3508 1932 3601 1972 sex
3638 1917 3784 1989 (into
3806 1961 3824 1984 ,

2200 2010 2438 2084 septem).
2470 2012 2532 2066 Et
2560 2010 2866 2082 persecutio
2896 2025 3087 2081 magna
3132 2011 3229 2065 fuit
3258 2010 3311 2065 in
3351 2011 3483 2065 urbe
3509 2010 3707 2077 Roma,
3744 2011 3825 2065 ita

2203 2113 2262 2160 ut
2288 2104 2475 2160 clerici
2513 2111 2570 2159 et
2615 2102 2949 2169 sacerdotes,
2987 2116 3165 2174 neque
3194 2102 3248 2158 in
3294 2102 3599 2171 ecclesiam,
3635 2118 3827 2175 neque

1710 2220 1922 2278 NOTA‘J
1996 2219 2322 2277 SEVERINI
2359 2218 2469 2275 BIN
2476 2219 2542 2274 Il.

485 2336 684 2392 semper
712 2320 1057 2386 consensisse,
1086 2329 1133 2375 et
1163 2319 1396 2392 omnino,
1425 2325 1673 2386 quantum
1702 2316 1784 2392 ad_
1799 2314 2098 2392 religionem

484 2386 801 2465 pertinebat,
830 2392 1225 2459 reprehensione
1254 2390 1511 2465 caruisse,
1540 2399 1692 2465 atque
1734 2386 1796 2465 o_b
1823 2387 1889 2465 _id
1930 2386 2097 2465 solum

481 2457 538 2518 in
565 2464 758 2517 crimen
788 2457 1021 2517 vocatum
1049 2479 1188 2527 esse,
1233 2461 1371 2531 quod
1410 2476 1513 2512 non
1551 2457 1704 2511 modo
1742 2457 1963 2531 Ariunos
2002 2457 2098 2509 nii-

486 2536 677 2588 nistros
717 2534 945 2588 ecclesiis
982 2529 1285 2595 ordinaret,
1326 2545 1503 2583 verum
1542 2530 1694 2581 etiam
1740 2529 1877 2599 quod
1923 2542 2099 2599 eorum

484 2604 844 2658 communione
874 2613 1119 2656 uteretur.
1154 2601 1245 2657 Sit.
1274 2599 1681 2670 intelligendum
1722 2598 1807 2652 est
1845 2600 1983 2670 quod
2007 2598 2099 2670 ait

484 2673 697 2730 Socrat.
729 2674 899 2737 lib.ii,
930 2689 1047 2742 cap.
1081 2672 1175 2738 29,
1207 2671 1440 2727 Felicem
1458 2668 1687 2725 Arianae
1713 2679 1876 2723 sectae
1915 2668 2098 2723 addic-

485 2755 598 2800 ttitii
641 2743 837 2813 fuisse:
881 2744 1166 2806 nimirum,
1207 2742 1350 2813 quod
1396 2743 1503 2796 illis
1545 2742 2001 2813 communicaret,
2047 2749 2103 2795 et

486 2831 554 2872 ex
601 2810 790 2871 eorum
842 2816 1119 2869 voluntate
1160 2810 1444 2869 sententia!
1488 2813 1541 2866 in
1581 2810 1933 2866 Athanasium
1981 2811 2104 2865 latae

485 2887 915 2958 subscripsisset.
943 2888 1032 2953 Si,
1061 2885 1202 2958 quod
1235 2890 1387 2958 aiunt
1439 2882 1665 2958 Ruﬁnus
1686 2892 1743 2936 et
1771 2881 2100 2958 T_l_ieodoret.

489 2957 641 3012 Felix
676 2954 838 3013 fuerit
876 2954 1139 3011 diaconus
1182 2955 1420 3019 Liberii,
1464 2954 1684 3009 dubium
1734 2954 1939 3007 nullum
1981 2967 2104 3008 esse

488 3038 700 3099 potest,
751 3030 925 3097 ipsum
975 3028 1298 3083 catholicum
1350 3027 1534 3080 fuisse.
1582 3024 1715 3099 Nam
1758 3033 1816 3078 ut
1857 3023 2103 3099 Liberius

488 3095 750 3154 Arianiim
775 3095 978 3154 nomen
1011 3114 1228 3163 semper
1259 3106 1571 3158 aversatus,
1616 3095 1874 3149 Ariatiutn
1918 3096 2099 3149 diaco-

490 3138 621 3225 ituni
654 3138 757 3226 8ἰῖίί
792 3138 1098 3225 ministrare
1126 3138 1318 3239 passus
1349 3167 1507 3222 fuerit
1526 3138 1685 3239 ,,l|0lt
1711 3176 1793 3219 est
1821 3165 2100 3239 credibile.
2133 3138 2179 3202 C

485 3239 643 3309 Quod
692 3241 830 3312 apud
879 3237 1193 3312 Hierntyin.
1236 3239 1532 3312 descript.
1575 3237 1771 3312 eccles.
1815 3238 1868 3291 in
1912 3238 2107 3312 Aeacio

490 3307 691 3369 tiotnen
726 3307 982 3366 'Arianum
1023 3307 1188 3366 Felici
1233 3309 1475 3364 additum
1518 3309 1841 3377 reperiatur,
1884 3307 2108 3362 tuendo-

491 3401 610 3441 suin
633 3399 757 3438 esse
790 3392 935 3445 patet
964 3399 1027 3436 ex
1058 3381 1319 3437 clitoiiico
1338 3379 1818 3433 aliisvecodit-ilius
1839 3379 2107 3447 antiquio-

493 3457 665 3517 ribus,
689 3466 738 3508 et
763 3453 953 3511 Grircii
975 3452 1265 3515 SUtIhronll
1291 3450 1602 3505 textu.Vidc
1628 3449 1826 3504 Baron.
1855 3465 1942 3503 ait.
1975 3448 2103 3515 555,

494 3545 549 3582 η.
581 3527 652 3582 54
683 3537 732 3580 et
766 3540 920 3595 Seqq.
948 3525 1198 3579 Bellarttt.
1224 3523 1290 3576 de
1322 3521 1648 3595 Rtint.p0itt.
1684 3520 1777 3575 lib.
1798 3535 1876 3595 tv.
1897 3537 2026 3595 cap.
2047 3524 2103 3595 9.

569 3593 918 3653 Ursacium'et
962 3596 1220 3649 Valentem
1240 3638 1254 3661 ,
1291 3604 1336 3646 et
1367 3593 1627 3646 damnavit
1658 3607 1763 3645 eos.
1794 3594 1943 3646 Circa
1978 3593 2106 3646 illud

498 3679 741 3732 tempus,
798 3683 905 3738 quo
953 3667 1198 3738 Libet-ius
1245 3680 1366 3719 cum
1430 3663 1645 3738 Ariaitis
1702 3664 2108 3738 communicatis

497 3740 725 3807 turpiter
763 3736 982 3803 labitur,
1028 3737 1175 3793 Felix
1216 3736 1531 3791 eoruttidettt
1560 3736 2108 3807 coiiitiiuitioneanle

497 3805 736 3881 pollutus
757 3810 1035 3881 ,Alltll‘nlllll
1069 3807 1411 3881 Dei_c_ousilio
1438 3805 1866 3881 ac__prtividettlia
1896 3822 1926 3859 a
1956 3806 2108 3875 lapsu

499 3875 738 3942 erectus,
753 3877 1125 3934 COiistatitiuiti
1138 3920 1152 3942 ,
1169 3877 1472 3942 Ursaciuiii,
1488 3875 1794 3942 Valentem,
1810 3892 2108 3947 omnesque

499 3952 731 4008 Arianos
753 3950 1186 4010 condemnando.
1210 3959 1265 4002 et
1294 3949 1833 4004 excomtnuiiicando.
1857 3963 2104 4003 cominu-

502 4024 719 4079 niiinettt
742 4021 1056 4076 eoriimdem
1081 4019 1317 4088 abrupit,
1344 4034 1412 4072 tie
1436 4018 1654 4073 Liberio
1675 4019 2105 4086 StibsliluctltlUs,

499 4095 811 4150 cathedram
842 4092 988 4147 Petri
1025 4092 1110 4146 vel
1142 4097 1412 4145 haereseos
1440 4091 1754 4157 suspicione
1770 4094 2104 4160 coinquinet.

574 4165 702 4220 Post
727 4181 916 4234 paucos
938 4164 1065 4218 dies.
1094 4162 1228 4218 Vide
1255 4170 1410 4217 notas
1432 4160 1786 4230 epistularum
1814 4161 2014 4217 Liberii
2040 4160 2105 4216 ad

500 4238 812 4293 orientales.

578 4306 696 4363 Una
734 4318 935 4360 tantum
972 4305 1329 4362 communione
1367 4304 1704 4374 participaret
1742 4312 1889 4358 extra
1926 4320 2110 4359 secun-

501 4379 626 4434 dum
680 4378 990 4446 baptismum
1068 4377 1197 4431 Haec
1243 4373 1515 4446 quomodo
1566 4375 1910 4444 intelligenda
1961 4377 2105 4440 sint,

501 4452 628 4505 vide
651 4450 786 4505 intra
809 4448 1022 4504 verbis:
1057 4446 1314 4502 consensit
1342 4445 1637 4500 Constantio
1675 4446 1911 4501 Iueretico
1931 4486 1946 4512 ,
2001 4464 2105 4501 non

502 4533 670 4576 tamen
708 4530 757 4575 et
795 4521 1087 4591 baptizatus
1125 4530 1221 4574 est.

575 4591 811 4647 Liberius
841 4588 1091 4647 consensit
1117 4591 1386 4662 prwceptis
1413 4588 1653 4662 Augusti.
1684 4588 1788 4645 Per
1813 4588 1921 4644 vim
1951 4589 2108 4645 nimi-

502 4681 661 4729 rum,
714 4674 977 4719 tormetita
1029 4660 1191 4733 atque
1234 4662 1447 4717 taedium
1484 4660 1631 4716 exilii
1674 4661 1956 4725 inductus,
1997 4664 2110 4716 Sir-

502 4737 737 4789 mianain
765 4733 1158 4790 confessioni-in
1191 4734 1414 4799 primam
1433 4774 1449 4796 ,
1479 4742 1639 4802 atque
1664 4732 1945 4786 Athanasii
1974 4749 2107 4787 con.

503 4805 900 4886 deitinationem
927 4804 1319 4886 subscribendo
1343 4804 1693 4875 approbavit,
1723 4813 1777 4859 et
1804 4818 1926 4858 cum
1957 4804 2110 4859 Aria-

508 4878 597 4930 nis
623 4878 1060 4931 communicavit.

582 4944 806 5000 Rediens
835 4948 900 5000 de
928 4948 1083 5001 exilio
1114 4947 1357 5000 habitavit
1386 4947 1439 5002 in
1468 4946 1751 5001 caemeterio
1784 4945 1846 5001 S.
1872 4946 2104 5017 Agnetis.

504 5018 604 5085 Ea,
639 5032 759 5085 quae
786 5017 854 5071 de
884 5018 1213 5073 habitatione
1240 5017 1439 5073 Libet-ii
1472 5019 1522 5072 iit
1555 5018 1881 5073 cuemeteriis
1909 5020 2106 5072 subur-

504 5091 661 5146 banis
688 5086 999 5158 S.Agiietis
1025 5089 1092 5143 ab
1118 5100 1337 5144 auctore
1366 5090 1485 5144 libri
1519 5089 1839 5158 pontiﬁcalis
1865 5089 2110 5144 referun-

504 5170 615 5227 tur,
668 5157 808 5213 male
849 5173 969 5231 cum
1019 5162 1191 5228 primo
1241 5160 1439 5214 Liberii
1477 5157 1644 5215 exilio
1685 5161 2105 5231 conjutigutitur.

503 5232 639 5288 Nam
684 5240 822 5285 teSIe
864 5229 1165 5302 Sozoiiieno
1212 5231 1301 5286 lib.
1347 5248 1422 5296 tv,
1464 5247 1583 5302 cap.
1634 5233 1723 5299 10,
1767 5229 2012 5286 Liberius
2037 5233 2108 5288 ab

506 5303 725 5359 Arionis
770 5301 908 5356 binis
952 5301 1179 5371 diversis
1221 5301 1425 5357 vit-ibus
1469 5301 1703 5371 graviter
1742 5312 1825 5357 est
1861 5312 2102 5358 vexatus.

506 5374 745 5429 Primum
774 5371 989 5443 quando
1018 5370 1188 5425 Roma
1218 5371 1399 5426 furtim
1429 5370 1691 5429 abductus
1728 5383 1812 5429 est
1850 5372 2106 5429 Mediola-

509 5461 639 5500 num
658 5486 674 5509 ,
707 5455 866 5515 atque
897 5458 1153 5515 recusans
1177 5445 1516 5515 subscribi-re
1546 5446 1828 5515 sententiae
1859 5446 1910 5499 in
1941 5446 2109 5499 Atha-

506 5517 718 5573 nasium
770 5513 864 5580 per
913 5514 1197 5572 Mediolaii.
1251 5513 1666 5570 conciliabulum
1709 5516 2105 5586 pronuntiatus,

505 5587 635 5644 inde
662 5588 713 5642 itt
742 5586 1023 5642 Tltraciatit
1045 5586 1441 5658 estin-legatus.
1472 5585 1743 5647 Secundo,
1766 5585 1891 5658 dum
1910 5589 2108 5658 nolens

504 5660 904 5729 Ariminensem
957 5657 1240 5714 formulam
1277 5656 1623 5729 approbare,
1682 5673 1779 5729 per
1816 5656 2105 5729 Valentem

495 5732 815 5801 episeopum
842 5728 1101 5786 Arianuin
1119 5771 1135 5801 ,
1162 5730 1254 5802 qui
1280 5728 1398 5787 eam
1428 5728 1746 5802 potestatein
1778 5728 1846 5785 ab
1875 5729 2104 5799 imperaa

2208 2323 2325 2368 tore
2348 2320 2650 2381 acceperat,
2675 2312 2846 2367 Roma
2860 2312 3114 2382 expulsus
3131 2310 3249 2367 fuit.
3278 2311 3434 2368 Prior
3459 2312 3671 2367 vexatio
3694 2314 3824 2368 exi-

2205 2384 2335 2439 lium
2358 2400 2371 2439 :
2392 2386 2658 2454 posterior
2678 2385 2904 2453 simplex
2933 2393 3137 2438 tantum
3165 2385 3233 2454 ab
3259 2384 3394 2437 urbe
3418 2384 3662 2454 expulsio
3684 2384 3815 2441 fuit.

2207 2455 2361 2511 Prior
2398 2452 2624 2525 contigit
2649 2452 2931 2510 Mediolani
2970 2470 3111 2509 anno
3151 2452 3353 2509 Christi
3376 2453 3505 2518 555,
3538 2457 3822 2525 posterior

2206 2526 2430 2595 contigit
2482 2527 2667 2580 Roma}
2714 2536 2836 2595 post
2886 2526 3228 2582 Arimitiense
3280 2526 3604 2591 concilium,
3662 2542 3816 2581 anno

2207 2596 2403 2653 Christi
2435 2596 2561 2652 359.
2596 2597 2780 2651 Priore
2809 2598 3095 2651 vexatione
3126 2597 3414 2663 liberatus,
3450 2606 3583 2651 te~te
3614 2596 3817 2652 Hiero-

2209 2684 2373 2738 nymo
2395 2669 2447 2722 in
2469 2668 2711 2723 chronic.
2744 2666 2962 2722 Romam
2990 2669 3139 2736 quasi
3161 2670 3322 2722 uictor
3340 2668 3546 2721 intravit
3585 2685 3603 2722 :
3628 2671 3816 2723 maxi-

2209 2755 2294 2793 ma
2325 2743 2466 2793 enim
2502 2753 2692 2809 pompa
2710 2740 3114 2809 perConstantii
3137 2741 3414 2794 ministros
3433 2740 3482 2792 iit
3499 2741 3687 2794 urbem
3716 2741 3813 2795 in-

2211 2811 2638 2882 trotluctusfuit.
2674 2811 2860 2880 Itaque
2889 2811 3032 2882 quod
3079 2812 3164 2865 hic
3204 2812 3256 2864 in
3298 2810 3621 2865 suburbanis
3657 2826 3815 2866 com-

2211 2892 2451 2936 moratus
2482 2881 2645 2937 fuisse
2673 2882 2887 2945 dicitur,
2912 2881 3025 2936 non
3058 2882 3157 2936 nisi
3189 2890 3310 2952 post
3337 2882 3626 2937 secundum
3659 2883 3812 2938 illam

2209 2970 2238 3006 a
2272 2952 2496 3008 Valente
2523 2952 2725 3007 illatam
2756 2952 3093 3009 vexationem
3125 2953 3417 3020 contigisse
3447 2953 3638 3022 potuit.
3676 2953 3815 3009 Vide

2210 3034 2364 3078 notas
2404 3025 2715 3078 Sirmit-nsis
2736 3034 2791 3079 et
2818 3024 3170 3079 Arimiiiensis
3207 3022 3442 3079 concilii.
3477 3023 3604 3080 Item
3635 3024 3812 3080 Baro-

2210 3094 2357 3148 nium
2389 3109 2533 3149 anno
2561 3094 2667 3150 559
2700 3111 2847 3150 itum.
2876 3095 2968 3155 46.
2998 3098 3088 3157 47,
3121 3095 3212 3150 48.

2285 3163 2451 3236 Ejecit
2485 3164 2704 3220 Felicem
2736 3168 2800 3220 de
2827 3172 3145 3238 episcopatu.
3178 3167 3395 3238 Sozom.
3425 3166 3519 3221 lib.
3554 3181 3629 3231 tv,
3685 3183 3810 3238 cap.

2214 3236 2281 3290 M
2312 3239 2388 3290 ait
2418 3237 2677 3305 scriptum
2706 3252 2830 3292 esse
2861 3236 3025 3293 Felici
3052 3249 3161 3292 tum
3188 3237 3439 3292 Romanis
3466 3238 3695 3292 ecclesiae
3717 3236 3819 3293 an-

2210 3308 2391 3373 tistiti,
2425 3318 2471 3361 et
2511 3309 2648 3363 clero
2692 3309 2920 3378 ejusdem
2964 3311 3215 3370 ecclesiis,
3259 3312 3332 3363 uti
3376 3308 3636 3363 Liberium
3676 3312 3817 3363 reci-

2210 3380 2353 3446 piant
2375 3421 2390 3443 ,
2415 3391 2460 3432 et
2487 3380 2639 3433 antbo
2666 3381 2856 3448 pariter
2881 3381 3051 3436 sedem
3075 3381 3406 3449 apostolicam
3432 3380 3813 3444 administrent,

2210 3451 2568 3518 communique
2614 3467 2865 3505 consensu
2890 3494 2905 3518 ,
2955 3461 3001 3506 et
3047 3451 3325 3507 concordia
3378 3452 3669 3506 sacerdotio
3718 3454 3818 3507 illo

2210 3522 2507 3591 fungantur.
2562 3528 2669 3576 etc.
2720 3523 2873 3591 Quod
2923 3524 3010 3579 liic
3058 3525 3317 3578 asseritur
3338 3523 3407 3576 ab
3427 3535 3651 3578 auctore
3691 3525 3815 3579 libri

2212 3593 2564 3664 pontiﬁcalis,
2596 3593 2929 3664 probabilius
2958 3609 3078 3649 esse
3108 3595 3337 3649 videtur.

2282 3663 2357 3737 Ab
2403 3666 2579 3737 eodem
2600 3663 2692 3717 die
2721 3667 2818 3737 fuit
2847 3666 3133 3735 persecutio
3162 3668 3388 3720 maxima
3411 3666 3467 3719 in
3496 3666 3655 3719 clero.
3687 3666 3814 3721 Ideo

2210 3736 2351 3802 quod
2405 3735 2678 3790 Liberium
2723 3735 3015 3791 manifesta
3063 3739 3443 3792 communione
3489 3736 3814 3792 Arianorum

2212 3806 2475 3874 pollutum
2498 3849 2511 3867 ,
2551 3817 2712 3877 atque
2752 3811 2889 3863 adeo
2917 3823 2947 3860 a
2978 3808 3321 3878 pontificatus
3352 3807 3626 3862 iunctione
3657 3809 3819 3877 plane

2210 3878 2481 3941 alienum,
2513 3882 2797 3933 universus
2825 3880 3003 3934 cli-riis
3031 3878 3303 3934 Romanus
3332 3889 3695 3944 aversaretur,
3727 3895 3819 3935 se—

2209 3963 2315 4017 que
2354 3948 2521 4004 Felici
2566 3950 2819 4004 vexillum
2868 3951 2990 4005 tidei
3034 3952 3316 4006 catholicae
3357 3949 3639 4007 extollettti
3686 3966 3819 4006 conc

2204 4019 2485 4090 juiigeret,
2515 4030 2574 4075 ut
2601 4036 2763 4090 supra
2793 4021 3046 4078 diximus.

2286 4091 2538 4163 Martyrio
2567 4104 2952 4147 coronarentur.
2984 4093 3136 4148 Tunc
3162 4093 3452 4162 contigisse
3489 4092 3726 4157 videtur,
3758 4101 3820 4148 ut

2210 4162 2474 4236 Eusebius
2502 4163 2788 4236 Romanus
2826 4164 3110 4236 presbyter
3146 4181 3173 4219 θ
3216 4165 3476 4219 minisnris
3512 4164 3816 4219 Constantii

2213 4233 2357 4288 intra
2392 4235 2699 4290 cubiculum
2728 4233 2974 4299 clausus,
2994 4233 3120 4291 'illic
3151 4236 3425 4291 mensibus
3453 4249 3665 4305 septem
3697 4252 3819 4305 pcr-

2209 4318 2487 4368 severans,
2531 4307 2670 4361 tame
2706 4316 3056 4378 consumptus
3093 4309 3342 4378 Spiritum
3380 4306 3669 4363 exbalarit.
3709 4310 3814 4362 Bn-

2209 4390 2330 4449 ronA.
2366 4378 2416 4449 iii
2436 4388 2608 4449 inart.
2639 4379 2784 4449 notis
2811 4378 2898 4433 die
2924 4377 2996 4433 Ἡ
3031 4380 3274 4449 Augusﬁ.

2286 4446 2386 4515 Qui
2425 4446 2580 4520 Felix
2613 4447 2893 4520 depositus.
2937 4450 3010 4505 De
3055 4446 3202 4505 exitu
3247 4449 3442 4507 Felicis
3488 4449 3648 4506 aliter
3690 4450 3811 4517 hic,

2128 4521 2183 4581 D
2209 4517 2365 4573 aliter
2394 4520 2447 4574 in
2482 4517 2596 4573 Vita
2628 4517 2748 4588 ej'tis
2774 4531 2962 4576 auctor
2990 4521 3313 4583 pontiﬁcalis
3333 4522 3517 4576 sentit.

2284 4587 2878 4665 Consentit‘Constantio
2917 4593 3192 4665 harenae,
3233 4610 3338 4647 non
3377 4603 3544 4647 tamen
3570 4594 3817 4665 rebapti-

2212 4670 2357 4715 satus
2395 4672 2485 4715 est.
2533 4661 2647 4717 Hoc
2679 4662 2888 4717 iidetur
2926 4664 3164 4719 iudicare
3187 4707 3202 4731 ,
3243 4665 3385 4733 quod
3422 4665 3525 4719 etsi
3566 4661 3817 4721 Liberius

2213 4747 2334 4787 cum
2369 4733 2579 4787 Arionis
2608 4736 3119 4801 contmuiiicaverit,
3153 4751 3258 4789 non
3290 4745 3469 4791 tamen
3496 4736 3672 4792 factus
3703 4738 3818 4792 tue-

2214 4805 2285 4877 rit
2315 4803 2543 4877 Arianus
2574 4819 2669 4871 per
2692 4806 2993 4877 secundum
3037 4807 3390 4877 baptismum,
3429 4820 3537 4877 quo
3574 4808 3819 4863 solerent

2212 4875 2289 4929 illi
2315 4872 2612 4928 catholicos
2637 4875 2703 4928 ad
2734 4891 2793 4931 se
2820 4872 3131 4933 deﬁcientes
3160 4879 3351 4932 iterum
3384 4872 3675 4945 baptizare.
3708 4879 3815 4935 Sed

2212 4949 2332 5020 haec
2358 4946 2573 5020 quidem
2605 4946 2875 5017 superﬂua
2896 4987 2911 5012 ,
2946 4958 3001 5003 et
3026 4948 3094 5002 ab
3121 4949 3297 5020 aliquo
3326 4949 3540 5020 addita;
3574 4949 3814 5006 nondum

2214 5016 2356 5072 enim
2382 5016 2564 5071 Ariani
2590 5016 3026 5085 rebaptizabant:
3055 5021 3182 5085 quin
3210 5016 3267 5076 et
3291 5019 3517 5075 ecclesia
3545 5022 3647 5076 hoc
3675 5032 3819 5077 tent-

2214 5103 2346 5158 pore
2386 5103 2509 5161 ttoii_
2531 5091 2817 5159 respuebat
2846 5092 3167 5145 Arianorum
3208 5091 3532 5161 baptismum
3556 5134 3571 5154 ,
3606 5101 3668 5147 ut
3706 5106 3817 5148 tes-

2213 5168 2356 5213 tatur
2381 5164 2437 5229 S.
2466 5158 2827 5227 Hieronymus
2851 5162 3111 5218 adversus
3136 5158 3527 5229 Lucil‘eriattos;
3552 5163 3815 5222 Baronius

2210 5246 2354 5285 anno
2378 5228 2503 5293 357,
2535 5248 2591 5286 n.
2623 5231 2714 5286 41.

2285 5300 2582 5377 Persecutio
2621 5320 2806 5372 magna
2845 5305 2945 5377 fuit
2982 5305 3036 5360 in
3072 5305 3194 5361 urbe
3231 5304 3401 5361 Roma
3425 5348 3441 5371 ,
3471 5314 3576 5361 etc.
3609 5306 3688 5363 Illi
3718 5310 3813 5377 qui

2212 5372 2426 5448 Liberio
2454 5389 2559 5429 nou
2583 5372 3067 5448 communicabant,
3090 5393 3196 5433 non
3227 5386 3431 5432 tantum
3452 5378 3520 5433 ab
3542 5372 3809 5448 Ecclesia,

2214 5447 2309 5500 sed
2347 5447 2509 5501 etiam
2541 5461 2571 5499 a
2602 5447 2807 5502 balneis
2835 5448 3061 5514 publicis
3096 5448 3471 5514 abstinebant;
3503 5465 3571 5505 ne
3606 5453 3812 5507 scilicet

2216 5533 2321 5588 una
2349 5534 2471 5573 eum
2502 5518 2608 5573 illis
2635 5518 2963 5582 lavarentur,
2994 5529 3052 5574 ut
3090 5520 3181 5588 qui
3207 5519 3409 5575 scirent
3435 5537 3498 5575 ex
3539 5525 3809 5578 sententia

2212 5587 2436 5644 Joannis
2463 5589 2842 5660 evangelistte,
2876 5604 3049 5661 neque
3076 5587 3250 5645 balnei
3292 5590 3495 5646 latione
3534 5607 3658 5647 cum
3700 5596 3811 5648 bte-

2214 5661 2398 5733 reticis
2428 5662 2856 5733 participaiiduiit
2877 5675 3044 5733 esse;
3075 5670 3236 5733 atque
3265 5662 3389 5718 ideo
3418 5663 3472 5718 in
3501 5663 3602 5719 bos
3627 5682 3661 5720 τι
3691 5681 3809 5721 ma-

2212 5731 2441 5803 gistratu
2466 5731 2711 5790 saevitum
2741 5740 2843 5790 est.
2873 5731 3068 5791 Baron.
3098 5731 3242 5790 anno
3268 5733 3397 5802 557,
3431 5751 3487 5791 ti.
3519 5734 3612 5795 68.
