4106 6184
314 210 445 265 13H

1686 202 2219 263 PROLEGOMENA.

3460 203 3597 260 ΙΞΗ

314 325 358 379 Si
387 338 450 378 (³³
468 322 657 398 omnia
684 322 912 398 iPS‘TWOi
941 323 1171 398 Πέιίιιζῖυε
1198 320 1527 398 ουυὲνὲίθΐίὲ
1556 319 1895 398 ξ’τπεηιοῑὶῑες
1927 324 1977 385 A
2008 329 2174 394 mina,
2200 341 2320 398 qua:
2346 336 2630 391 accttsatus
2658 326 2850 397 prtesui
2865 326 2977 381 sive
2999 324 3050 380 in
3079 322 3309 381 concilio
3332 322 3595 385 Romano,

309 398 423 450 sive
451 389 725 460 Arianica',
757 397 870 449 sive
897 394 1197 449 orthodoxa
1227 434 1240 459 ,
1284 393 1478 460 quibus
1500 389 1757 461 deinceps
1787 389 1900 443 his-

310 468 503 522 toriam
532 476 844 521 contexeret
872 508 887 532 ,
913 466 1003 520 ubi
1026 482 1056 520 a
1089 466 1267 519 nothis
1293 464 1525 534 genuina
1544 472 1851 516 secerneret
1877 478 1892 527 ;

308 550 369 596 ut
390 539 477 593 illa
499 538 714 608 quidem
749 537 993 593 falsitatis
1012 546 1329 608 coargueret
1345 576 1362 601 ,
1398 535 1590 591 horum
1608 540 1787 593 autem
1809 546 1899 587 re-

308 607 526 664 ritatem
554 608 866 665 nStenderet
898 611 1241 678 ﬁrmaretque
1268 607 1292 661 i

383 679 471 734 Vl.
510 680 615 736 Sed
644 682 891 752 inquies:
925 680 1053 733 Esto
1087 674 1427 752 :depravata
1443 674 1643 752 fuerint
1668 688 1891 752 corrup-

309 759 470 820 taque
493 752 634 806 tnalo
653 747 975 806 Arianorum
998 751 1227 805 consilio
1267 749 1535 820 Hilariana
1549 747 1854 820 fragmenta
1879 785 1896 809 ,

308 817 658 893 coulictzeque
669 823 739 877 ab
751 821 1216 892 Arianisepistulw
1229 821 1468 893 illthnze
1482 817 1898 893 Liberiilapsum

309 887 591 949 enttntiant
618 912 629 947 :
656 894 780 965 quid
805 908 966 965 porro
993 887 1330 949 setttiendum
1348 887 1414 965 de
1437 888 1739 965 Athanasii,
1771 887 1896 941 ilic-

308 967 521 1037 ronynti
566 961 902 1029 aliorumque
922 965 1250 1037 scriptorum
1276 961 1767 1037 ecclesiaSticorutn
1791 964 1900 1037 tes:

309 1029 549 1106 titnoniis
571 1076 587 1103 ,
636 1050 700 1090 ex
732 1037 926 1106 quibus
948 1029 1194 1090 Liberius
1223 1032 1483 1106 deiecisse
1517 1029 1849 1106 comperitur
1876 1029 1900 1083 τ

304 1104 482 1163 Athis
503 1108 717 1163 demunt
738 1102 1134 1177 peropportune
1158 1105 1392 1177 occurrit
1410 1104 1490 1177 vir
1508 1102 1812 1157 eruditione
1828 1114 1900 1177 ac

304 1177 548 1234 doctrina
571 1172 859 1248 plurimum
873 1172 1154 1248 praeStans,
1173 1172 1901 1248 dominusCorgucuseccle-

304 1249 409 1328 sia}
447 1243 852 1328 Suessionensis
877 1243 1177 1328 canonicos
1210 1263 1225 1315 ;
1267 1245 1537 1328 qtli'iia-titi
1578 1243 1898 1328 itanpridem

302 1318 446 1374 edita
494 1320 751 1389 singulari
802 1320 1181 1375 dissertatione
1214 1314 1307 1373 cui
1352 1318 1544 1389 titulus
1571 1314 1901 1389 izA‘Disserla-

303 1391 414 1446 tieu
457 1385 674 1455 critique
712 1400 763 1446 et
802 1390 1085 1458 Itium-ique
1124 1406 1212 1444 sur
1245 1392 1294 1444 le
1338 1404 1472 1458 pape
1517 1385 1739 1451 bibere,
1770 1385 1900 1458 dans

302 1460 527 1534 loquelle
554 1479 621 1516 on
649 1463 745 1534 {ait
772 1464 882 1517 voir
910 1457 1036 1532 qu‘il
1072 1463 1200 1517 n‘sst
1234 1457 1435 1534 jantais
1475 1458 1641 1534 tam“
1663 1497 1679 1518 ς
1711 1457 1902 1534 Ρνῖθθξ⁶

302 1527 533 1604 ρυότιιηι
574 1527 816 1588 veierum
844 1527 1169 1602 scriptorum
1212 1527 1532 1604 auctoritate
1562 1529 1757 1604 ductus
1779 1567 1792 1591 ,
1827 1527 1902 1604 si-

301 1597 523 1673 iltuique
549 1605 774 1658 aliorum
799 1605 913 1658 loca
944 1597 1153 1673 objecta
1193 1603 1488 1657 discutiens
1509 1610 1668 1673 atque
1691 1597 1757 1653 ad
1777 1599 1893 1673 _crio

300 1676 387 1728 sin
415 1668 679 1729 revocans
703 1716 718 1742 ,
752 1673 950 1729 Liberii
980 1668 1186 1743 lapsum
1234 1668 1629 1743 ﬁctiliumesse
1652 1668 1895 1743 inculcas-

301 1744 512 1803 tissime
553 1739 942 1815 comprobavit.
997 1739 1167 1814 li‘ujus
1225 1750 1406 1806 autem
1456 1741 1742 1799 clarissimi
1795 1739 1892 1797 viri

298 1820 623 1889 sententiam
659 1816 915 1885 deinceps
941 1816 1156 1887 egregie
1177 1817 1411 1872 asseruit
1436 1817 1759 1884 purpuratus
1804 1825 1896 1889 pa-

305 1897 389 1941 ter
411 1886 515 1967 (ς),
564 1884 887 1967 compendio
930 1884 1097 1967 usus}
1138 1902 1369 1967 eamttue
1415 1894 1674 1967 praeterea
1722 1884 1896 1967 ex_'iis

298 1951 430 2028 quae
450 1951 711 2015 baetenué
750 1957 1143 2015 edisseruimus
1168 1999 1183 2024 ,
1216 1951 1387 2026 magis
1414 1951 1591 2010 adhuc
1623 1951 1893 2007 ﬁrmatam

298 2029 697 2086 existimamus.

377 2098 702 2155 Praeclarum
721 2107 900 2155 autem
926 2096 1232 2169 hujusmodi
1258 2111 1394 2166 opus
1415 2094 1674 2169 Gallicum
1705 2135 1722 2163 ,
1740 2093 1897 2169 quod

296 2178 524 2226 auctore
554 2171 734 2227 nescio
784 2165 1012 2225 Parisiis
1055 2165 1511 2239 primum’prodiit
1540 2165 1895 2239 annohi7‘5‘2,

292 2242 371 2295 ab
398 2242 518 2311 ipso
564 2243 906 2312 postmodum
950 2236 1277 2312 recensitnm
1313 2236 1381 2312 et
1395 2245 1664 2312 auctum,
1697 2236 1897 2312 ibidem

294 2312 400 2366 fuit
422 2307 635 2367 'iteru'tn
663 2312 967 2383 evulgalum
989 2326 1133 2383 anno
1159 2311 1329 2383 1736Ἀ
1352 2310 1524 2383 Quam
1540 2310 1763 2383 quidem
1783 2307 1899 2361 dis-

293 2385 651 2444 sertationcm
681 2378 892 2445 δυιηῖηο
916 2382 1115 2459 ingenii
1144 2398 1209 2441 ac
1243 2381 1426 2506 judicii
1450 2380 1698 2441 acumine
1718 2378 1902 2437 elucu-

294 2454 512 2506 bratam
542 2495 557 2506 .
603 2455 848 2506 auisnuis
894 2460 1101 2506 attente
1147 2468 1241 2506 per
1265 2454 1435 2506 eaerit
1463 2493 1477 2506 .
1527 2453 1571 2505 is
1619 2452 1898 2506 enimvero

294 2454 517 2531 bratatn
542 2495 577 2531 ,_
603 2455 848 2531 quisquis
894 2452 1101 2531 attente
1147 2452 1435 2531 perlegerit
1463 2493 1477 2517 ,
1527 2453 1589 2531 is
1619 2452 1898 2531 enimvero

292 2539 480 2581 causan
494 2523 797 2581 Libe'rian'a‘.
808 2526 931 2595 jure
950 2523 1158 2595 optimo
1176 2523 1469 2595 apta'udttm
1489 2528 1693 2595 statuat
1712 2534 1901 2576 ncces-

292 2611 365 2653 se
388 2604 475 2659 est
495 2596 719 2657 eiiatum
762 2592 896 2655 illud
924 2592 1225 2659 Livianutn.
1264 2614 1285 2647 ι
1318 2593 1363 2649 A
1388 2593 1619 2649 veritate
1655 2592 1902 2648 laborare

296 2667 463 2724 nimis
483 2667 576 2739 jus
596 2683 743 2740 saepe
775 2708 792 2737 ,
820 2668 1060 2743 extingui
1092 2681 1386 2737 nunquam.
1438 2684 1458 2725 ο

298 2825 334 2899 §
379 2825 444 2882 ii.
482 2858 553 2869 ——
580 2826 808 2883 NOTITIA
846 2843 1216 2884 EPISTOLARUH
1243 2841 1347 2883 non
1387 2839 1748 2891 assumunt.
1795 2838 1897 2887 Αυτ

374 2933 847 2983 ευνροειτιτιμωιι
871 2933 992 2985 QUB
1018 2935 1086 2973 AD
1116 2934 1370 2975 LIBERIUI
1400 2933 1574 2973 PAPAI
1601 2930 1899 2979 ATTINENT,

874 3053 986 3128 (Ea:
1011 3052 1079 3109 υ.
1111 3052 1403 3127 Constant.)

300 3200 340 3245 ι.
366 3184 734 3259 Ερῃριίονωη
778 3186 847 3241 ad
880 3186 1140 3242 Liberium
1176 3188 1356 3242 littera:
1385 3188 1522 3243 circa
1561 3187 1752 3242 exitum
1780 3188 1905 3242 anni

937 3280 1046 3335 55⁸2
1075 3280 1265 3336 missae.

382 3413 432 3473 i.
461 3412 541 3469 Ex
567 3411 807 3486 Egypto
831 3424 993 3486 atque
1006 3412 1355 3481 Alexandria,
1384 3413 1572 3485 quales
1605 3413 1810 3485 pridem
1835 3413 1904 3471 ad

303 3506 503 3564 Julinm
531 3505 598 3563 de
625 3507 898 3573 reddenda
921 3508 1185 3573 exsulanti
1200 3506 1497 3567 Athanasio
1524 3509 1905 3569 communione

304 3608 467 3655 erant
515 3600 767 3670 scriptae,
819 3600 953 3661 tales
1002 3601 1221 3661 Liberio
1271 3602 1638 3672 pontiﬁcatum
1697 3602 1902 3658 ineunti

301 3694 445 3749 datae
476 3701 603 3749 sunt
628 3695 819 3755 littera:
845 3694 915 3759 de
942 3698 1137 3755 tuenda
1164 3710 1229 3752 ea
1247 3736 1264 3763 ,
1294 3711 1453 3767 quam
1480 3695 1657 3752 eidem
1685 3695 1904 3766 prtesuli

301 3787 479 3849 Julius
531 3801 598 3842 ac
640 3786 835 3844 deinde
878 3788 1219 3851 Sardicensis
1255 3789 1496 3862 synodus
1532 3788 1901 3846 reddiderant.

302 3880 414 3943 llas
440 3877 650 3935 litteras
675 3879 912 3945 Hilarius
955 3880 1146 3951 fragm.
1174 3896 1253 3947 tv,
1290 3898 1346 3936 n.
1376 3881 1433 3949 2,
1462 3892 1746 3947 memorat,
1777 3897 1902 3938 eas-

301 3990 408 4045 que
433 3973 633 4029 ibidem
659 3973 1018 4043 subjieieudas
1050 3974 1368 4045 pollicetur;
1397 3973 1491 4030 sed
1520 3974 1648 4031 inde
1676 3974 1901 4030 divulsus

301 4078 451 4133 Sunt,
479 4067 698 4125 Litterae
726 4075 928 4134 autem,
961 4084 1084 4137 qua:
1109 4069 1178 4125 ab
1207 4067 1572 4124 Alexandrina
1598 4068 1807 4140 synodo
1834 4084 1903 4124 es

299 4159 542 4231 Egypto
593 4158 740 4219 omni
789 4157 858 4213 ad
898 4158 1124 4225 iulium,
1166 4166 1303 4217 teste
1349 4158 1643 4215 Athanasio
1683 4159 1900 4231 apolog.

302 4263 452 4310 cont.
483 4253 669 4307 Arian.
700 4268 755 4305 n.
782 4249 853 4306 90
880 4251 1058 4307 missae
1096 4260 1248 4317 sunt,
1278 4252 1499 4323 integra:
1543 4251 1808 4307 habentur
1847 4254 1899 4308 in

302 4345 493 4401 eadem
518 4344 797 4399 Athanasii
823 4343 1068 4415 apologis
1098 4361 1153 4400 n.
1185 4345 1241 4408 5,
1270 4358 1336 4400 ac
1361 4343 1619 4415 deinceps
1648 4362 1664 4402 :
1689 4361 1756 4400 ex
1783 4344 1901 4416 qni-

298 4439 405 4499 bus
431 4439 683 4510 augurari
714 4437 1047 4508 licetquales
1073 4436 1180 4494 illae
1211 4435 1430 4504 fuerint,
1474 4452 1596 4508 quia
1625 4436 1691 4492 ad
1732 4436 1893 4492 Libe-

299 4535 443 4592 rium
473 4534 613 4591 circa
638 4532 841 4593 exitum
868 4532 994 4595 anni
1021 4531 1146 4598 352,
1171 4531 1312 4587 datm
1341 4540 1489 4587 sunt.
1524 4531 1722 4588 Harum
1752 4531 1898 4586 litte-

300 4641 487 4685 rarum
519 4626 766 4683 meminit
807 4625 922 4695 ipse
962 4623 1210 4683 Liberius
1237 4623 1397 4695 epist.
1436 4621 1493 4691 ι,
1532 4640 1589 4678 n.
1629 4623 1685 4685 2,
1717 4623 1807 4679 ubi
1846 4631 1901 4678 et

301 4733 394 4775 eas
440 4718 707 4789 episcopis
755 4716 903 4774 italis
949 4717 1210 4781 recitasse
1261 4732 1323 4775 se
1376 4727 1540 4788 atque
1592 4716 1899 4775 insinuasse

303 4810 486 4871 docet.

299 4941 362 4985 ll.
399 4925 742 4982 Orientalium
770 4925 840 4980 ad
871 4923 1135 4980 Liberium
1160 4926 1345 4981 littera
1371 4926 1509 4981 circa
1534 4924 1669 4981 idem
1696 4935 1898 4996 tempus

981 5019 1204 5091 scriptis.

373 5153 428 5210 2.
481 5153 687 5210 Eodem
744 5162 989 5227 tempore
1049 5153 1329 5222 Liberius,
1400 5162 1459 5211 ut
1515 5168 1729 5211 rursum
1782 5154 1899 5228 ipse

300 5251 462 5324 epist.
491 5250 545 5319 4,
576 5267 630 5306 n.
659 5250 717 5318 2,
760 5261 1004 5317 testatur,
1046 5252 1114 5308 ab
1139 5251 1524 5318 Orientalibus,
1567 5252 1672 5311 hoc
1710 5264 1794 5311 est
1829 5253 1899 5311 ab

298 5343 522 5401 Arianis
560 5342 824 5398 adversus
870 5344 1223 5399 Athanasium
1275 5344 1483 5400 litteras
1526 5344 1753 5416 accepit,
1802 5360 1901 5417 per

298 5437 595 5493 Eusebium
628 5435 937 5508 quemdam,
963 5437 1055 5508 qui
1084 5436 1137 5495 in
1176 5436 1409 5501 Africam
1447 5437 1760 5504 festinabat,
1792 5437 1896 5493 sibi

299 5528 543 5596 relictas,
576 5528 628 5584 in
657 5527 850 5600 quibus
886 5529 1077 5587 eadem
1107 5531 1328 5587 omnino
1353 5530 1764 5597 continebantur
1789 5531 1897 5595 cri-

381 5701 461 5778 (i)
489 5704 627 5774 Orsi,
654 5704 855 5765 Histor.
883 5705 1019 5767 ecci.
1052 5714 1189 5764 tom.
1214 5723 1289 5779 vt,
1311 5723 1431 5782 pag.
1450 5707 1582 5779 201,
1610 5707 1638 5795 5
1664 5707 1752 5771 72.
1844 5698 1853 5705 ’

2005 430 2270 492 prasente
2300 419 2462 486 Julio,
2494 420 2607 479 sive
2634 419 2686 479 in
2724 416 3034 479 Sardicensi
3063 417 3175 487 jatu
3203 415 3455 475 diluerat.
3492 413 3599 471 llas

2003 512 2211 567 litteras
2242 528 2347 565 non
2388 512 2687 581 suppressit
2720 510 2982 576 Liberius,
3022 518 3078 563 ut
3116 507 3357 567 nonnulli
3391 506 3600 560 calum-

2002 604 2132 658 niati
2159 611 2307 669 sunt,
2338 602 2433 659 sed
2460 602 2704 658 ecclesim
2729 603 2858 673 legit
2888 613 2939 658 et
2964 600 3213 657 enncilio.

1998 757 2081 797 lii.
2113 772 2183 783 —
2207 739 2400 796 Liberii
2424 740 2493 794 ad
2526 739 2812 796 Orientales
2865 740 3079 814 epistola
3123 754 3259 799 anno
3308 738 3417 795 553
3452 738 3596 797 data.

2072 898 2127 955 ὅ.
2162 898 2242 954 Ad
2292 914 2416 954 mox
2463 898 2635 954 dictas
2686 897 3037 954 Orientalium
3093 895 3303 952 litteras
3346 894 3595 951 Liberius

2002 993 2279 1065 rescripsit
2334 1008 2401 1049 eo
2453 994 2571 1063 ipso
2626 1002 2899 1063 tempore,
2932 1007 3039 1062 quo
3086 991 3204 1046 illas
3249 991 3490 1062 accepit,
3522 991 3595 1045 si-

2000 1085 2266 1157 gniﬁcans
2291 1085 2396 1141 sibi
2429 1085 2684 1140 traditum
2738 1100 2860 1141 esse
2903 1085 3174 1155 octoginta
3221 1086 3602 1155 episcenomnt

2003 1181 2301 1261 scriptum,
2354 1179 2502 1249 quod
2558 1180 2797 1249 ipsorum
2846 1178 2915 1233 de
2975 1175 3267 1232 Athanasio
3316 1176 3600 1231 sententia:

2004 1278 2375 1350 repugnabat;
2428 1287 2593 1347 atque
2617 1284 2802 1331 contra
2831 1276 3003 1345 legem
3034 1274 3267 1329 divinam
3294 1272 3395 1328 sibi
3427 1272 3600 1326 visunt

2004 1383 2156 1432 esse,
2191 1385 2312 1423 eum
2339 1368 2509 1438 major
2540 1369 2913 1437 epise0porum
2947 1382 3201 1421 numerus
3227 1381 3323 1435 pro
3357 1363 3597 1420 Athana-

2003 1462 2085 1517 sio
2113 1459 2406 1529 existeret,
2451 1460 2687 1532 ipsorum
2729 1459 2888 1515 dictis
2913 1459 3172 1519 adversus
3192 1471 3312 1515 eum
3343 1455 3604 1527 aliquam:-

2004 1567 2109 1609 nus
2138 1553 2484 1610 commodare
2514 1567 2860 1613 consensum.

1924 1711 1971 1773 Β
2003 1708 2076 1755 tv.
2105 1721 2179 1732 —
2218 1690 2410 1751 Liberit'
2456 1692 2524 1751 ad
2573 1688 2854 1773 (Egyptios
2891 1690 3104 1761 epistola
3156 1688 3331 1747 eadem
3378 1697 3603 1758 tempore

2688 1787 2901 1859 scripta.

2069 1931 2126 1989 4,
2176 1926 2282 1987 Vix
2334 1930 2580 1987 dubitare
2614 1930 2741 1986 licet
2762 1928 2891 2001 quin
2917 1927 3183 1994 Liberius,
3208 1924 3297 1997 qui
3323 1925 3388 1981 ad
3413 1923 3605 1980 Orien-

2001 2025 2141 2081 tales
2167 2034 2356 2079 contra
2386 2022 2740 2078 Athanasium
2769 2021 3070 2075 scribentes
3095 2018 3371 2095 rescripsit
3392 2061 3406 2082 ,
3436 2016 3596 2072 simul

2000 2126 2058 2173 et
2084 2116 2151 2172 ad
2174 2115 2461 2189 Egyptios
2485 2114 2577 2187 qui
2601 2130 2698 2186 pro
2719 2114 2913 2170 eodem
2936 2112 3039 2169 sibi
3065 2112 3433 2181 scripserant,
3463 2125 3599 2181 quo-

2001 2226 2119 2266 rum
2146 2212 2306 2265 etiam
2328 2210 2610 2280 epistolam
2637 2208 2907 2277 episcopis
2926 2206 3072 2262 italis
3101 2205 3299 2274 pariter
3320 2202 3592 2259 insinuan-

2001 2304 2125 2361 dam
2148 2305 2395 2371 curavit,
2428 2303 2633 2365 litteras
2659 2300 2896 2373 miserit,
2929 2299 3126 2371 quibus
3180 2314 3241 2358 se
3291 2297 3596 2361 decessoris

2001 2397 2083 2453 sui
2113 2396 2241 2452 Julii
2266 2396 2506 2473 vestigiis
2538 2394 2751 2477 penitus
2776 2394 3048 2448 hausurum
3078 2390 3429 2469 significaret.

2002 2548 2061 2590 v.
2077 2563 2150 2584 -ν
2170 2531 2361 2591 Liberii
2377 2532 2449 2590 ad
2467 2530 2823 2587 Constantium
2850 2529 3069 2600 epistola
3093 2544 3220 2583 sua.
3248 2526 3355 2583 353
3379 2526 3595 2596 scripta.

2074 2671 2130 2727 5.
2184 2670 2431 2726 Liberius
2491 2669 2780 2725 multorum
2835 2669 3001 2727 italiae
3050 2669 3427 2741 episcoporum
3463 2681 3596 2721 cono

2006 2774 2171 2820 ventu
2199 2763 2410 2830 habito,
2448 2763 2788 2819 Vincentium
2836 2762 3176 2833 Capuensent
3206 2773 3259 2816 et
3285 2759 3593 2817 Marcellum

2004 2860 2208 2932 pariter
2237 2873 2302 2912 ex
2327 2856 2620 2928 Campania
2663 2856 2974 2928 episcopum
3026 2853 3278 2909 Arciaten
3310 2852 3603 2911 destinavit

2006 2951 2075 3005 ad
2104 2950 2481 3005 Constantium
2507 2964 2628 3004 cum
2662 2947 2889 3018 epistola
2911 2991 2925 3015 ,
2972 2962 3076 3023 qua
3138 2947 3280 3001 hunc
3304 2945 3603 3017 imperatu-

2007 3060 2122 3100 rem
2177 3043 2439 3115 rogabat,
2489 3052 2547 3096 ιιι
2595 3041 2881 3097 concillum
2918 3038 3209 3112 Aquileiae,
3243 3037 3599 3111 quemadmo-

2009 3137 2135 3193 dum
2165 3136 2265 3207 ipsi
2289 3135 2488 3191 dudnm
2531 3137 2841 3207 placuerat,
2896 3130 3209 3207 congregari
3239 3130 3555 3203 przeciperet
3586 3149 3600 3187 :

2007 3231 2098 3285 ubi
2129 3245 2249 3284 cum
2276 3230 2503 3299 primum
2531 3228 2652 3283 ﬁdei
2676 3241 2835 3280 causa
2879 3225 3063 3280 fuisset
3115 3223 3404 3295 diligenter
3451 3232 3597 3278 trac~

2008 3336 2149 3391 tata,
2182 3333 2292 3379 tum
2318 3322 2534 3378 demunt
2569 3332 2779 3377 ea-tcra:
2812 3331 3030 3390 possent
3058 3318 3218 3373 liniri.
3244 3318 3411 3375 Simul
3436 3327 3488 3372 et
3514 3333 3599 3382 ea,

2004 3432 2129 3488 qua:
2154 3416 2268 3473 sive
2297 3415 2367 3471 ab
2387 3413 2754 3471 Orientalibus
2773 3412 3032 3468 adversus
3063 3410 3415 3467 Athanasium
3442 3452 3456 3471 .
3486 3412 3601 3465 sive

2004 3507 2076 3565 ab
2105 3507 2372 3581 [Egyptiis
2399 3524 2496 3581 pro
2525 3509 2819 3565 Athanasio
2848 3515 3130 3576 acceperat
3150 3505 3348 3576 scripta
3366 3546 3381 3570 ,
3417 3506 3604 3575 legatis

2007 3603 2228 3663 tradidit
2256 3602 2322 3659 ad
2345 3602 2720 3658 Constantium
2743 3598 3063 3672 perit-renda
3079 3641 3095 3668 ,
3118 3608 3178 3655 ut
3207 3609 3450 3671 Optatum
3473 3613 3605 3653 con-

2004 3695 2191 3752 cilium
2220 3695 2431 3751 facilius
2458 3696 2863 3765 impetraretur.

2003 3871 2077 3913 Vl.
2102 3887 2174 3900 —-
2193 3853 2504 3931 Legalorum
2545 3852 2738 3913 Liberii
2757 3868 2820 3912 ea:
2844 3851 3132 3917 Arelatensi
3153 3849 3371 3908 concilio
3398 3847 3599 3911 litterae.

2077 4017 2133 4072 ϐ.
2166 4015 2415 4073 Arelaten
2448 4030 2570 4071 cum
2598 4012 2978 4086 pervenissent
2996 4008 3313 4064 Vincentius
3351 4021 3413 4063 ac
3459 4005 3601 4059 Mar-

2004 4110 2177 4175 cellus
2208 4109 2409 4172 Liberii
2438 4109 2637 4180 legati.
2669 4107 2870 4178 praevio
2895 4118 3017 4160 cum
3064 4100 3337 4171 episcopis
3387 4097 3480 4168 qui
3532 4097 3601 4151 ibi

2004 4212 2162 4261 erant
2188 4208 2420 4265 tractatu
2440 4242 2456 4269 ,
2483 4208 2708 4272 propter
2729 4196 3084 4261 ecclesiarum
3122 4193 3366 4247 omnium
3413 4188 3602 4251 turbae

2004 4298 2207 4357 tionem
2231 4338 2246 4362 ,
2278 4293 2636 4359 Orientalium
2657 4333 2674 4358 .
2692 4291 2783 4363 qui
2812 4288 3164 4351 Athanasium
3189 4285 3601 4352 damnaveram.

2003 4391 2362 4454 Suceumbere
2390 4405 2452 4449 se
2478 4390 2617 4447 velle
2643 4385 2825 4447 testati
2852 4393 2977 4443 sunt
3003 4379 3320 4445 sententiis,
3338 4392 3401 4434 ea
3423 4387 3601 4435 tamen

1924 4491 1976 4552 Ι)
2003 4486 2316 4543 conditione
2336 4527 2352 4552 ,
2404 4493 2462 4539 ut
2509 4492 2565 4539 et
2611 4482 2685 4548 ii,
2717 4480 2808 4551 qni
2840 4476 2979 4539 istud
3005 4475 3075 4533 ab
3100 4475 3230 4546 ipsis
3250 4470 3601 4542 ﬂagitabant,

2004 4581 2154 4654 prius
2206 4579 2319 4639 Arii
2376 4576 2624 4637 lueresim
2678 4571 3128 4628 condemnarent.
3200 4564 3335 4621 Tum
3401 4560 3601 4630 placito

2001 4652 2269 4743 scriptura
2324 4669 2570 4731 ﬁrmato,
2628 4665 2761 4720 itutn
2786 4662 2853 4718 ad
2877 4658 3163 4716 concilium
3189 4698 3206 4723 ,
3256 4652 3601 4721 adhibftaque

2002 4765 2392 4822 deliberatione
2413 4802 2429 4830 ,
2481 4759 2679 4816 Liberii
2710 4757 2901 4830 legatis
2927 4753 2996 4809 ab
3019 4748 3296 4807 Athanasii
3340 4748 3600 4802 adversa-

2001 4862 2098 4919 riis
2123 4870 2207 4917 est
2225 4871 2544 4928 responsum
2566 4896 2582 4921 ,
2614 4852 2729 4910 Arii
2750 4848 3052 4907 doctrinam
3077 4845 3335 4900 damnare
3384 4856 3443 4896 se
3491 4855 3597 4895 non

2001 4967 2195 5025 posse;
2227 4951 2321 5007 sed
2347 4949 2453 5005 hoc
2481 4946 2689 5011 solum,
2742 4952 2802 4999 ut
2847 4940 3172 4997 Athanasius
3217 4933 3601 4990 communione

2001 5048 2265 5122 privetur,
2291 5046 2525 5115 exigere.
2575 5041 2651 5096 De
2695 5039 2778 5093 his
2825 5046 3003 5091 autem
3042 5031 3291 5088 omnibus
3323 5026 3598 5084 Liberium

2003 5120 2287 5198 confestim
2315 5135 2637 5193 Vincentius
2659 5147 2723 5189 ac
2746 5128 3029 5187 Marcellus
3057 5125 3253 5182 litteris
3307 5120 3596 5179 certiorem

2003 5236 2265 5292 iecerunt.

2078 5330 2130 5384 7.
2164 5328 2290 5385 llaec
2320 5339 2483 5400 porro
2506 5331 2655 5396 gesta
2686 5327 2831 5387 sunt,
2870 5317 2997 5374 dum
3027 5305 3601 5372 AreiateConstantius

2006 5428 2242 5499 degeret.
2278 5424 2438 5501 Atqui
2470 5424 2613 5480 hunc
2643 5422 3027 5493 Imperatorem
3050 5417 3102 5474 in
3132 5416 3214 5470 illa
3247 5410 3463 5468 civitate
3494 5409 3603 5464 sai-

2002 5532 2111 5581 tem
2169 5523 2238 5579 ab
2292 5530 2484 5578 octavo
2513 5519 2713 5576 mensis
2742 5514 3061 5574 Novembris
3104 5508 3227 5563 anni
3272 5505 3381 5562 555
3418 5502 3505 5559 die
3533 5502 3600 5558 ad

2005 5633 2230 5673 vernum
2273 5625 2485 5686 tempus
2525 5611 2780 5673 anni'554
2806 5605 3167 5682 permansisse
3197 5608 3376 5658 vetera
3431 5598 3603 5653 moni-

2004 5717 2186 5785 menta
2215 5707 2374 5777 ﬁdem
2406 5708 2631 5780 iaciunt.
2685 5704 2839 5777 Unde
2869 5698 3113 5789 sequitur
3164 5704 3225 5777 ut
3271 5692 3603 5783 Arelatensis
