4106 6184
455 183 599 245 1545

1831 175 2144 233 LIBERIUS
2180 174 2401 250 pars.

3626 174 3771 231 ΒΗ

454 304 586 354 tunc
628 296 807 354 habita
864 296 1103 370 synodus
1152 297 1238 352 vel
1280 293 1348 350 ad
1376 308 1579 350 annum
1607 292 1713 350 555
1733 301 2018 349 exeuntem
2040 333 2056 358 ,
2086 291 2136 352 Α
2165 305 2281 346 xm.
2299 289 2593 346 —Litter¢e
2619 291 2984 364 Lampsacenus
3004 292 3189 363 synodi
3204 300 3253 345 et
3273 291 3496 346 aliarum
3520 290 3592 345 ad
3616 288 3779 344 Libe—

459 390 551 447 vel
580 389 647 445 ad
670 390 944 446 ineuntem
982 390 1089 446 554
1117 387 1401 445 referenda
1430 386 1518 442 sit.

460 541 556 581 vn.
583 554 657 566 -—
675 521 887 579 Eusebii
922 523 1144 579 Verccll.
1178 522 1248 577 ad
1276 521 1534 578 Liberium
1555 518 1773 593 epistola
1801 535 1936 574 anno
1958 518 2065 576 554

1178 632 1356 671 missa.

535 755 591 810 8.
625 753 895 811 Eusebius
956 752 1321 811 Vercellensis
1349 752 1637 822 epise0pus
1681 766 1712 805 a
1754 749 1967 805 Liberio
1982 764 2069 804 ro-

463 855 620 919 gatus
646 853 707 901 ut
725 846 914 917 legatis
934 847 1047 901 suis
1070 844 1321 901 Lucifero
1339 886 1354 910 ,
1386 844 1670 898 Pancratio
1698 851 1755 898 et
1782 841 1983 897 llilario
2001 841 2068 895 ad

467 941 821 997 obtinendum
851 957 880 994 a
910 938 1226 995 Constantio
1255 937 1541 994 concilium
1566 951 1685 992 sese
1715 935 2067 1006 adjnngeret,

466 1035 732 1092 voluntati
760 1034 931 1105 ipsius
957 1048 1019 1090 se
1048 1033 1232 1089 libenti
1261 1032 1444 1087 animo
1469 1030 1693 1098 obsequi
1723 1028 2067 1085 renuntiavit.

473 1128 735 1200 Epistula:
783 1128 943 1197 hujus
996 1126 1239 1181 notitiam
1271 1124 1425 1180 nobis
1453 1129 1675 1193 praestat
1698 1122 1898 1177 Liberii
1927 1121 2073 1191 epis-

471 1222 585 1279 tola
617 1222 683 1277 ad
714 1220 941 1289 Euscb.,
970 1220 1217 1291 adeoque
1248 1217 1408 1290 paulo
1435 1222 1560 1271 ante
1596 1215 1735 1271 hanc
1769 1229 1913 1270 anno
1969 1215 2074 1271 554

474 1314 676 1387 scripta
717 1322 823 1371 est.

475 1470 591 1510 vm.
614 1451 892 1508 —Liberii
912 1452 981 1507 ad
1010 1450 1446 1507 Fortunatianum
1475 1449 1689 1521 epistola
1710 1489 1725 1514 ,
1757 1447 1933 1503 eodem
1954 1456 2080 1501 tem-

1123 1562 1246 1618 pore
1274 1546 1418 1600 data.

2416 386 2551 440 rium
2579 394 2625 439 et
2656 385 3009 440 Occidentales
3034 403 3155 440 ann.
3187 385 3293 441 565
3318 386 3507 439 missae.

2240 476 2329 531 14.
2381 476 2687 533 Orientales
2734 477 3158 549 eLampsacena
3227 476 3437 550 synodo
3496 475 3777 546 variisque

2168 570 2413 626 conciliis
2444 571 2494 625 in
2520 571 2647 626 Asia
2670 613 2685 637 ,
2710 571 3057 645 Pamphylia,
3083 571 3284 626 Isauria
3336 580 3390 626 et
3436 568 3603 642 Lycia
3631 569 3781 624 cele-

2171 660 2339 717 bratis
2368 664 2576 719 litteras
2602 663 2888 719 Eustatliio
2908 705 2926 732 ,
2957 663 3177 719 Silvano
3201 679 3267 719 ac
3295 662 3602 734 Theophila
3628 663 3783 732 lega-

2170 753 2240 808 tis
2266 754 2603 810 tradiderunt
2656 756 2722 810 ad
2776 755 3045 811 Liberium
3100 765 3155 811 et
3201 755 3486 826 episcopOs
3507 753 3784 810 Occiden-

2173 848 2310 901 tales
2343 847 2722 917 perferendas,
2758 848 2951 920 quibus
2972 890 2987 915 ,
3017 858 3072 902 nt
3093 852 3402 902 summatim
3457 846 3786 917 perstringit

2173 940 2507 997 Sozomenus
2531 942 2626 998 lib.
2660 959 2735 1008 vt,
2768 958 2816 997 c.
2854 942 2941 1007 11,
2976 961 2994 993 ι
3016 957 3112 998 eos
3131 942 3510 1007 hortabantur,
3544 949 3606 995 ut
3634 940 3790 1011 lcga-

2175 1038 2261 1086 tos
2313 1048 2442 1088 suos
2484 1033 2634 1088 ontni
2690 1049 2795 1103 ope
2850 1034 3201 1104 adjuvarent,
3257 1043 3314 1089 et
3353 1049 3477 1088 eum
3510 1033 3624 1087 illis
3650 1032 3789 1103 quid

2177 1123 2441 1197 agendum
2474 1134 2621 1181 esset
2680 1127 3105 1196 perpenderent,
3157 1133 3212 1181 et
3263 1133 3462 1180 statum
3520 1124 3791 1179 Ecclesia:

2180 1228 2338 1287 prout
2365 1217 2497 1287 ipsis
2526 1219 2800 1273 videretur
2823 1219 3188 1288 corrigerent;
3221 1217 3419 1288 quippe
3440 1218 3531 1288 qui
3556 1218 3792 1288 probam

2178 1326 2243 1366 ac
2268 1310 2515 1366 stabilem
2545 1309 2706 1365 iidem
2731 1310 3049 1375 retinerent,
3067 1325 3132 1365 ac
3156 1325 3268 1381 pra:
3289 1310 3504 1364 caeteris
3528 1309 3796 1364 omnibus

2179 1404 2457 1474 religionis
2505 1419 2691 1459 curam
2746 1418 2935 1474 gerere
2985 1402 3268 1459 deberent.
3296 1421 3316 1455 ι
3375 1400 3615 1457 Litteras
3666 1401 3798 1455 illas

2181 1495 2403 1551 Liberio
2429 1510 2457 1550 a
2484 1495 2753 1565 praedictis
2782 1496 2969 1565 legatis
2991 1493 3231 1550 redditas
3280 1510 3403 1550 esse
3440 1493 3710 1549 Socrates
3741 1502 3802 1547 et

2182 1588 2515 1644 Sozomenus
2547 1587 2781 1643 tradunt.
2807 1586 2939 1642 Cum
2967 1595 3147 1643 autem
3162 1587 3526 1658 Lampsacena
3542 1587 3803 1658 synodus

550 1684 605 1741 9.
654 1682 901 1739 Liberius
928 1681 981 1737 in
1011 1680 1203 1738 eadem
1217 1680 1444 1751 epistola
1472 1679 1539 1735 ad
1569 1676 1770 1734 Euseb.
1814 1683 2080 1732 memorat

2201 1703 2303 1758 tua:
2326 1687 2471 1758 prior
2501 1688 2706 1758 legatos
2729 1686 3044 1749 destinavit,
3068 1694 3123 1741 et
3146 1685 3301 1756 cujus
3346 1685 3522 1739 instar
3546 1683 3670 1738 alim
3704 1700 3805 1747 sy-

481 1777 693 1833 litteras
724 1792 755 1831 a
801 1793 861 1832 se
907 1775 974 1831 ad
999 1775 1443 1830 Fortunatianum
1474 1773 1736 1844 Aquileia:
1760 1770 2076 1841 episcopum

482 1870 732 1941 scriptas,
754 1868 948 1939 quibus
975 1884 1098 1923 eum
1130 1869 1352 1939 rogabat
1372 1908 1387 1934 ,
1419 1874 1479 1922 ut
1508 1867 1622 1937 ipse
1653 1880 1749 1935 pro
1773 1863 2081 1919 sinceritate

484 1962 721 2034 pectoris
755 1969 811 2018 et
841 1977 937 2033 pro
963 1960 1089 2030 (ide,
1117 1976 1278 2032 quam
1308 1977 1368 2016 se
1397 1960 1604 2016 sciebat
1631 1959 1794 2014 etiam
1823 1973 1945 2012 cum
1969 1956 2083 2011 dis-

483 2055 716 2110 crimine
754 2054 879 2110 vita:
915 2053 1201 2125 praesentis
1229 2052 1564 2116 custodisse,
1608 2067 1734 2107 cum
1787 2050 1978 2122 legatis
2015 2048 2083 2104 ad

489 2146 865 2204 Constantium
886 2147 1066 2202 missis
1092 2146 1407 2219 dignaretur
1427 2145 1716 2201 excubare.

612 2300 689 2341 ix.
706 2282 1078 2340 -——Constantii
1092 2283 1161 2337 ad
1183 2280 1442 2337 Liberium
1464 2282 1649 2337 littera:
1668 2296 1804 2335 anno
1832 2278 1960 2336 555.

562 2399 650 2455 10.
698 2395 1047 2453 Constantius
1095 2397 1255 2468 paulo
1295 2403 1419 2467 post
1456 2394 1853 2451 Mediolanense
1905 2392 2086 2447 conci-

489 2491 620 2546 lium
645 2503 789 2544 anno
810 2490 918 2545 555
944 2489 1187 2545 habitum
1220 2488 1459 2542 minaces
1487 2486 1554 2540 ad
1585 2485 1856 2541 Liberium
1884 2484 2090 2539 litteras

490 2597 614 2637 cum
647 2580 957 2635 muneribus
983 2597 1078 2651 per
1108 2580 1397 2635 Eusebium
1420 2580 1722 2633 eunuchum
1751 2577 1897 2633 misit
1915 2617 1930 2643 ,
1975 2576 2093 2647 qui-

491 2676 594 2731 bus
621 2689 744 2730 eum
766 2675 834 2729 ad
861 2674 1226 2730 damnandum
1281 2674 1633 2729 Athanasium
1665 2680 1720 2728 et
1749 2675 1815 2726 ad
1843 2686 2090 2726 commn-

495 2770 782 2825 nicandum
803 2786 924 2824 cum
949 2769 1168 2824 Arianis
1195 2768 1415 2824 ﬂectere
1442 2769 1704 2821 tentabat.
1753 2766 1955 2821 Harum
2003 2765 2091 2819 lit-

494 2873 734 2921 terarum
789 2862 994 2918 mentio
1071 2870 1256 2917 exstat
1306 2861 1447 2931 apud
1494 2859 1845 2915 Athanasium
1905 2858 2092 2912 histor.

495 2960 683 3016 Arian.
716 2957 783 3012 ad
808 2957 1060 3012 monacli.
1086 2972 1140 3011 ιι.
1165 2957 1260 3023 55,
1285 2955 1415 3025 ipsis
1444 2961 1624 3008 autem
1681 2952 1839 3006 minis
1862 2950 2098 3005 admixta

497 3054 665 3111 fuisse
706 3053 1072 3109 blandimenta
1109 3067 1231 3107 cum
1280 3051 1460 3105 innata
1500 3048 1804 3105 Constantii
1846 3046 2057 3102 indoles

498 3156 612 3204 tum
635 3146 889 3217 adjuncta
917 3161 1139 3202 munera
1170 3144 1326 3200 facile
1358 3142 1701 3214 persuadent.

500 3280 556 3320 κ.
574 3293 646 3304 -
664 3261 855 3319 Liberii
876 3262 946 3317 ad
970 3262 1163 3317 clerum
1188 3260 1339 3315 Rom.
1368 3260 1553 3313 littera:
1575 3274 1711 3312 anno
1741 3256 1845 3311 557
1874 3256 2100 3328 πήρην.

575 3377 665 3432 ll.
698 3376 950 3432 Liberius
976 3375 1158 3430 statim
1190 3380 1250 3429 ut
1280 3372 1429 3430 exilii
1478 3371 1640 3426 taedio
1669 3386 1735 3427 ac
1776 3369 1937 3425 minis
1968 3369 2106 3425 frac-

502 3479 589 3526 tus
613 3469 962 3540 Imperatoris
1013 3467 1277 3524 voluntati
1323 3465 1629 3532 consensit,
1685 3465 1993 3535 priusquam
2035 3462 2105 3518 de

504 3564 609 3620 hoc
649 3580 918 3620 consensu
971 3564 1270 3633 Imperator
1304 3561 1507 3617 certior
1534 3559 1720 3625 ﬁeret,
1753 3574 1814 3614 se
1842 3558 1913 3613 ab
1936 3557 2106 3612 Atha-

506 3656 643 3712 nasii
668 3655 883 3710 nomine
931 3662 988 3710 et
1031 3654 1412 3710 communione
1463 3650 1757 3707 recessisse
1794 3649 1945 3704 clero
2000 3647 2110 3702 Ro-

509 3763 669 3802 mano
695 3746 1033 3815 signiﬁcavit.
1062 3744 1323 3814 Quocirca
1372 3753 1428 3798 et
1453 3745 1611 3813 hujus
1639 3741 1955 3797 mutationis
1998 3755 2111 3794 sua:

510 3846 705 3895 testem
733 3840 936 3894 clerum
966 3854 1121 3893 suum
1144 3837 1305 3906 epist.
1324 3837 1390 3891 ad
1409 3836 1690 3892 Ursacium
1710 3851 1765 3889 ιι.
1783 3835 1840 3898 2,
1856 3832 2109 3904 appellat.

513 3978 592 4019 ιι.
609 3992 680 4004 ——
699 3960 945 4034 Ejusdem
996 3960 1181 4017 littera:
1202 3959 1271 4014 ad
1289 3958 1646 4015 Constantium
1670 3956 2109 4027 eodemtempore.

587 4075 676 4132 12.
732 4076 934 4132 Eodem
969 4087 1213 4146 tempore
1237 4073 1487 4130 Liberius
1513 4074 1724 4128 litteras
1763 4087 1922 4142 super
1944 4071 2115 4128 Atha-

515 4170 657 4226 nasii
683 4170 898 4226 nomine
913 4185 1008 4242 per
1024 4169 1465 4225 Fartunatianum
1485 4167 1882 4239 Aquileiensem
1898 4166 2115 4236 episco-

514 4277 641 4332 pum
673 4261 740 4316 ad
769 4259 1143 4317 Constantium
1178 4260 1531 4332 perferendas
1556 4260 1740 4324 dedit,
1773 4268 1832 4314 ut
1856 4258 2017 4327 epist.
2048 4259 2115 4313 ad

511 4354 820 4410 Orientales
846 4354 962 4423 ipse
1003 4353 1257 4425 loquitur.
1284 4352 1517 4409 Litteras
1544 4351 1765 4408 easdem
1811 4349 2015 4405 indicat
2063 4357 2119 4404 ct

512 4451 672 4522 epist.
701 4450 767 4505 ad
799 4448 1101 4518 Ursacium,
1133 4466 1189 4505 ιι.
1217 4450 1275 4505 2.

517 4566 1142 4640 xu.—Liberiiepistola
1169 4565 1440 4621 decretalis
1486 4582 1577 4639 per
1626 4564 1915 4637 provincias
1963 4564 2121 4619 missa

1110 4661 1248 4715 circa
1273 4676 1395 4714 (mn.
1429 4657 1556 4714 562.

597 4778 685 4831 l5.
712 4777 939 4833 Siricius
955 4792 1088 4848 papa
1109 4777 1270 4848 epist.
1288 4774 1353 4831 ad
1381 4774 1590 4841 Osium,
1624 4790 1677 4829 ιι.
1703 4772 1762 4839 2,
1786 4787 1903 4841 eos,
1940 4771 2031 4842 qui
2053 4771 2121 4828 ab

526 4870 1049 4941 Arianishaptizatos
1077 4871 1255 4926 denuo
1284 4866 2005 4939 baptizabant,velicmenter
2023 4865 2125 4919 im-

528 4964 744 5037 probat,
761 4979 883 5020 cum
910 4966 1044 5020 alias
1074 4964 1144 5021 ob
1169 4978 1382 5031 causas,
1407 4971 1520 5018 tum
1536 4964 1763 5018 obhanc
1780 4962 2119 5028 nominatim,

526 5056 669 5132 quod
699 5055 839 5111 istud
856 5064 1253 5125 postcassatnm
1278 5056 1623 5111 Ariminense
1651 5053 1936 5110 concilium
1960 5059 2124 5108 missa

527 5153 594 5208 ad
641 5149 945 5224 provincias
976 5148 1350 5204 avcneranda:
1404 5148 1683 5204 memoria:
1726 5146 2126 5217 prmdecessore

528 5260 652 5302 meo
698 5241 915 5299 Liberio
959 5241 1230 5311 generalia
1284 5240 1501 5297 decreta
1549 5236 1888 5310 prohibeant.
1970 5237 2124 5295 Unde

526 5336 783 5407 colligere
808 5341 893 5391 est
913 5376 928 5401 ,
951 5331 1225 5389 Liberium
1281 5340 1404 5402 post
1448 5330 1737 5386 infaustum
1770 5331 2127 5388 Ariminensis

528 5429 746 5488 concilii
768 5430 970 5486 exitum
1001 5427 1272 5485 celebrata
1299 5427 1538 5500 synodo,
1568 5426 1854 5483 concilium
1886 5427 2016 5483 illud
2055 5429 2128 5483 ir-

529 5524 691 5581 ritum
751 5522 1090 5589 declarasse,
1141 5535 1206 5577 ac
1236 5520 1379 5575 varia
1437 5519 1682 5576 sanxisse
1711 5520 1959 5583 decreta,
2007 5533 2129 5589 quae

532 5620 801 5674 universae
825 5617 1078 5673 Ecclesia:
1100 5616 1316 5671 utilitati
1369 5614 1771 5682 conducerent,
1821 5628 1993 5685 eaque
2035 5628 2130 5684 per

532 5708 847 5782 synodalem
887 5708 1169 5779 epistolam
1200 5709 1254 5765 in
1289 5706 1590 5780 provincias
1609 5704 1838 5763 misisse.

2187 1779 2312 1834 nodi
2366 1781 2572 1835 litteras
2624 1793 2749 1834 suas
2799 1780 3002 1834 eisdem
3050 1779 3432 1842 crediderunt,
3490 1793 3636 1831 anno
3684 1778 3803 1833 365

2185 1872 2326 1927 circa
2359 1886 2601 1929 mensem
2630 1870 3001 1941 Septembrem
3028 1870 3276 1926 absoluta
3321 1872 3421 1932 sit,
3453 1870 3711 1941 sequitur
3743 1879 3808 1924 ut

2186 1978 2378 2020 omnes
2407 1966 2510 2019 illa:
2537 1965 2728 2019 litterae
2758 1965 2822 2019 ad
2851 1964 3099 2020 eumdem
3128 1978 3330 2018 annum
3375 1963 3486 2033 jam
3514 1963 3804 2018 labentem

2187 2059 2511 2128 pertineant.

2191 2154 2490 2209 xtv.—An
2514 2151 2750 2208 Liberius
2772 2154 2967 2209 litteras
2996 2155 3064 2208 ad
3094 2154 3383 2210 Orientales
3422 2154 3690 2225 scripserit
3736 2154 3809 2208 de

2766 2248 2970 2321 Spiritu
2983 2237 3201 2304 Sancto.

2265 2341 2352 2396 l5.
2395 2341 2733 2397 Sozomenus
2767 2342 3193 2397 controversiam
3242 2341 3312 2397 de
3356 2340 3590 2413 Spiritus
3619 2341 3808 2399 sancti

2193 2434 2396 2491 deitate
2422 2437 2472 2489 in
2494 2433 2717 2490 Oriente
2745 2434 3032 2492 excitatam
3065 2445 3279 2502 notans,
3314 2437 3386 2490 ita
3415 2436 3509 2495 lib.
3534 2453 3587 2491 vs
3605 2477 3623 2499 ,
3650 2452 3699 2492 c.
3724 2435 3807 2490 23

2195 2526 2433 2597 loquitur
2466 2544 2478 2580 :
2514 2547 2532 2579 ι
2565 2525 2698 2582 Cum
2728 2528 2843 2582 ba-c
2861 2528 3089 2599 quaestio
3111 2529 3430 2598 agitaretur,
3474 2537 3532 2584 et
3570 2537 3807 2585 conteu-

2195 2617 2361 2674 dendi
2393 2619 2575 2675 studio
2601 2621 2773 2689 magis
2799 2621 3077 2691 magisque
3102 2620 3156 2675 in
3183 2621 3303 2677 dies
3322 2634 3595 2678 cresceret
3615 2667 3631 2690 ,
3656 2623 3811 2691 epis-

2196 2725 2366 2781 copas
2397 2712 2545 2767 urbis
2577 2711 2791 2781 Romtu,
2824 2728 2883 2767 re
2912 2723 3187 2783 comperta
3208 2754 3225 2777 ,
3267 2715 3487 2785 scripsit
3504 2713 3571 2769 ad
3601 2714 3807 2769 Orien-

2202 2803 2270 2857 tis
2300 2803 2587 2868 ecclesias,
2622 2811 2683 2857 ut
2709 2804 3026 2859 Trinitatem
3081 2805 3593 2862 consubstantialem
3618 2817 3671 2861 et
3702 2806 3808 2861 ho-

2202 2910 2336 2951 nore
2388 2897 2669 2967 gloriaque
2718 2896 2979 2967 aequalem
3039 2912 3144 2952 una
3189 2912 3313 2953 cum
3361 2896 3807 2954 Occidentalibus

2203 2988 2473 3058 episcopis
2525 2990 2942 3045 conﬁterentur.
2972 2989 3090 3058 Quo
3122 2989 3297 3057 facto,
3353 2999 3541 3059 utpote
3583 3000 3810 3047 contra.

2080 3088 2096 3115 ’
2127 3075 2173 3138 C
2206 3080 2377 3136 versia
2398 3079 2605 3152 judicio
2648 3082 2904 3138 Romana:
2949 3085 3192 3139 ecclesia:
3231 3084 3550 3150 terminata,
3606 3085 3810 3155 singuli

2203 3172 2489 3242 quievere:
2514 3188 2685 3244 eaque
2711 3175 2940 3244 qumtio
2969 3174 3129 3230 linem
3155 3177 3434 3245 accepisse
3457 3176 3803 3231 videbatur.»

2205 3265 2409 3334 Quibus
2431 3266 2589 3321 dictis
2620 3266 2992 3333 Sozomenus,
3023 3282 3141 3337 cap.
3172 3267 3277 3335 2'5,
3322 3267 3527 3324 Liberii
3576 3280 3814 3325 mortem

2208 3375 2430 3415 narrare
2459 3358 2649 3431 incipit
2674 3360 2756 3415 bis
2786 3359 2968 3415 verbis
2997 3378 3010 3412 :
3046 3379 3066 3412 ι
3092 3359 3195 3415 Per
3222 3359 3364 3416 idem
3405 3370 3614 3428 tenipus
3667 3376 3815 3416 mor-

2207 3461 2302 3510 tuo
2325 3452 2541 3508 Liberio
2560 3494 2575 3517 ,
2608 3453 2866 3508 Damasus
2919 3452 3177 3508 Romana:
3206 3453 3352 3508 sedis
3381 3452 3816 3507 administratio-

2211 3561 2336 3600 nem
2364 3545 2623 3616 suscepit.
2656 3566 2675 3596 s
2704 3544 2970 3613 Quocirca
2990 3545 3036 3599 si
3063 3560 3149 3599 res
3175 3543 3472 3599 secundum
3494 3553 3814 3599 accuratum

2213 3639 2471 3708 temporis
2492 3637 2737 3693 ordinem
2761 3638 3099 3694 Suzomenus
3118 3646 3343 3707 narrat,
3373 3638 3687 3695 censendus
3732 3648 3817 3694 est

2214 3731 2462 3788 Liberius
2483 3731 2759 3801 aliquanto
2785 3740 2913 3786 ante
2943 3742 3172 3788 mortem
3198 3732 3265 3786 ad
3288 3732 3546 3786 ecclesias
3569 3730 3817 3787 Orientis

2214 3823 2423 3879 litteras
2449 3823 2694 3889 dedisse,
2729 3824 2924 3894 quibus
2962 3830 3019 3878 et
3038 3824 3354 3879 Trinitatem
3382 3825 3821 3879 consubstantia-

2215 3915 2342 3982 lem,
2365 3926 2420 3971 et
2446 3915 2703 3985 Spiritum
2724 3923 2968 3971 sanctmn
2995 3916 3139 3970 Patri
3156 3927 3208 3970 et
3240 3915 3378 3970 Filio
3406 3916 3675 3986 atqualem
3698 3931 3822 3970 esse

2215 4008 2538 4073 deﬁniebat;
2569 4010 2668 4062 nisi
2698 4009 2835 4062 forte
2864 4010 2931 4063 ad
2959 4008 3155 4064 Liberii
3193 4014 3441 4077 tempora
3485 4005 3542 4061 id
3588 4006 3734 4077 quod
3786 4024 3818 4060 a

2218 4100 2451 4156 Damaso
2475 4102 2547 4156 sit
2572 4109 2822 4172 gestum,
2867 4110 3197 4172 praepostere
3244 4100 3580 4157 Sozomenus
3615 4102 3821 4157 retule-

2217 4194 2321 4261 rit;
2348 4192 2494 4265 quod
2525 4193 2740 4250 videtur
2762 4195 3115 4266 probabilius.

2723 4304 2812 4344 xv.
2836 4286 3099 4343 —Liberii
3116 4287 3319 4345 Sermo.

2291 4381 2380 4437 16.
2414 4380 2694 4437 Tacendus
2749 4382 2835 4436 hic
2878 4397 2984 4437 non
3023 4391 3105 4438 est
3139 4383 3333 4438 Sermo
3364 4397 3394 4437 a
3421 4381 3669 4447 Liberio,
3697 4397 3819 4437 cum

2141 4465 2193 4526 D
2221 4473 2274 4529 in
2294 4474 2592 4530 Salvatoris
2612 4473 2811 4541 natali,
2843 4492 2863 4527 ι
2889 4474 2959 4529 ad
2988 4475 3306 4544 Apostolum
3335 4474 3579 4539 Petrum,
3605 4493 3627 4526 ι
3684 4473 3825 4528 Μιτ-

2224 4568 2474 4626 cellinam
2500 4569 2776 4624 Ambrosii
2825 4582 3070 4623 sororem
3105 4567 3234 4623 dato
3288 4568 3615 4638 virginitatis
3668 4566 3825 4621 vela.

2224 4662 2369 4717 mine
2397 4661 2714 4716 solemniter
2761 4675 2826 4715 ac
2856 4659 3067 4730 publice
3091 4666 3470 4727 consecraret,
3502 4658 3744 4723 habitus,
3765 4665 3827 4712 et

2224 4756 2294 4811 ab
2324 4755 2612 4810 Ambrosio
2639 4757 2755 4826 ipso
2785 4754 2858 4811 lib
2905 4770 2966 4809 ιιι
2985 4753 3053 4810 de
3080 4753 3386 4825 Virginibus
3420 4768 3471 4808 c.
3494 4768 3535 4817 ι,
3562 4751 3601 4805 2
3642 4761 3701 4808 et
3751 4752 3823 4818 5,

2229 4851 2326 4909 sed
2344 4894 2359 4919 ,
2388 4856 2450 4906 ut
2469 4850 2696 4907 eruditis
2729 4850 2941 4920 placet,
2963 4857 3169 4905 mutata
3193 4847 3407 4904 dicendi
3435 4847 3639 4903 ratione
3684 4847 3829 4901 rela-

2231 4958 2341 5004 tus.
2386 4946 2502 5002 lloc
2549 4947 2602 5001 in
2649 4953 2882 5000 tractatu
2933 4945 3179 5001 Liberius
3224 4944 3399 5013 primo
3461 4940 3824 4996 Mareellinam

2229 5056 2351 5113 qua:
2377 5040 2443 5096 ad
2474 5039 2635 5096 [idem
2661 5039 2893 5093 attinent
2916 5037 3110 5103 docet,
3136 5045 3247 5090 tum
3270 5036 3319 5090 ei
3344 5040 3608 5104 praecepta
3658 5030 3830 5086 tradit

2230 5133 2532 5205 virginibus
2578 5146 2857 5202 congrua:
2892 5145 3013 5202 qua:
3060 5128 3275 5201 quidem
3332 5126 3648 5182 Ambrosius
3700 5124 3829 5178 ideo

2232 5228 2510 5286 revolvere
2535 5241 2594 5281 se
2621 5226 2725 5289 ait;
2754 5244 2774 5278 ι
2807 5233 2864 5280 ιιι
2883 5239 2988 5295 quo
3009 5224 3090 5279 vir
3116 5221 3374 5289 sanctior,
3415 5235 3482 5276 eo
3515 5232 3694 5275 sermo
3736 5231 3830 5272 ac-

2229 5321 2388 5379 cedat
2411 5319 2668 5392 gratior.)

2552 5428 2662 5469 xvt.
2681 5441 2753 5454 -—
2769 5411 2976 5480 Scripta
3002 5407 3203 5464 Liberio
3222 5407 3511 5480 supposita.

2304 5511 2392 5566 17.
2435 5508 2704 5564 Praeterea
2743 5520 2902 5560 unam
2936 5496 3822 5568 LiberiiadOrientalescpistolam

2231 5604 2301 5660 ab
2343 5600 2557 5659 Arianis
2602 5598 2967 5670 suppositam,
3007 5593 3134 5649 item
3186 5592 3443 5662 scriptum
3491 5589 3690 5646 Liberii
3758 5588 3825 5643 ad

2235 5699 2585 5756 Athanasium
2610 5736 2623 5763 ,
2661 5704 2709 5751 ct
2742 5689 3017 5748 Athanasii
3070 5685 3135 5744 ad
3177 5680 3428 5744 eumdem
3473 5679 3818 5756 rescriptum,
