4106 6184
283 178 424 235 1543

1040 185 1395 245 ΟΒΑΊὈΙΗΟ
1435 189 1687 246 LIBEltll
1733 190 2232 253 MARCELLINAM
2270 197 2813 261 CONSECRANTIS.

3430 213 3574 272 1516

276 311 481 350 necnon
513 296 761 368 antiqua,
817 299 910 355 sed
954 300 1237 360 falsissima
1283 306 1478 364 Liberii
1522 318 1704 378 gesta,
1741 311 1866 364 tomi

1975 311 2162 368 diebus
2196 315 2355 370 nulla:
2387 316 2535 378 lites,
2573 336 2591 369 ι
2619 318 3044 388 θςῑ(ἰτιι)ἱιιιιειι“ἰε
3073 319 3353 379 Theodulﬁ
3401 325 3574 383 Aure-

275 388 434 457 ltujus
462 392 728 461 appendix
757 393 1048 451 exhibebit.

343 485 432 541 18.
455 487 639 543 Eidem
675 491 1078 559 paptelsidorus
1114 493 1375 551 Mercator
1390 500 1669 570 supposuit
1705 501 1873 557 Atha-

272 577 406 633 nasii
448 591 500 632 et
523 580 897 653 Egyptiorum
923 587 1140 642 nomine
1161 604 1224 643 ex
1257 591 1622 648 Alexandrina
1662 597 1869 665 synodo

271 672 525 741 scriptam
551 675 832 745 epistolam
857 720 872 743 ,
895 679 980 733 cui
1009 695 1162 749 :cque
1191 680 1438 738 ﬁctilium
1467 685 1665 752 adjecit
1710 685 1867 742 Libe-

271 763 336 817 rii
367 763 530 833 ipsius
555 766 621 820 ad
643 767 860 823 eosdem
885 772 1226 842 rescriptum.
1262 773 1559 846 Utrumque
1581 793 1716 849 opus
1743 795 1864 834 cum

271 858 480 914 cmleris
505 858 621 929 ejus
644 860 910 931 ﬁgmentis
950 865 1038 918 alii
1069 874 1214 922 torno
1234 883 1531 925 servamus.

450 993 783 1051 Decrelorum
807 997 1008 1054 Liberio
1032 1002 1405 1074 adscriptorum
1441 1005 1685 1062 Censura.

344 1131 432 1186 19.
466 1130 522 1184 In
548 1131 875 1188 editiouibus
916 1136 1266 1192 conciliorum
1313 1139 1410 1194 tria
1452 1142 1865 1197 rel'erunturLi-

268 1224 404 1280 berii
431 1240 568 1280 nova
592 1224 805 1282 decreta
831 1243 896 1283 ex
919 1229 1104 1286 codice
1129 1241 1338 1287 vetusto
1373 1234 1459 1298 16,
1485 1234 1743 1290 librorum
1768 1237 1859 1290 lib.

269 1334 384 1384 xui,
412 1334 531 1388 cap.
589 1321 646 1387 9,
684 1321 749 1377 10
797 1331 850 1376 et
879 1322 967 1376 12.
1001 1324 1199 1380 Eadem
1232 1326 1422 1382 eodem
1469 1330 1686 1386 nomine
1737 1339 1792 1386 et
1833 1346 1863 1386 a

267 1410 580 1466 Burcliardo
605 1413 697 1468 lib.
734 1429 822 1468 xui
842 1456 856 1480 ,
887 1429 936 1470 c.
967 1416 1052 1483 15,
1093 1418 1155 1472 14
1184 1427 1238 1473 ct
1264 1420 1350 1487 l8,
1379 1436 1587 1476 necnon
1611 1422 1679 1478 ab
1703 1421 1866 1479 lvone

267 1521 320 1576 p.
348 1507 410 1573 .l,
434 1521 483 1560 c.
514 1507 584 1564 46
607 1549 622 1574 ,
647 1509 712 1562 47
744 1516 798 1563 et
828 1508 898 1564 50
930 1509 1235 1567 laudantur.

317 1598 396 1653 Ex
422 1601 504 1655 liis
526 1601 777 1671 primum,
803 1604 943 1673 quod
967 1603 1036 1658 ita
1060 1605 1279 1676 incipit:
1311 1627 1329 1658 ι
1361 1609 1416 1662 In
1434 1608 1516 1664 his
1532 1609 1863 1680 jejuniorum

1983 403 2240 461 lianensis
2266 408 2503 479 episc0pi
2533 411 2822 480 capitulum
2845 412 2934 467 42.

2050 499 2324 566 Alterum,
2377 501 2530 572 cujus
2575 513 2658 558 est
2707 506 2812 560 ltoc
2861 505 3104 572 initium,
3137 526 3155 558 ι
3184 509 3575 569 Abstinendum

1981 598 2062 645 est
2090 593 2235 647 enim
2270 593 2319 648 in
2351 595 2434 650 his
2457 597 2841 651 sacratissimis
2887 597 3080 654 diebus
3109 616 3136 652 a
3168 603 3517 674 conjugibus,
3550 625 3571 659 ι

1979 693 2061 737 est
2080 683 2412 753 Capitularis
2434 686 2676 757 ejusdem
2702 704 2935 760 sequens
2961 692 3273 762 capitulum.

2052 776 2324 847 Tertium,
2347 781 2492 850 quod
2519 781 2829 839 enuntiatur
2885 786 2938 839 in
2992 785 3133 841 hunc
3165 788 3418 858 modum,
3459 809 3478 844 ι
3519 792 3574 848 Si

1978 868 2222 922 evenerit
2252 869 2458 937 futues,
2512 873 2849 944 inrequalitas
2900 876 3082 944 aeris,
3139 880 3442 949 pestilentia
3492 884 3580 940 vel

1975 964 2080 1019 alia
2102 966 2510 1038 qualiscumque
2542 971 2854 1033 tribulatio.
2906 974 3087 1029 statim
3126 974 3382 1046 jejuuiis,
3430 979 3576 1036 elec-

1975 1058 2216 1129 mosynis
2245 1067 2300 1114 et.
2324 1059 2793 1120 obsecrationibus
2825 1065 3033 1119 Domini
3081 1067 3452 1126 misericordia
3480 1071 3579 1127 tie-

1973 1162 2244 1220 precetur,
2282 1171 2302 1207 ι
2361 1169 2681 1225 expressum
2721 1173 2788 1212 ex
2837 1158 2978 1214 libro
3026 1176 3041 1215 ι
3083 1160 3576 1232 Capitularium,c.

1969 1247 2106 1313 118,
2169 1249 2257 1304 ubi
2285 1249 2513 1320 legimus
2561 1265 2573 1304 :
2635 1269 2652 1302 ι
2716 1251 2793 1307 De
2835 1252 2936 1308 hoc
2992 1254 3037 1309 si
3088 1260 3330 1313 evenerit
3372 1258 3576 1328 fames,

1969 1339 2276 1409 pestilentia
2299 1382 2313 1406 ,
2357 1341 2692 1414 insequalitas
2718 1347 2898 1415 aeris,
2924 1346 3008 1401 vel
3039 1348 3140 1402 alia
3175 1349 3577 1423 qualiscumque

1971 1431 2284 1499 tribulatio,
2337 1449 2442 1488 non
2483 1445 2826 1505 exspectetur
2872 1438 3109 1496 edictum
3159 1450 3437 1512 nostrum,
3480 1445 3575 1501 sed

1968 1525 2150 1579 statim
2178 1525 2502 1596 deprecetur
2525 1528 2894 1586 misericordia
2920 1532 3030 1588 Dei.
3047 1553 3065 1585 ›

279 1728 3570 1776 ————————_—________.____._.____________________

1227 1854 1617 1941 OPERA
1684 1859 1963 1968 QUfE
2019 1862 2599 1953 EXSTANT.

319 2097 578 2155 ORATIO
614 2099 1110 2157 MARCELLlNAM
1152 2102 1210 2158 S.
1254 2100 1585 2160 AMBROSII
1622 2102 1951 2159 SOROREM
1994 2107 2180 2164 DATO
2221 2109 2688 2172 VIRGlNlTATIS
2733 2115 2914 2175 γεω
2951 2118 3495 2184 CONSECRANTIS.

1574 2219 1592 2291 (
1614 2217 1697 2274 Ea:
1724 2219 1971 2276 Biblioth.
2002 2222 2274 2299 Galland.)

340 2328 379 2382 Ι.
411 2329 606 2395 Bonas,
640 2329 766 2391 lilia.
797 2333 1011 2402 nuptias
1033 2331 1468 2408 (l)desiderasti.
1491 2332 1656 2390 Vides
1688 2351 1855 2404 quan-
1885 2339 1935 2400 B
1965 2337 2199 2406 inquam,
2235 2341 2420 2415 dilige.
2454 2345 2572 2416 Ipse
2615 2357 2698 2404 est
2726 2367 2886 2422 quem
2919 2353 3078 2411 Pater
3117 2359 3304 2429 genuit
3328 2370 3453 2417 ante
3480 2361 3565 2418 lu-

258 2429 351 2477 ius
371 2424 440 2478 ad
466 2425 701 2479 natalem
733 2423 928 2495 Sponsi
955 2428 1026 2482 tui
1052 2430 1281 2498 populus
1303 2430 1637 2495 convenerit,
1670 2439 1724 2486 et
1755 2446 1853 2485 ne-

255 2531 348 2571 mo
377 2514 636 2586 impastus
677 2519 916 2574 recedit?
943 2519 1039 2574 llic
1065 2530 1146 2574 cst
1176 2522 1264 2592 qui
1295 2531 1514 2592 rogatus
1543 2522 1609 2578 ad
1642 2525 1854 2593 nuptias

252 2624 452 2680 aquam
482 2609 535 2664 in
569 2612 688 2665 vina
716 2613 982 2667 Convertit
1018 2613 1200 2684 (Joan.
1237 2631 1297 2680 ιι,
1327 2616 1359 2670 9
1390 2614 1430 2686 ).
1466 2615 1523 2670 In
1559 2626 1609 2672 te
1642 2632 1856 2686 quoque

254 2702 532 2758 sincerum
585 2717 980 2761 sacramentum
1033 2706 1275 2762 conferet
1319 2709 1672 2779 virginitatis,
1734 2727 1853 2782 qua:

256 2799 413 2868 prius
443 2815 564 2854 eras
593 2801 823 2854 obnoxia
850 2801 1044 2856 vilibus
1067 2813 1270 2857 natura:
1293 2804 1589 2858 materialis
1615 2805 1858 2860 elemen-

258 2891 348 2945 tis.
386 2890 483 2945 Hic
512 2899 596 2946 est
623 2891 714 2960 qui
735 2893 969 2962 quinque
998 2894 1222 2962 panibus
1265 2903 1320 2951 et
1362 2895 1572 2951 duobus
1618 2897 1860 2966 piscibus

257 2992 495 3054 quatuor
526 2983 690 3037 millia
734 2984 914 3053 populi
944 2985 995 3038 in
1025 2986 1243 3041 deserto
1286 2990 1448 3056 pavit.
1481 2987 1629 3060 (Luc.
1664 3007 1739 3056 ιιι,
1774 2991 1860 3045 15.

259 3085 308 3132 ct
336 3076 494 3145 seq.).
534 3075 722 3131 Plures
751 3077 944 3146 potuit.
976 3079 1019 3131 si
1055 3079 1234 3148 plures
1260 3080 1371 3150 jam
1405 3091 1530 3137 tunc
1556 3083 1646 3153 qui
1683 3099 1864 3153 pasce-

259 3179 482 3235 rentur,
516 3168 760 3223 fuissent.
798 3169 1044 3241 Denique
1085 3171 1150 3226 ad
1182 3181 1298 3228 tuas
1324 3175 1535 3245 nuptias
1568 3178 1745 3245 plures
1777 3194 1870 3234 ιο-

261 3266 411 3318 cavit
435 3279 447 3314 :
478 3261 571 3317 sed
599 3261 710 3332 jam
737 3278 842 3317 non
877 3265 1030 3333 panis
1059 3281 1124 3320 ex
1151 3265 1375 3335 hordeo,
1423 3268 1518 3323 sed
1546 3284 1741 3341 corpus
1768 3272 1870 3326 mi-

256 3357 526 3411 nistratur
548 3371 579 3409 e
607 3355 766 3412 ctelo.

337 3449 402 3504 ll.
449 3448 617 3503 i-lodic
643 3449 859 3519 quidem
894 3451 1195 3506 secundum
1220 3452 1492 3510 hominem
1525 3455 1684 3510 homo
1711 3467 1868 3514 natus

1963 2429 2188 2485 cil‘erum
2216 2433 2388 2503 (I’sal.
2421 2451 2532 2505 crs,
2562 2442 2596 2494 5
2627 2444 2671 2508 ),
2702 2453 2759 2496 ιιι
2784 2453 3043 2501 internum
3071 2467 3084 2503 :
3111 2465 3182 2504 ex
3226 2461 3379 2508 utero
3404 2469 3569 2526 gene-

1964 2521 2122 2586 ravit,
2156 2531 2211 2577 ut
2240 2523 2436 2580 Filium
2463 2545 2475 2579 :
2507 2544 2571 2584 ex
2601 2531 2764 2588 corde
2791 2536 3055 2592 cruciavit
3081 2537 3254 2610 (Psal.
3281 2521 3430 2609 thv,
3461 2543 3495 2598 2
3524 2545 3568 2617 ),

1964 2619 2024 2664 ut
2047 2610 2304 2670 Verbum.
2339 2614 2460 2686 ipse
2481 2631 2558 2676 est
2586 2622 2637 2676 in
2665 2639 2774 2693 quo
2803 2627 3130 2697 complacuit
3153 2631 3314 2689 Pater
3343 2610 3560 2707 (Manli.

1963 2720 2098 2772 xvn,
2134 2706 2167 2760 5
2198 2708 2217 2780 )
2248 2727 2260 2762 :
2294 2711 2408 2780 ipse
2437 2724 2518 2768 est
2549 2715 2724 2772 Patris
2750 2717 3052 2789 brachium,
3095 2726 3219 2794 quia
3247 2706 3464 2786 creator
3485 2741 3570 2788 est

1965 2800 2203 2854 omnium
2237 2819 2249 2854 :
2280 2803 2455 2858 Patris
2480 2807 2765 2876 sapientia,
2799 2813 2921 2881 quia
2952 2831 3018 2869 ex
3047 2815 3140 2870 Dei
3166 2833 3260 2871 ore
3301 2823 3569 2889 processit

1968 2889 2009 2960 (t
2059 2889 2177 2944 Cor.
2215 2908 2254 2959 ι,
2294 2892 2404 2966 50)
2435 2916 2449 2950 ;
2480 2897 2653 2953 Patris
2700 2901 2890 2969 virtus,
2929 2907 3050 2974 quia
3081 2905 3375 2966 divinitatis
3405 2911 3458 2966 in
3501 2929 3569 2969 eo

1967 2987 2324 3054 corporaliter
2363 2988 2567 3046 habitat
2608 2993 2885 3062 plenitudo
2933 2998 3153 3069 (Coloss.
3184 3019 3242 3069 ιι,
3269 3005 3301 3059 9
3333 3003 3376 3076 ).
3405 3007 3574 3076 Quem

1971 3079 2130 3133 Pater
2152 3082 2221 3134 ita
2250 3081 2437 3152 diligit,
2473 3096 2528 3138 ut
2558 3087 2609 3140 iu
2638 3089 2757 3143 sinu
2782 3100 2978 3160 portet,
3008 3095 3074 3150 ad
3102 3096 3379 3156 dexteram
3406 3103 3570 3174 locet;

1973 3179 2029 3222 ut
2055 3171 2368 3240 sapientiam
2393 3176 2588 3244 discas,
2622 3182 2868 3237 virtutem
2902 3188 3131 3242 noveris.

2043 3263 2130 3317 ιν.
2172 3263 2226 3320 Si
2277 3267 2436 3338 igitur
2482 3271 2651 3328 virtus
2701 3275 2793 3330 Dei
2840 3277 3108 3350 Christus,
3162 3288 3420 3358 numquid
3472 3292 3572 3348 ali-

1971 3359 2186 3427 quando
2225 3361 2340 3416 sine
2387 3364 2580 3421 virtute
2611 3367 2791 3424 Deus?
2837 3370 3106 3443 Numquid
3134 3378 3422 3450 aliquando
3449 3387 3570 3446 sine

1973 3449 2110 3506 Filio
2141 3453 2336 3508 Pater?
2368 3456 2421 3511 Si
2468 3473 2682 3528 semper
2713 3463 2892 3532 utique
2927 3466 3102 3532 Pater,
3151 3449 3334 3544 utique
3359 3491 3576 3549 semper

259 3559 333 3598 (ιχ
365 3543 590 3611 virgine,
626 3543 718 3599 sed
763 3552 890 3599 ante
916 3547 1092 3600 omnia
1123 3559 1409 3617 generatus
1450 3565 1514 3605 οχ
1543 3551 1700 3606 patre
1729 3571 1742 3605 ε
1767 3553 1864 3622 qui
1891 3552 1935 3615 ο
1970 3551 2019 3595 et
2055 3543 2235 3600 Filius.
2293 3545 2519 3603 Pcrl‘ecti
2569 3566 2696 3622 ergo
2737 3553 2911 3610 Patris
2941 3559 3210 3628 perfectus
3251 3575 3334 3621 est
3380 3543 3571 3627 Fili-us.

261 3647 498 3692 matrem
535 3653 784 3707 corpore,
818 3638 1013 3694 virtute
1043 3641 1238 3695 referat
1277 3641 1512 3697 Patrem.
1546 3642 1863 3714 Unigcnitus

261 3730 320 3784 in
359 3729 537 3796 terris,
572 3730 878 3798 unigenitus
922 3732 974 3785 in
1014 3734 1151 3788 casio
1182 3751 1194 3787 :
1229 3734 1368 3789 Deus
1405 3751 1468 3790 ex
1500 3735 1632 3803 Deo,
1681 3747 1864 3807 partus

261 3840 334 3879 ex
382 3823 585 3892 virgine
615 3841 626 3874 :
651 3823 857 3892 justitia
885 3823 952 3879 de
996 3824 1175 3890 Patre,
1214 3828 1386 3881 virtus
1413 3827 1480 3882 de
1512 3837 1750 3897 potente,
1785 3831 1864 3884 lu-

260 3931 399 3975 men
426 3932 490 3970 ex
514 3916 715 3972 lumine
747 3935 760 3970 :
794 3932 898 3971 non
922 3918 1094 3987 impar
1116 3919 1444 3988 generantis,
1470 3935 1575 3974 non
1600 3931 1864 3991 potestate

262 4011 574 4066 discretus:
606 4027 709 4065 non
738 4011 886 4066 verbi
918 4012 1253 4077 extensione,
1286 4021 1376 4066 aut
1407 4012 1706 4082 prolatione
1737 4029 1864 4068 con-

261 4104 446 4169 fusus,
481 4111 538 4156 ut
565 4117 686 4158 cum
714 4103 871 4157 Patre
911 4103 1132 4169 mixtus,
1167 4103 1259 4158 sed
1303 4115 1357 4158 ut
1389 4120 1419 4158 a
1452 4105 1610 4160 Patre
1639 4122 1866 4176 genera-

265 4195 436 4250 tionis
458 4194 581 4263 jure
606 4195 890 4249 distinctus
912 4195 980 4249 sit
1006 4212 1018 4248 :
1049 4195 1161 4264 ipse
1182 4205 1264 4250 est
1290 4196 1556 4252 fraternus
1580 4209 1720 4262 tuus,
1753 4197 1868 4255 sine

264 4303 383 4358 quo
406 4302 504 4340 nec
524 4286 762 4342 cmlestia
785 4302 884 4342 nec
904 4286 1105 4341 marina
1131 4302 1230 4342 nec
1252 4289 1524 4344 terrestria
1545 4290 1865 4346 consistunt.

267 4380 512 4436 Verbum
533 4379 706 4434 Patris
738 4379 937 4434 bonum
967 4378 1140 4451 (Cant.
1171 4396 1228 4446 v,
1255 4381 1328 4453 1),
1353 4381 1495 4452 quod
1523 4393 1649 4451 erat,
1675 4384 1866 4454 inquit,

264 4477 324 4528 in
354 4473 611 4543 principio
637 4471 818 4543 (Joan.
849 4489 889 4537 ι,
920 4474 955 4529 5
999 4483 1043 4526 et
1073 4473 1206 4544 seq.)
1235 4491 1254 4527 .'
1300 4475 1464 4530 babes
1512 4475 1630 4545 ejus
1657 4477 1870 4530 :rterui-

266 4578 463 4622 tatem.
516 4565 581 4620 Et
620 4576 749 4634 erat,
796 4566 988 4636 inquit,
1020 4567 1162 4636 apud
1201 4565 1458 4622 Patrem:
1488 4567 1654 4624 babes
1702 4569 1864 4623 indis-

263 4667 479 4715 cretam
510 4673 541 4710 a
581 4658 758 4725 Patre,
791 4657 1308 4728 inseparabilemqne
1336 4660 1604 4714 virtutem.
1639 4659 1708 4714 Et
1734 4659 1873 4716 Deus

265 4762 383 4808 erat
425 4749 639 4804 Verbum
668 4767 686 4805 :
713 4750 880 4806 habes
907 4751 1197 4821 ingenitam
1247 4751 1363 4822 ejus
1391 4752 1756 4818 divinitatem;
1804 4753 1872 4810 de

264 4843 599 4913 compendio
638 4845 778 4899 enim
814 4844 908 4899 tibi
936 4843 1067 4900 ﬁdes
1088 4857 1167 4900 est
1193 4844 1507 4901 haurienda.

346 4936 438 4992 lll.
485 4936 655 5000 llunc,
680 4936 810 5003 lilia,
833 4937 1015 5007 dilige,
1041 4937 1163 5007 quia
1187 4938 1361 4992 bonus
1384 4949 1466 4993 est
1492 4956 1506 4994 :
1538 4938 1705 4994 Nemo
1727 4941 1871 4996 enim

268 5030 442 5086 bonus
487 5030 585 5083 nisi
609 5046 738 5083 unus
761 5029 921 5084 Deus.
969 5029 1119 5103 (Luc.
1152 5047 1304 5097 xvnr,
1338 5031 1446 5098 19).
1509 5031 1563 5087 Si
1595 5032 1738 5087 enim
1771 5049 1876 5088 non

268 5122 556 5181 dubitatur
576 5124 709 5194 quia
761 5123 898 5178 Deus
923 5122 1112 5188 Filius,
1148 5122 1290 5178 Deus
1317 5133 1496 5179 autem
1538 5124 1709 5180 bonus
1755 5135 1876 5180 est:

272 5218 469 5287 utique
494 5231 600 5270 non
629 5215 922 5284 dubitatur,
957 5217 1080 5286 quia
1112 5216 1252 5272 Deus
1289 5217 1458 5272 bonus
1487 5217 1672 5273 Filius.
1703 5218 1876 5287 llunc,

353 5437 439 5508 (-l)
464 5437 598 5492 Huic
620 5436 738 5490 loco
776 5439 872 5490 ista
912 5435 1184 5508 prremittit
1231 5436 1288 5491 S.
1336 5435 1686 5500 Ambrosius},
1720 5451 1877 5491 soro-

273 5507 427 5568 rem’
459 5523 608 5564 suam
659 5509 973 5577 alloquens:
1011 5528 1036 5591 ,ι
1075 5507 1310 5591 Tempus
1354 5515 1472 5591 est,
1523 5523 1680 5563 soror
1722 5524 1879 5591 sanc-

277 5592 362 5645 ta,
399 5593 460 5633 ea
491 5595 610 5649 quin
653 5594 860 5634 mecum
904 5579 1148 5633 conlerre
1196 5583 1356 5643 soles,
1405 5579 1573 5634 beatae
1603 5581 1879 5636 memoria:

279 5655 501 5711 Ltnsan
530 5659 793 5734 pra-cepta
835 5651 1142 5734 revolvere;
1176 5661 1234 5704 ut
1261 5666 1366 5734 quo
1407 5651 1490 5706 vir
1528 5652 1784 5734 sapctior,
1812 5667 1879 5734 eo

284 5739 478 5784 sermo
515 5720 727 5779 accedat
769 5722 987 5795 gratior.
1037 5720 1290 5793 Namque
1331 5723 1406 5791 is,
1437 5738 1559 5779 cum
1584 5722 1879 5780 Salvatoris

1901 4902 1951 4962 D

1968 3634 2101 3690 Nam
2132 3639 2219 3706 qui
2249 3639 2431 3695 virtuti
2458 3641 2698 3714 derogat,
2729 3649 2776 3702 ei
2819 3648 3041 3721 derogat
3081 3655 3236 3725 cujus
3269 3669 3353 3714 est
3378 3663 3571 3722 virtus.

1969 3729 2390 3799 Inaiqualitatem
2433 3750 2538 3790 non
2582 3739 2772 3808 recipit
2809 3743 3040 3810 perlecta
3093 3749 3364 3811 divinitas.
3403 3757 3574 3833 Dilige

1975 3821 2137 3893 igitur
2167 3841 2323 3896 quem
2389 3828 2546 3884 Pater
2573 3831 2742 3903 diligit
2773 3851 2787 3889 :
2818 3834 3134 3909 honoriﬁca,
3168 3862 3328 3917 quem
3359 3821 3579 3911 honori-

1972 3917 2093 3973 ﬁcat
2123 3919 2314 3975 Pater:
2348 3923 2449 3988 Qui
2469 3924 2610 3979 enim
2636 3944 2738 3983 non
2767 3929 3072 4003 honori/ica!
3101 3936 3315 4010 Filium,
3353 3963 3455 4000 non
3479 3949 3576 4002 Ito-

1976 4013 2208 4080 noriﬁcat
2256 4013 2480 4071 Putrem.
2517 4018 2584 4072 Et
2625 4023 2714 4091 qui
2753 4036 2904 4095 negat
2951 4027 3166 4100 Filium,
3219 4052 3310 4091 nec
3361 4038 3573 4099 Patrem

1979 4104 2129 4159 liabet
2161 4104 2339 4176 (Joan.
2367 4124 2418 4174 v,
2451 4110 2564 4180 25).
2596 4111 2722 4170 Hice
2752 4128 3008 4187 quantum
3037 4123 3103 4178 ad
3133 4124 3314 4183 ﬁdem.

2053 4196 2114 4252 V.
2161 4197 2265 4254 Sed
2291 4200 2556 4257 interdum
2585 4206 2748 4264 etiam
2788 4226 2908 4267 cttm
2941 4213 3075 4272 ﬁdes
3115 4227 3226 4275 tuta
3256 4222 3348 4291 sit,
3375 4225 3572 4290 juven-

1980 4295 2063 4342 tus
2089 4299 2338 4360 suspecta
2363 4299 2466 4347 est.
2502 4295 2712 4353 Modico
2748 4299 2926 4373 itaque
2953 4306 3078 4362 vino
3108 4319 3281 4380 utere,
3322 4330 3391 4372 ne
3424 4319 3572 4376 inﬁr-

1977 4381 2216 4436 mitatem
2265 4387 2506 4456 corporis
2555 4405 2749 4461 augeas
2801 4392 2838 4464 (t
2893 4394 3026 4453 Tim.
3081 4415 3134 4468 v,
3166 4404 3306 4475 25),
3357 4424 3464 4466 non
3515 4419 3574 4467 ut

1971 4473 2298 4544 voluptatem
2321 4479 2555 4547 excites;
2599 4484 2891 4542 incendunt
2919 4490 3061 4548 enim
3099 4473 3300 4564 pariter
3327 4500 3455 4569 duo,
3492 4505 3573 4559 vi-

1975 4581 2100 4620 num
2123 4577 2177 4622 et
2197 4568 2576 4628 adolescentia.
2603 4573 2877 4634 lnl‘renent
2906 4583 3066 4639 etiam
3091 4597 3333 4648 teneram
3356 4568 3572 4655 atatem

1970 4657 2194 4729 jejuuia,
2228 4671 2282 4716 et
2312 4666 2642 4732 parcimonia
2673 4669 2777 4724 cibi
2808 4675 3117 4734 retinui-alis
3139 4681 3460 4752 quibusdam
3490 4691 3576 4748 in-

1976 4752 2206 4810 domitas
2236 4755 2484 4813 cohibeat
2512 4760 2852 4831 cupiditates.
2903 4767 3059 4826 Ratio
3094 4788 3330 4845 revocet,
3365 4782 3578 4855 mitiget

1977 4861 2121 4917 spes,
2152 4851 2440 4922 restringat
2469 4864 2667 4910 metus.
2699 4857 2832 4913 Nam
2864 4863 2954 4932 qui
2983 4866 3254 4925 moderari
3281 4879 3448 4931 nescit
3480 4851 3582 4936 cu-

1981 4941 2314 5010 piditatibus,
2337 4945 2382 4999 is
2403 4945 2709 5018 sicutequis
2731 4962 2971 5022 raptatus
2996 4959 3293 5030 indomitis,
3319 4968 3576 5044 volvitur,

1979 5033 2262 5101 obteritur,
2296 5036 2544 5102 laniatur,
2578 5039 2853 5112 afﬂigitur.

2052 5126 2141 5183 VI.
2183 5129 2333 5197 Quod
2357 5131 2644 5203 aliquando
2662 5136 2845 5206 juveni
2870 5143 2940 5198 ob
2966 5161 3206 5206 amorem
3239 5153 3425 5212 Diana:
3447 5172 3576 5214 con-

1983 5221 2167 5293 tigisse
2194 5223 2455 5293 proditur.
2490 5225 2596 5284 Sed
2629 5234 2854 5300 poeticis
2877 5239 3168 5299 mendaciis
3196 5245 3468 5304 coloratur
3494 5250 3576 5306 fa-

1986 5439 2165 5529 n'atali
2206 5441 2272 5495 ad
2338 5447 2638 5529 apostolum
2712 5450 2927 5529 Petrum
2991 5455 3312 5523 virginitatis
3375 5463 3584 5529 profes-

1985 5511 2404 5597 sipnem‘yestis
2454 5526 3014 5597 quoquemutatione
3066 5511 3330 5597 signares,
3362 5511 3582 5592 adsit-avii-

1987 5534 2193 5566 siunem
2237 5534 2404 5570 vestis
2493 5535 2667 5590 noque
2718 5534 3014 5580 mutatione
3066 5534 3330 5597 signares,
3362 5534 3582 5592 adstan-

1987 5581 2129 5665 tibus
2174 5585 2335 5667 etiam
2371 5534 2566 5667 putiilis
2611 5593 2702 5648 Dei
2732 5595 3099 5667 compluribus
3141 5613 3262 5667 quae
3308 5616 3584 5665 certarent

1987 5653 2218 5749 invi-clem
2231 5657 2312 5749 de
2341 5666 2428 5749 tua
2456 5663 2715 5720 societate
2743 5682 2758 5719 :
2785 5653 2977 5734 Bo'nas,
2999 5653 3190 5738 inquit,
3211 5653 3580 5749 audiam;

1987 5725 2311 5797 desiderasti,
2345 5741 2452 5786 etc.
