4106 6184
529 193 664 259 ιδιτ

1910 183 2228 254 LIBERiDS
2266 186 2465 255 pars.

3692 179 3832 259 ists

527 319 670 383 bula,
718 325 775 371 ut
817 314 1094 385 Neptunus
1138 313 1343 384 prtelati
1390 311 1570 369 rivalis
1609 311 1798 368 dolore
1841 314 2111 380 incitatus,
2143 313 2197 373 Α
2229 313 2281 368 II
2320 323 2368 368 et
2404 313 2490 386 l2)
2520 333 2533 366 :
2560 328 2660 370 nec
2690 299 2822 372 flere
2851 302 3120 382 desiisset,
3157 317 3258 371 nisi
3294 318 3596 388 proximum
3620 333 3837 390 cogno-

525 411 674 480 equis
701 409 908 463 dicatur
949 406 1184 461 furorem
1233 405 1555 469 immisisse,
1602 418 1710 476 quo
1757 405 1872 474 ejus
1922 418 2116 475 magna

523 502 758 571 potentia
785 499 1136 569 prtedicetnr;
1165 497 1308 567 quod
1333 498 1587 568 juvenem
1619 511 1726 552 non
1751 498 1947 552 virtute
1970 497 2114 564 vicit,

520 593 614 646 sed
649 590 835 647 fraude
861 591 1088 660 decepit.
1123 589 1279 646 Unde
1298 590 1458 644 etiam
1485 589 1811 644 sacrificium
1831 587 2119 658 quotannis

521 683 820 739 instaurant
863 683 1063 748 Dianae,
1098 691 1156 737 ut
1184 697 1352 753 equus
1383 681 1449 737 ad
1486 680 1602 752 ejus
1635 681 1942 737 immoletur
1971 693 2114 734 aras.

518 780 687 845 Quam
711 779 968 848 virginem
993 777 1198 840 dicunt,
1224 792 1343 846 qua:
1367 774 1442 848 (id
1465 776 1603 846 quod
1625 776 1784 831 etiam
1807 773 2117 829 meretrices

518 873 840 927 erubescere
865 872 1062 940 solent)
1093 885 1275 925 amare
1319 871 1492 940 potuit
1540 884 1646 924 non
1688 877 1978 923 amantem.
2009 865 2117 923 Sed

515 965 770 1030 habeant,
807 980 901 1034 per
922 981 1006 1020 me
1031 965 1176 1029 licet,
1203 962 1394 1018 fabulze
1415 978 1526 1018 suae
1546 962 1955 1026 auctoritatem;
1985 960 2110 1030 quia

514 1059 639 1114 licet
669 1058 957 1114 scelestum
999 1069 1319 1127 utrumque,
1365 1057 1541 1111 minus
1562 1064 1742 1111 tamen
1767 1056 1834 1110 sit
1858 1055 2112 1125 juvenem

511 1167 695 1206 amore
733 1152 994 1206 adulterae
1022 1151 1100 1206 sic
1138 1149 1395 1221 ﬂagrasse
1427 1158 1484 1204 ut
1515 1150 1740 1220 periret,
1770 1165 1929 1218 quam
1953 1147 2110 1211 duos,

511 1259 569 1299 ιιι
599 1246 696 1316 ipsi
720 1245 921 1310 dicunt,
948 1243 1081 1299 deos
1103 1243 1172 1299 de
1201 1243 1467 1298 adulterio
1491 1251 1732 1298 certasse
1756 1258 1769 1296 :
1801 1241 1988 1297 Jovem
2021 1255 2116 1294 au-

509 1344 618 1392 tem
651 1336 892 1390 dolorem
923 1334 1213 1390 scortantis
1256 1332 1380 1386 lilia:
1425 1332 1480 1387 in
1509 1332 1774 1387 medicum
1810 1330 2115 1386 vindicasse

508 1431 755 1494 adulteri,
791 1429 931 1499 quod
961 1433 1076 1499 ejus
1103 1427 1300 1483 curarit
1324 1427 1568 1492 vulnera,
1591 1426 1681 1497 qui
1708 1426 1928 1480 Dianam
1949 1425 2002 1478 in
2023 1423 2115 1478 sil-

508 1527 586 1579 vis
615 1523 1016 1584 adulteraverit,
1050 1521 1382 1578 venatricem
1412 1535 1541 1575 sane
1578 1520 1861 1591 optimam,
1897 1534 2000 1572 non
2025 1517 2110 1572 fe-

506 1633 708 1677 rarum,
760 1616 854 1670 sed
888 1613 1204 1680 libidinum;
1255 1613 1346 1668 sed
1378 1612 1610 1668 ferarum
1642 1613 1824 1678 etiam,
1879 1621 1939 1665 ut
1966 1609 2109 1664 nuda

513 1718 825 1764 venaretur.

587 1803 692 1858 VII.
744 1804 877 1856 Dent
909 1800 1067 1871 igitur
1117 1800 1364 1869 Neptuno
1395 1797 1727 1853 dominatum
1774 1796 1992 1864 furoris,
2052 1805 2109 1850 ut

513 1897 794 1950 adstruant
823 1895 1025 1948 crimen
1055 1894 1240 1946 incesti
1265 1891 1483 1945 amoris.
1521 1890 1656 1944 Dent
1681 1889 1862 1943 Diana!
1887 1903 2111 1958 regnum

515 1989 567 2043 in
600 1988 747 2041 silvis
795 2001 928 2056 quas
972 1983 1269 2049 ineolebat,
1325 1993 1381 2037 ut
1422 1983 1742 2035 confirment
1788 1979 2111 2035 adulterium

512 2079 653 2150 quod
676 2079 920 2149 gerebat.
958 2077 1094 2130 Dent
1122 2074 1437 2145 IEsculapio
1467 2074 1606 2145 quod
1637 2082 1907 2129 mortuum
1939 2071 2112 2128 refor-

513 2174 758 2240 maverit,
789 2172 1078 2228 dummodo
1109 2173 1458 2240 profiteantur
1487 2168 1624 2239 quod
1656 2168 1967 2222 fulminatus
1996 2168 2110 2237 ipse

514 2283 621 2322 non
645 2267 896 2322 evaserit.
924 2265 1058 2319 Dent
1074 2263 1234 2318 etiam
1252 2262 1368 2318 Jovi
1392 2261 1613 2316 fulmina
1636 2275 1755 2330 quae
1773 2275 1876 2314 non
1903 2258 2109 2325 habuit,

512 2370 572 2414 ut
605 2360 957 2414 tcstiliceulttt‘
994 2372 1113 2428 quae
1145 2355 1328 2411 habuit
1357 2354 1664 2426 opprobria.
1699 2352 1807 2408 Sed
1853 2369 1882 2406 a
1911 2351 2108 2408 fabulis

511 2451 577 2506 ad
611 2451 940 2520 prepositum
971 2457 1325 2504 revertamur.
1391 2514 1393 2516 η

591 2543 719 2598 VIII.
768 2543 918 2597 Escis
945 2556 1158 2611 quoque
1185 2541 1432 2594 omnibus
1461 2555 1580 2610 qure
1605 2539 1825 2610 gignant
1857 2533 2114 2592 membris

514 2636 770 2698 Calorem,
820 2649 981 2704 parce
1028 2633 1283 2688 utendmn
1333 2641 1718 2705 puto:carnes
1761 2631 1904 2686 enim
1951 2629 2114 2685 etiam

515 2729 720 2800 aquilas
749 2729 988 2783 volantes
1012 2728 1308 2797 deponunt.
1334 2727 1388 2781 In
1415 2726 1565 2782 vobis
1595 2741 1808 2796 quoque
1836 2725 1950 2780 ales
1979 2725 2116 2780 inte-

511 2823 623 2880 rior
647 2824 755 2890 illa,
790 2823 858 2876 de
887 2837 990 2892 qua
1020 2822 1245 2892 legimus
1271 2838 1284 2874 :
1314 2819 1662 2876 Renovabitur
1679 2819 1813 2874 sicut
1834 2820 2007 2888 aquila
2031 2814 2114 2889 (1)

503 2919 746 2989 juventus
785 2929 869 2970 tuo
898 2914 1121 2988 (Psalm.
1157 2929 1250 2981 cn,
1280 2913 1314 2968 5
1343 2917 1382 2984 ),
1425 2913 1656 2970 sublime
1713 2923 1923 2977 tenens,
1953 2911 2117 2981 virgi-

516 3029 619 3067 neo
649 3026 856 3081 prmpes
885 3011 1065 3064 volatu
1090 3007 1375 3079 superflua:
1406 3007 1588 3061 carnis
1614 3007 1816 3062 nesciat
1846 3013 2113 3074 appeten-

2225 408 2430 462 vissct‘?
2462 408 2534 462 Ita
2580 419 2633 463 et
2676 408 2895 478 pudoris
2937 413 3170 464 servavit
3210 409 3469 475 oflicium,
3504 420 3559 466 et
3605 411 3833 481 pietatis

2221 515 2328 555 non
2351 500 2532 556 omisit
2559 500 2831 556 affectum.
2868 501 3021 570 Quod
3066 501 3109 555 si
3155 504 3270 557 viro
3299 501 3532 557 dicitur:
3569 501 3835 574 Virginem

2220 611 2282 648 ne
2300 595 2610 661 consideres,
2633 611 2695 650 ne
2713 599 2919 666 quando
2942 596 3256 650 scandalizet
3305 605 3354 650 te
3395 594 3597 668 (Eccli.
3638 611 3717 662 ιι,
3762 593 3833 666 5)

2225 687 2350 755 quid
2380 687 2666 743 dicendum
2695 698 2778 743 est
2807 699 3030 744 sacrata:
3054 689 3268 760 virgini,
3299 704 3418 761 quae
3441 688 3484 744 si
3514 697 3680 757 amet,
3712 687 3832 743 ani-

2221 796 2311 836 mo
2343 793 2531 850 peccat
2559 799 2571 836 :
2603 783 2645 836 si
2679 791 2909 848 amatur,
2939 791 2994 837 et
3022 782 3203 837 facto?

2295 876 2387 929 XI.
2432 875 2658 930 Maxima
2682 884 2768 931 est
2790 876 2956 930 virtus
2986 875 3216 942 tacendi,
3250 875 3546 945 prsesertim
3573 875 3626 930 in
3656 874 3840 930 eccle-

2218 966 2318 1022 sia.
2353 965 2508 1021 Nulla
2542 977 2594 1022 te
2620 966 2920 1022 divinarum
2948 967 3216 1022 sententia
3238 967 3405 1036 fugiet
3426 965 3753 1028 lcetionum,
3786 965 3842 1019 si

2218 1077 2403 1117 aurem
2433 1061 2744 1129 admoveas,
2776 1076 2962 1116 vocem
2989 1076 3223 1132 premas.
3256 1059 3468 1114 Nullum
3490 1075 3555 1115 ex
3587 1074 3686 1114 ore
3715 1074 3842 1114 ver-

2216 1154 2344 1212 bum
2376 1154 2519 1224 quod
2550 1169 2809 1212 revocare
2849 1155 3001 1219 velis,
3051 1152 3294 1224 proferas
3325 1169 3338 1207 :
3369 1153 3464 1208 sed
3510 1152 3731 1222 parcior
3762 1151 3843 1207 lo-

2217 1247 2413 1318 quendi
2461 1247 2650 1302 fiducia
2683 1247 2772 1301 sit.
2808 1244 3098 1316 C0piosum
3137 1247 3334 1317 quippe
3378 1245 3432 1300 in
3476 1245 3832 1315 multiloquio

2219 1350 2494 1411 peccatum
2563 1337 2772 1412 (Prov.
2834 1355 2889 1403 ιι,
2940 1338 3058 1410 l9).
3115 1337 3407 1393 Homicida:
3457 1337 3661 1392 dictum
3710 1346 3839 1392 est:

2222 1431 2472 1497 Peccasti,
2503 1432 2703 1501 quiesce
2731 1429 2883 1501 (Gen.
2914 1446 2996 1496 tv,
3027 1432 3059 1485 7
3090 1430 3133 1503 ),
3169 1445 3237 1486 ne
3276 1439 3525 1500 peccaret
3553 1429 3794 1498 amplius
3823 1447 3838 1483 :

2221 1526 2315 1580 sed
2350 1525 2540 1595 virgini
2571 1524 2854 1580 dicendum
2891 1534 2974 1579 est
3004 1541 3016 1576 :
3046 1523 3297 1592 Quiesce,
3333 1538 3399 1577 ne
3430 1536 3644 1592 pecces.
3677 1522 3841 1576 Con-

2216 1617 2466 1673 servabat
2492 1617 2635 1671 enim
2671 1617 2853 1681 Maria,
2884 1625 2941 1670 ut
2971 1616 3218 1685 legimus,
3251 1615 3432 1670 omnia
3457 1617 3507 1669 in
3529 1614 3696 1671 corde
3726 1630 3832 1670 suo

2145 1705 2194 1766 Β
2221 1726 2342 1780 qua:
2369 1710 2434 1764 de
2465 1709 2600 1764 Filio
2629 1709 2945 1764 dicebantur
2973 1707 3124 1774 (Luc.
3156 1725 3216 1772 tt,
3246 1707 3312 1762 19
3341 1708 3360 1778 )
3387 1727 3401 1762 :
3432 1716 3485 1764 et
3519 1719 3571 1762 ιιι
3603 1725 3730 1764 eum
3765 1710 3846 1764 Ie-

2215 1804 2361 1872 gitur
2384 1801 2601 1872 aliquod
2626 1817 2733 1873 qun
2764 1800 3008 1856 Christus
3035 1810 3124 1854 aut
3154 1809 3412 1854 venturus
3442 1801 3830 1868 annuntiatur,

2216 1905 2306 1949 aut
2357 1895 2573 1949 venisse
2614 1893 2950 1958 ostenditur;
2985 1893 3093 1947 noli
3147 1891 3435 1946 fabulandn
3481 1894 3836 1962 obstrepere,

2215 1987 2310 2042 sed
2359 1996 2592 2042 mentem
2641 1985 2887 2040 admove.
2936 1984 3018 2038 An
3065 1984 3357 2054 quidquam
3390 1995 3472 2038 est
3524 1984 3835 2053 indignius,

2215 2097 2374 2153 quam
2404 2081 2623 2137 oracula
2660 2079 2841 2135 divina
2877 2078 3278 2148 circumstrepi,
3313 2093 3381 2132 ne
3409 2077 3725 2143 audiantur,
3758 2093 3832 2134 ne

2215 2172 2526 2240 credantur,
2562 2187 2629 2226 ne
2670 2170 2974 2226 revelentur
3001 2188 3012 2222 :
3037 2171 3443 2225 circumsOnare
3482 2181 3837 2225 sacramenta

2215 2264 2456 2320 confusis
2486 2263 2730 2329 vocibus,
2763 2272 2819 2316 ut
2853 2261 3175 2334 impediatur
3204 2263 3380 2316 oratio
3405 2277 3503 2336 pro
3527 2263 3705 2317 salute
3737 2263 3841 2318 de-

2222 2365 2470 2430 prompta
2502 2359 2743 2411 omnium
2778 2355 2892 2429 (5)?

2290 2449 2405 2506 XII.
2449 2450 2690 2506 Gentiles
2723 2449 2878 2504 idolis
2919 2448 3030 2503 suis
3062 2447 3421 2504 reverentiam
3465 2451 3692 2504 tacendo
3722 2448 3838 2504 de-

2219 2543 2415 2598 ferunt.
2467 2541 2622 2599 Unde
2662 2540 2793 2596 illud
2839 2540 3144 2611 exemplum
3189 2540 3436 2610 proditur
3469 2559 3484 2594 :
3515 2541 3837 2596 Alexandro

2222 2638 2561 2693 sacrificante
2576 2634 2928 2692 Macedonqu
2952 2650 3098 2705 rege,
3121 2634 3402 2706 puerulum
3427 2635 3715 2690 barbarum
3739 2635 3837 2706 qui

2219 2734 2268 2788 ei
2301 2732 2477 2786 lumen
2509 2729 2852 2794 accenderet,
2879 2729 3160 2798 excepisse
3189 2729 3367 2798 ignem
3397 2727 3639 2794 brachio,
3665 2735 3838 2796 atque

2219 2826 2409 2881 adusto
2435 2839 2683 2895 corpore,
2735 2825 2998 2878 mansisse
3029 2815 3386 2889 immobilem,
3436 2837 3535 2877 nec
3579 2821 3838 2878 dolorem

2221 2918 2521 2988 prodidisse
2547 2917 2767 2987 gemitu,
2802 2930 2902 2970 nec
2938 2915 3097 2969 tacito
3127 2929 3341 2984 poenam
3376 2914 3645 2969 indicasse
3675 2915 3833 2970 ﬂetu.

2221 3011 2389 3066 Tanta
2423 3009 2475 3063 in
2503 3024 2667 3078 puero
2690 3007 2922 3062 barbaro
2950 3005 3047 3060 fuit
3077 3006 3354 3077 disciplina
3387 3007 3734 3070 reverentia,
3775 3019 3834 3062 ut

518 3104 666 3157 tiam,
699 3100 1081 3157 conviviorum
1109 3097 1409 3155 devitanda:
1437 3097 1807 3162 celebritates,
1845 3093 2112 3166 fugienda
2139 3091 2186 3156 C
2221 3115 2409 3159 natura
2424 3104 2748 3158 vinceretur.
2764 3099 3046 3171 Atqueille
3065 3115 3169 3155 non
3189 3098 3342 3162 deos,
3365 3100 3456 3170 qui
3483 3100 3617 3154 nulli
3640 3111 3829 3162 erant,

514 3193 888 3251 salutationes.

587 3287 681 3343 IX.
723 3287 869 3357 lpsas
897 3284 1235 3341 visitationes
1265 3283 1320 3338 in
1346 3280 1651 3353 junioribus
1682 3295 1804 3337 esse
1834 3280 2113 3352 parciores

512 3381 655 3449 volo,
689 3380 732 3435 si
765 3379 904 3434 forte
929 3377 1278 3434 deferendum
1316 3375 1384 3430 sit
1416 3375 1732 3447 parentibus
1764 3385 1851 3429 aut
1893 3373 2114 3444 aequali-

514 3473 636 3530 bus.
684 3471 902 3528 Teritur
946 3470 1090 3525 enim
1120 3467 1312 3524 officiis
1361 3468 1570 3538 pudor,
1621 3467 1844 3523 audacia
1894 3467 2111 3532 emicat,

514 3568 656 3623 risus
687 3566 947 3637 subrepit,
990 3564 1248 3620 modestia
1278 3563 1526 3626 solvitur,
1555 3561 1682 3616 dum
1710 3559 1995 3616 affectator
2024 3575 2114 3614 ur-

514 3662 761 3717 banitas:
793 3658 1143 3728 interroganti
1177 3672 1282 3713 non
1315 3655 1666 3723 resjtondere,
1698 3652 1918 3709 infantia
1949 3673 1961 3708 :
1993 3667 2113 3709 res-

515 3755 772 3826 pondere,
808 3753 986 3807 fabula
1012 3761 1115 3808 est.
1151 3751 1348 3807 Deesse
1372 3750 1533 3821 igitur
1562 3764 1868 3806 sermonem
1896 3747 2111 3818 virgini,

514 3862 673 3914 quam
719 3858 1003 3913 superesse
1043 3843 1244 3896 malim.
1277 3839 1410 3895 Nam
1441 3841 1484 3895 si
1534 3839 1792 3895 mulieres
1844 3841 2004 3894 etiam
2047 3838 2113 3894 de

513 3939 677 3994 rebus
701 3934 896 3991 divinis
926 3934 981 3988 in
1011 3933 1249 3988 Ecclesia
1272 3932 1527 4002 jubentur
1557 3940 1758 3990 tacere.
1795 3931 1936 3985 domi
1967 3931 2112 3985 viros

518 4048 646 4087 suos
681 4031 1012 4100 interrogare
1057 4026 1115 4099 (l
1155 4023 1274 4080 Cor.
1318 4039 1408 4080 xw
1434 4065 1449 4088 ,
1487 4023 1594 4096 54)
1646 4042 1658 4078 :
1701 4023 1769 4080 de
1817 4025 2114 4095 virginibus

515 4123 640 4194 quid
659 4132 873 4177 cautum
892 4131 1161 4189 putamus,
1187 4119 1238 4173 in
1263 4117 1458 4188 quibus
1484 4117 1657 4186 pudor
1683 4126 1837 4172 ornat
1869 4125 2109 4182 :etatcm,

514 4216 848 4272 taciturnitas
874 4211 1216 4268 commendat
1243 4209 1540 4279 pudorem?

587 4307 655 4364 Χ.
699 4307 780 4362 An
805 4319 933 4361 vero
953 4303 1219 4358 mediocre
1240 4301 1459 4372 pudoris
1490 4302 1796 4371 exemplum
1829 4310 1933 4365 est,
1963 4301 2106 4372 quod

515 4401 757 4458 Rebecca
780 4414 901 4454 cum
927 4400 1134 4451 veniret
1155 4395 1220 4449 ad
1248 4394 1479 4463 nuptias,
1503 4402 1558 4448 et
1577 4409 1833 4463 Sponsum
1862 4394 2107 4461 vidisset,

2219 3196 2312 3252 sed
2346 3210 2526 3268 regem
2560 3194 2797 3250 timebat.
2830 3193 2968 3261 Quid
3009 3195 3151 3248 enim
3195 3191 3413 3249 timeret
3455 3208 3573 3261 eos,
3600 3208 3745 3266 quos
3777 3193 3828 3250 si

2220 3288 2360 3344 idem
2388 3287 2525 3357 ignis
2552 3286 2888 3356 contigisset,
2920 3285 3226 3341 arsissent?

2290 3379 2428 3434 XIII.
2449 3380 2662 3448 Quanto
2681 3378 2871 3434 melius
2893 3379 3035 3450 quod
3049 3377 3265 3449 quidam
3281 3378 3358 3449 (4)
3385 3377 3439 3432 in
3457 3379 3712 3434 convivio
3730 3394 3832 3450 pa-

2218 3472 2316 3528 tris
2343 3471 2656 3527 adolescens
2687 3470 2927 3542 jnbetur,
2970 3485 3038 3527 ne
3070 3470 3406 3526 meretricios
3435 3486 3656 3528 amores
3685 3473 3829 3528 indi-

2218 3567 2316 3621 ciis
2339 3565 2693 3621 insolentibus
2716 3563 2938 3634 prodat?
2967 3564 3033 3618 Et
3055 3573 3109 3618 tu
3133 3562 3183 3617 in
3211 3564 3489 3632 mysterio,
3523 3565 3618 3620 Dei
3641 3566 3816 3637 virgo,

2216 3658 2469 3730 gemitus,
2501 3667 2769 3722 screatus,
2803 3657 2985 3722 tussis,
3027 3656 3169 3710 risus
3197 3657 3429 3711 abstine.
3463 3656 3624 3723 Quod
3655 3659 3746 3714 ille
3772 3661 3827 3713 in

2217 3751 2466 3807 convivio
2497 3759 2694 3820 potest,
2726 3759 2781 3804 tu
2810 3750 2862 3805 in
2895 3749 3153 3822 mysterio
3178 3764 3283 3804 non
3311 3749 3508 3818 potes?
3545 3750 3691 3806 Voce
3715 3753 3827 3806 vir-

2217 3846 2409 3918 ginitas
2434 3846 2603 3917 prima
2630 3845 2890 3917 signetur,
2915 3842 3129 3898 claudat
3150 3858 3243 3897 ora
3268 3842 3460 3913 pudor,
3488 3843 3829 3899 debilitatem

2218 3939 2476 3996 excludat
2501 3939 2712 4011 religio,
2742 3938 2983 3993 instituat
3012 3935 3352 3992 consuetudo
3395 3945 3671 3992 naturam.
3709 3937 3830 3992 Vir-

2218 4032 2397 4103 ginem
2423 4031 2551 4086 mihi
2578 4030 2727 4102 prius
2752 4031 2987 4101 gravitas
3013 4043 3107 4083 sua
3136 4029 3367 4095 nuntiet,
3394 4028 3605 4098 pudore
3635 4029 3824 4092 obvio,

2217 4125 2384 4196 gradu
2416 4122 2631 4190 sobrio,
2663 4122 2816 4179 vultu
2849 4120 3126 4187 modesto;
3177 4130 3230 4176 et
3262 4121 3565 4190 prrenuntia
3601 4121 3831 4192 integri-

2217 4219 2344 4274 tatis
2398 4226 2646 4272 anteeant
2693 4217 2843 4286 signa
2889 4215 3120 4269 virtutis.
3170 4213 3284 4269 Non
3332 4228 3481 4268 SATIS
3524 4215 3829 4284 probabilis

2217 4310 2368 4378 virgo
2390 4316 2491 4373 est,
2524 4322 2645 4379 quae
2671 4307 2982 4378 requiritur,
3015 4321 3135 4361 cum
3166 4305 3396 4361 videtur.

2292 4401 2429 4457 XIV.
2463 4401 2740 4472 Frequens
2768 4416 2951 4456 sermo
2985 4411 3066 4456 est
3095 4421 3107 4454 :
3139 4415 3258 4455 cum
3306 4400 3536 4469 plurima
3565 4415 3823 4455 ranarum

515 4498 760 4551 velamen
800 4493 1008 4562 accepit
1049 4489 1206 4564 (Gen.
1254 4503 1376 4543 xxiv
1403 4530 1418 4556 .
1473 4488 1542 4544 65
1573 4486 1594 4560 )
1625 4502 1692 4543 Ite
1718 4487 1868 4558 prius
1901 4487 2115 4543 Videre-
2139 4480 2194 4540 D
2222 4509 2498 4549 murmura
2541 4493 2807 4564 religiosa:
2850 4491 3067 4547 auribus
3098 4491 3268 4560 plebis
3305 4491 3708 4562 obstreperent,
3739 4507 3829 4546 sa-

515 4602 620 4654 tur,
654 4603 811 4660 quam
855 4585 1206 4658 iungeretur?
1237 4582 1304 4637 Et
1345 4581 1528 4652 utique
1570 4580 1791 4651 pulchra
1823 4579 1971 4650 \lrgo
2003 4595 2111 4636 non

512 4685 695 4740 decori
729 4682 922 4748 timuit,
952 4678 1045 4735 sed
1085 4676 1295 4749 pudori.
1334 4675 1468 4744 Quid
1501 4674 1733 4740 Rachel;
1761 4674 2113 4745 quemadmo-

515 4779 642 4832 dum
669 4783 879 4831 cxtorto
909 4771 1094 4827 osculo
1119 4769 1226 4842 (2),
1256 4767 1405 4825 ﬂevit
1443 4780 1496 4824 et
1542 4767 1743 4840 gemuit
1777 4767 1927 4840 (Gen.
1955 4785 2109 4840 xxxx,

592 4933 674 5005 (1)
706 4935 776 4988 Ita
809 4948 936 4989 mss.
963 4932 1078 5005 fere
1101 4930 1171 4988 ad
1194 4946 1394 4988 unum:
1417 4929 1661 4986 nonnulli
1684 4938 1884 4995 tamen,
1909 4938 1965 4986 et
1983 4945 2102 4986 om-

521 5004 684 5071 edili,
717 5006 848 5058 sicut
874 5004 1078 5071 equitat.

595 5076 674 5152 (ἓ)
708 5075 889 5129 Versio
916 5074 1073 5147 Vulg.
1096 5084 1158 5152 et
1188 5075 1306 5129 alia:
1332 5089 1454 5130 cum
1470 5085 1633 5152 Δῑοιιιιι
1666 5073 1916 5152 Hebraeo,
1948 5093 2104 5152 oscuf

519 5146 663 5206 latus
699 5157 772 5202 est
799 5146 1251 5211 eam;etelevata
1291 5163 1410 5201 voce
1453 5146 1610 5216 ﬂevit,
1659 5158 1704 5202 et
1739 5147 1985 5202 indicavit
2031 5150 2100 5213 ei,

516 5235 624 5278 etc.
659 5223 697 5276 E
725 5219 919 5288 quibus
944 5220 1118 5274 verbis
1162 5217 1304 5288 quod
1349 5219 1436 5273 hic
1471 5219 1539 5272 de
1573 5219 1700 5274 fletu
1750 5219 1999 5289 pudicum
2045 5220 2107 5274 il-

516 5295 604 5353 lud
644 5294 886 5349 osculum
932 5305 1219 5345 consecuto
1258 5297 1524 5351 narratur,
1574 5289 1849 5360 eleganter
1886 5289 2103 5360 quidem

516 5373 571 5420 ct
601 5365 840 5435 apposite
869 5362 934 5416 ad
965 5362 1264 5435 materiam,
1306 5361 1556 5435 tt'ihuitu_r
1589 5361 1806 5416 Racheli
1831 5378 1845 5427 ;
1873 5377 1994 5416 cum
2029 5370 2112 5435 ta-

516 5430 648 5493 men
671 5430 750 5490 'ad
781 5434 947 5490 Jacob
986 5433 1178 5488 referri
1206 5441 1472 5498 oporteat.
1506 5430 1574 5484 Et
1602 5446 1748 5486 certe
1775 5438 1978 5486 utesset
2001 5432 2108 5485 ali-

514 5526 618 5578 qua
647 5509 700 5562 in
727 5507 846 5562 aliis
877 5505 1142 5561 idiomatis
1164 5501 1706 5578 ambiguitas,aperte
1729 5501 1867 5569 apud
1890 5517 1994 5556 ιιι
2027 5504 2106 5557 le»

513 5571 769 5653 gererest,
795 5584 881 5636 καὶ
903 5581 1100 5653 βοήᾳᾳς
1209 5583 1345 5652 φωνῇ
1373 5575 1552 5653 aurai,
1579 5571 1816 5629 ἔκλαυσα.

590 5652 668 5719 (5)
709 5641 912 5706 Omnes
938 5649 1086 5717 editi,
1119 5641 1266 5720 dip'r.
1309 5641 1570 5710 omnium,
1624 5660 1741 5698 cum
1799 5644 2103 5720 mentitam...

514 5713 768 5793 deferant.
842 5721 968 5777 Mss.
1017 5713 1200 5777 autem
1259 5732 1454 5790 magno
1507 5713 2107 5772 consensu'nobiscnm

2221 4585 2495 4641 ccrdotem
2527 4584 2617 4638 Dei
2649 4584 2968 4654 przecepisse
2999 4593 3055 4637 ut
3081 4585 3529 4651 conticescerent,
3564 4600 3632 4639 ac
3669 4600 3830 4640 reve-

2219 4679 2447 4733 rentiam
2477 4691 2646 4732 sacrae
2681 4676 2955 4731 deferrent
3001 4675 3268 4740 orationi;
3319 4685 3444 4730 tunc
3490 4676 3676 4732 subito
3717 4677 3825 4732 cir-

2220 4769 2496 4827 cumfusos
2540 4770 2803 4840 strepitus
2829 4769 3117 4840 quievisse.
3150 4767 3326 4825 Silent
3370 4770 3534 4840 igitur
3569 4769 3822 4840 paludes,

2218 4932 2442 4988 faciunt.
2499 4932 2672 4988 Porro
2720 4932 3018 5001 subjectam
3077 4931 3270 5002 ephebi
3319 4931 3544 5002 hujusce
3600 4933 3823 4989 barbari

2219 5003 2496 5088 historiam
2526 5013 2791 5060 memorat
2820 5003 2882 5059 V.
2913 5003 3171 5058 Maximus
3195 5003 3289 5060 lib.
3315 5019 3394 5070 ut,
3425 5005 3598 5074 ωιλὸ
3629 5006 3693 5060 de
3717 5003 3822 5059 Pa-

2213 5087 2564 5219 ucasa'Editi,
2598 5144 2737 5219 Quid
2773 5145 2907 5219 quod
2937 5145 3160 5219 quidam.
3194 5143 3417 5219 Etinfra
3441 5187 3456 5210 ,
3476 5146 3542 5219 jn
3580 5146 3817 5199 ministe-

2211 5215 2382 5273 rio....
2409 5228 2593 5282 tusses,
2625 5218 2759 5272 risus
2787 5216 3050 5270 abstine...
3080 5218 3135 5272 in
3161 5217 3441 5271 ministerio
3469 5215 3565 5271 Dei
3588 5235 3696 5272 non
3723 5236 3816 5285 po-

2215 5290 2326 5343 tes?
2357 5289 2526 5349 Vocis,
2541 5299 2648 5344 etc.
2673 5287 2798 5342 Mss.
2823 5303 2950 5342 vero
2977 5299 3029 5340 ut
3058 5289 3293 5352 intexlu,
3325 5287 3428 5342 nisi
3463 5288 3605 5354 quod
3647 5289 3811 5357 aliqui

2217 5375 2320 5443 pro
2336 5361 2573 5443 ntyste'r‘io
2598 5363 2770 5441 legunt
2804 5374 2929 5443 cum
2947 5357 3106 5443 editis
3123 5358 3419 5443 ministerio.
3442 5359 3707 5443 Cunarum
3724 5359 3812 5414 hic

2217 5427 2479 5486 indicatur
2498 5427 2835 5486 Terentianae
2862 5429 3054 5484 fabulas
3073 5444 3171 5498 qua
3199 5428 3509 5484 inscribitur
3542 5427 3815 5485 Heauton-

2217 5503 2598 5566 timorumenos,
2621 5502 2788 5556 Actus
2809 5517 2876 5564 ιι,
2899 5500 2986 5556 ubi
3033 5501 3132 5555 sub
3172 5499 3334 5555 linem
3362 5515 3542 5556 scenae
3583 5516 3676 5563 ιιι.
3709 5503 3810 5556 ad-

2218 5582 2465 5628 mouetur
2492 5571 2729 5642 Clitipho
2757 5571 3104 5635 adolescens,
3135 5580 3192 5626 ut
3222 5579 3488 5640 praesente
3515 5582 3669 5640 patre
3693 5588 3810 5626 mo-

2216 5644 2444 5700 destiam
2467 5643 2520 5698 in
2549 5641 2794 5699 convivio
2815 5645 3044 5699 retineat
3070 5660 3083 5696 :
3113 5643 3278 5711 quoin
3309 5642 3428 5697 loco
3450 5656 3514 5696 ea
3544 5641 3704 5699 verba
3735 5644 3806 5698 ιθ

2216 5725 2457 5786 gluttur:
2488 5713 2736 5780 Gemitus,
2769 5724 3014 5780 screatus,
3048 5713 3224 5770 tussis.
3258 5713 3394 5768 risus
3422 5712 3641 5768 abstine.
