4106 6184
331 215 466 273 1749

681 221 1045 285 ΕΡΙΞΤΟιΑΞ
1101 230 1194 287 AD
1234 233 1470 304 OSIUM,
1515 239 1606 294 AD
1645 238 2086 304 CAELILIANUM
2127 242 2216 307 ET
2257 254 2349 308 All
2393 248 2632 314 EUSEB.
2678 259 3250 328 VERCELLENSEM.

3477 273 3617 330 133.0

318 328 564 391 homines
595 352 701 393 non
730 340 1006 398 silebunt?
1057 345 1119 400 Et
1165 349 1529 408 irrationabile
1574 354 1773 410 animal
1816 375 1912 428 per
1941 376 1984 433 Α
2019 365 2262 420 nesciant
2307 370 2563 427 mentium
2607 375 2884 447 religioni,
2932 381 3074 451 quod
3111 383 3357 440 delerunt
3401 387 3611 443 aurium

316 429 670 484 reverentiam
699 439 1058 504 recognoscit,
1087 440 1228 510 quod
1254 456 1349 510 per
1376 454 1620 499 naturam
1653 447 1865 517 ignorat
1893 467 1906 504 :

315 515 592 575 hominum
639 533 782 580 tanta
822 539 905 583 est
931 529 1291 602 immodesna,
1335 547 1393 592 ut
1425 515 1910 609 plerique—deferre

2020 457 2280 528 voluptati
2312 463 2430 532 tl)?

387 666 464 738 (1)
497 665 808 736 Hujusmodi
837 669 1178 730 Libet-lanam
1211 676 1509 732 orationem
1538 677 1610 733 ita
1638 681 1983 740 concluditS.
2013 683 2213 742 Doctor
2237 706 2250 741 :
2288 688 2416 744 Haec
2437 701 2598 746 tecum
2622 706 2814 750 sancta!
2835 700 3093 756 memerita
3117 700 3390 760 Lini-mtas.

1334 927 1936 1014 EPISTOLXE
1991 933 2144 1018 ET
2201 938 2592 1026 DICTA.

1671 1067 1852 1134 (Const.
1879 1065 1975 1122 col.
2002 1071 2258 1141 θαι-ιω.)

860 1273 1198 1332 EPISTULA
1231 1277 1312 1349 (ι)

396 1378 588 1418 LIBER"
615 1381 764 1422 PAP£
795 1381 862 1421 AD
889 1382 1047 1424 OSIUI
1078 1385 1364 1428 EPISCOPUI
1395 1372 1804 1432 CORDUBENSEI.

555 1465 742 1528 (Anno
763 1467 856 1517 555
883 1475 1121 1528 exeunte,
1146 1477 1230 1520 aut
1251 1471 1346 1522 354
1369 1474 1620 1536 ineunte.)

339 1543 418 1599 De
458 1545 708 1602 Vincentii
752 1550 981 1621 episcOpi
1027 1551 1260 1625 (Σαρααηὶ
1304 1555 1555 1626 legatione
1594 1566 1641 1612 et
1686 1557 1858 1626 lapsu.

373 1640 506 1706 Quia
536 1641 587 1695 in
616 1644 762 1698 nullo
791 1648 1174 1703 conscientiam
1205 1658 1347 1704 tuam
1376 1650 1550 1706 debeo
1574 1652 1852 1720 praeterire
1878 1669 1892 1708 :

299 1731 452 1784 multi
489 1748 554 1786 ex
602 1733 748 1790 Italia
796 1738 1033 1808 episcopi
1080 1751 1484 1807 convenerunt,
1540 1745 1630 1814 qui
1682 1761 1892 1802 mecmn

297 1814 757 1885 religiosissimum
817 1822 1194 1893 imperatorem
1250 1827 1619 1884 Constantium
1685 1832 1898 1887 fuerant

295 1906 606 1977 deprecati,
659 1921 713 1965 ut
736 1911 989 1981 juberet,
1033 1917 1172 1971 sicut
1210 1918 1309 1987 ipsi
1351 1921 1625 1990 placuerat
1666 1922 1892 1988 dudum,

291 2001 576 2055 Concilium
642 2003 706 2057 ad
773 2006 1071 2074 Aquileiam
1143 2012 1474 2082 congregari.
1556 2013 1894 2071 Vincentium

289 2089 790 2160 C:.puensem-cum
833 2097 1082 2152 Marcello
1107 2115 1259 2168 teque
1306 2117 1373 2156 ex
1423 2102 1714 2174 Catnpania
1746 2108 1892 2177 epis-

287 2200 426 2252 copo
475 2186 792 2256 legationem
843 2201 1080 2247 nostram
1115 2195 1420 2264 suscepisse
1469 2200 1735 2253 sanctitati
1790 2212 1893 2256 tua:

285 2279 521 2331 lnsimm.
551 2280 624 2334 De
667 2295 772 2350 quo
801 2298 922 2336 cum
951 2283 1116 2338 multa
1166 2301 1464 2355 sperarem,
1497 2289 1636 2360 quod
1679 2300 1730 2344 et
1759 2305 1895 2346 cau-

283 2381 401 2423 sam
455 2371 655 2436 0ptime
716 2373 1004 2439 retineret,
1052 2383 1107 2429 ct
1157 2377 1319 2444 judex
1382 2376 1432 2431 in
1488 2380 1674 2434 eadem
1730 2397 1891 2439 causa

281 2475 407 2516 cum
459 2463 741 2518 sanctitate
791 2475 876 2518 tua
921 2466 1228 2538 frequenter
1278 2469 1601 2537 resedisset;
1643 2470 1890 2529 credide-

281 2568 398 2607 ram
424 2553 498 2624 (‘2)
524 2554 787 2628 integrum
822 2558 916 2614 Dei
941 2560 1286 2630 Evangelium
1313 2577 1407 2616 sua
1438 2563 1702 2634 legatione
1733 2581 1892 2636 posse

281 2643 506 2699 sei-Vari.
542 2645 656 2700 Non
703 2657 902 2703 tantum
936 2649 1069 2705 nihil
1101 2652 1444 2723 impetravit,
1478 2655 1571 2710 sed
1599 2667 1651 2711 et
1691 2659 1804 2725 ipse
1837 2661 1888 2715 in

283 2736 432 2791 illam
465 2737 656 2793 ductus
684 2750 765 2795 est
797 2741 874 2812 (5)
908 2744 1323 2800 simulationem.
1361 2745 1488 2801 Post
1512 2749 1664 2816 cujus
1692 2747 1888 2806 factum

278 2830 479 2898 duplici
507 2849 739 2889 IlltBl‘Ol‘e
759 2836 1056 2903 confectus,
1082 2838 1210 2893 mihi
1237 2840 1573 2896 moriendum
1602 2842 1768 2912 magis
1794 2859 1890 2912 pro

281 2922 396 2977 Deo
417 2924 650 2987 decrevi,
669 2942 735 2981 ne
751 2928 962 2984 viderer
977 2931 1298 2986 novissimus
1317 2932 1524 2986 delator
1543 2932 1646 3004 (4),
1662 2945 1753 2988 aut
1767 2949 1890 2991 sen-

282 3017 469 3070 tentiis
498 3029 680 3071 contra
715 3018 1062 3089 Evangelium
1097 3022 1510 3080 accmnmodare
1539 3040 1885 3083 eonsensum.

844 3111 1182 3168 EPISTULA
1221 3114 1322 3186 (5).

319 3215 514 3259 LIBER“
543 3219 692 3260 ΡΔΡίΕ
721 3221 791 3261 AD
814 3221 1152 3263 CECILIANUI!
1182 3225 1508 3266 SPOLETINUI
1540 3227 1848 3268 EPISCOPUH.

837 3298 1045 3365 (Eodem
1071 3299 1340 3364 tempore.)

443 3441 446 3444 ν
885 3384 960 3438 De
999 3386 1178 3439 eadem
1205 3402 1280 3440 re.
1567 3453 1576 3461 .

353 3475 484 3531 Nolo
515 3485 566 3532 te
594 3475 792 3532 factum
823 3477 1088 3534 Vincentii
1113 3479 1178 3534 ab
1209 3479 1416 3537 intentu
1448 3480 1570 3538 boni
1602 3484 1780 3554 operis
1803 3499 1887 3540 re-

279 3578 456 3634 vocet,
489 3569 653 3625 frater
681 3571 983 3627 carissime.

834 3663 1172 3721 EPISTOLA
1225 3665 1304 3737 (6)

277 3773 473 3815 LIBERI]
517 3773 665 3812 PANE
706 3772 774 3812 AD
813 3773 1076 3814 EUSEBIUM
1123 3775 1540 3818 VERCBLLENSEI
1571 3777 1881 3820 EPISCOPUI.

843 3848 1050 3913 (Eodem
1077 3857 1300 3914 tempore
1310 3852 1344 3916 .)

274 3940 356 3994 De
397 3939 650 4009 legatione
686 3937 914 4008 Luciferi
954 3934 1236 3990 Calaritani
1264 3939 1493 4008 episwpi
1529 3940 1600 3994 ad
1627 3939 1883 3998 Conslan—

348 4077 433 4145 (Ι)
475 4075 661 4128 Exstat
693 4075 830 4129 inter
865 4074 1160 4141 fragmenta
1192 4074 1376 4128 Hilarii
1410 4073 1600 4145 fragm.
1626 4093 1680 4132 Vl
1726 4095 1780 4134 tt.
1811 4079 1882 4145 9.,

272 4162 486 4202 necnon
516 4147 654 4213 apud
689 4147 975 4200 Baronium
1007 4145 1074 4199 ad
1105 4161 1230 4200 ann.
1263 4145 1389 4208 355,
1429 4163 1483 4200 η.
1518 4147 1570 4214 9,
1599 4149 1764 4203 edita.
1799 4147 1886 4205 ln-

271 4229 482 4286 tegram
530 4232 636 4271 non
671 4233 825 4280 esse,
862 4217 1028 4286 prima
1063 4217 1178 4284 ejus
1209 4217 1365 4272 verba
1395 4218 1539 4286 apud
1580 4218 1839 4275 Hilarium
1865 4262 1880 4285 .

273 4289 422 4344 Inter
444 4290 572 4352 lucc,
597 4289 941 4358 persuadent.
967 4289 1176 4359 Scripta
1200 4297 1283 4344 est
1303 4302 1424 4358 post
1450 4301 1724 4347 recentem
1757 4293 1883 4348 Vin-

271 4361 436 4417 centii
483 4361 535 4414 in
580 4361 866 4415 arelatensi
913 4362 1120 4430 synodo
1169 4361 1414 4428 lapsum,
1456 4361 1699 4432 adeoque
1738 4365 1882 4420 circa

272 4433 475 4488 exitum
505 4433 628 4486 anni
659 4432 766 4487 555
797 4443 884 4485 aut
914 4433 1053 4486 circa
1083 4432 1287 4487 initium
1317 4433 1441 4486 anni
1474 4431 1603 4488 354.

348 4502 428 4574 (Ξ)
451 4504 623 4574 Apud
658 4505 849 4556 llaron.
895 4502 1234 4574 desideratur
1273 4505 1548 4574 integrum.
1585 4505 1640 4560 In
1671 4504 1884 4562 duobus
1910 4493 1964 4554 D

271 4571 416 4630 mss.
447 4573 671 4629 habetur
700 4576 953 4642 integrum
979 4579 1067 4642 jus
1100 4571 1521 4644 Evangelioi'um.

353 4645 432 4715 (5)
477 4645 532 4718 lu
568 4647 653 4700 illa
679 4647 1021 4718 simulatione
1064 4662 1186 4718 eum
1227 4647 1293 4700 ad
1331 4647 1378 4700 id
1413 4649 1602 4702 saltem
1639 4656 1881 4718 tempus,

269 4733 383 4786 quo
411 4717 653 4772 Liberius
681 4726 734 4771 et
760 4717 918 4771 Osius
947 4716 1002 4788 in
1033 4717 1252 4788 exilium
1276 4718 1432 4781 eiecti
1463 4727 1608 4785 sunt,
1638 4716 1887 4788 perseve—

271 4803 425 4842 rasse
470 4789 736 4860 colligitur
764 4804 828 4840 ex
869 4787 1048 4842 verbis
1078 4787 1355 4842 Athanasii
1395 4789 1605 4860 apolog.
1637 4787 1702 4844 ad
1734 4791 1878 4845 (Jon-

266 4869 436 4913 stant.
479 4877 532 4912 n.
563 4859 652 4912 '27.
687 4857 878 4932 Postea
891 4867 1098 4932 tamen
1143 4875 1172 4913 a
1209 4857 1440 4932 DttlllasO
1471 4877 1500 4914 e
1527 4857 1744 4932 synodo
1775 4862 1881 4918 llo-

271 4945 432 4984 mana
457 4931 520 4983 ad
553 4932 836 5000 episcopos
865 4929 1058 5000 Illyrici
1099 4931 1374 4985 scribente
1417 4929 1617 4985 laudari
1661 4936 1880 5001 meruit,

268 5013 331 5056 ut
361 5004 448 5070 qui
491 5011 562 5055 tot
593 5003 740 5055 anuis
781 5001 1124 5085 sacerdotium
1157 5002 1349 5083 illibata
1380 5013 1648 5084 servasset.
1679 5002 1885 5085 Notan-

271 5074 404 5127 dum
431 5083 514 5128 est
539 5073 902 5151 Athanasium
918 5071 1037 5126 loco
1061 5089 1183 5127 mox
1214 5074 1377 5151 cita_t_o
1407 5074 1590 5151 paucis
1619 5077 1884 5151 perstrin-

269 5160 436 5214 gero,
469 5163 587 5213 qn:e
622 5157 730 5196 tum
780 5143 1130 5229 Arelatense,
1168 5154 1276 5198 tum
1312 5143 1707 5229 hleditilatiense
1748 5161 1881 5229 con:

270 5216 458 5270 cilium
503 5226 790 5269 consecuta
837 5223 992 5277 sunt;
1043 5214 1285 5284 adeoque
1326 5217 1448 5270 licet
1495 5214 1563 5270 de
1617 5217 1882 5272 Vincentii

271 5287 618 5342 simulatione
663 5289 916 5355 loquens,
951 5285 1389 5340 Fortunatiaunm
1443 5287 1878 5355 Aquileiensetu,

270 5357 584 5412 llcremium
617 5359 1172 5416 Thessalonicensem.
1199 5372 1491 5427 omnesque
1518 5360 1883 5414 occidentales

270 5430 559 5498 cpiscopus
586 5432 631 5485 ei
666 5428 939 5497 adiungat,
971 5431 1190 5483 minime
1219 5429 1343 5482 inde
1373 5430 1553 5498 sequi,
1587 5440 1644 5482 ut
1673 5430 1723 5482 hi
1759 5445 1881 5484 ont-

265 5514 375 5554 nes
401 5501 615 5555 Arelate
643 5502 774 5585 lapsi
795 5501 958 5585 sint;
987 5501 1127 5585 sicut
1148 5515 1252 5585 pec
1289 5499 1664 5585 ettoeonqnod.
1683 5501 1879 5585 ibidem

265 5573 433 5655 simul
465 5571 693 5655 Liberii,
717 5570 852 5634 Osii,
880 5570 1385 5655 Paulini,gDionysii
1405 5612 1420 5636 ,
1454 5570 1666 5655 Eusebii
1690 5572 1886 5655 ,Luci-

270 5641 375 5695 teri
395 5683 408 5704 ,
439 5652 542 5698 etc.
575 5643 730 5715 exilia
759 5652 1173 5715 eott‘tmemoral.
1200 5641 1641 5715 consequensest
1673 5654 1731 5699 ut
1757 5645 1880 5715 quia

265 5713 530 5770 Paulinus
582 5714 650 5768 ab
698 5713 1002 5770 Arelatensi
1053 5712 1261 5781 synodo
1316 5713 1369 5767 in
1423 5715 1644 5770 exilium
1692 5712 1881 5785 pulsus

2083 1286 2207 1340 tium
2236 1287 2358 1357 imp.
2395 1299 2450 1342 ut
2471 1293 2766 1361 concilium,
2792 1311 2890 1366 quo
2917 1313 2995 1352 res
3022 1298 3271 1358 Ecclesia:
3299 1319 3612 1376 componan-

2081 1385 2184 1444 tur,
2229 1378 2292 1432 ub
2335 1396 2392 1434 eo
2431 1385 2669 1452 postulet.
2702 1385 2770 1441 Ut
2813 1386 3062 1445 Eusebius
3090 1393 3199 1465 ipse
3235 1395 3377 1452 illius
3403 1399 3611 1472 adjutor

2077 1473 2142 1525 sit
2167 1488 2268 1542 quo
2288 1477 2578 1546 petitionem
2607 1479 2858 1549 impetret.

2041 1585 2286 1643 Liberius
2315 1591 2394 1660 (7)
2424 1591 2709 1666 episcopus
2741 1597 3091 1656 dilectissimo
3120 1602 3270 1659 fratri
3313 1606 3567 1663 Eusebio.

1926 1701 1972 1764 Β
2038 1680 2117 1748 ηΙ.
2161 1681 2270 1748 Me,
2304 1681 2470 1739 frater
2495 1689 2777 1744 carissime
2799 1731 2814 1757 ,
2847 1693 2911 1746 ad
2941 1695 3190 1750 Solatium
3218 1698 3339 1752 vitte
3372 1715 3607 1768 prasen-

2005 1770 2070 1833 tis
2096 1773 2254 1842 erigit
2282 1774 2474 1831 invicta
2509 1776 2640 1833 fides
2666 1789 2754 1834 tua
2778 1823 2790 1844 ,
2817 1797 2919 1852 qua
2948 1793 3168 1841 secutus
3198 1787 3605 1860 Evangeliorum

2001 1876 2300 1934 prmcepta,
2334 1871 2481 1923 nullo
2508 1887 2708 1941 genere
2746 1890 2775 1928 a
2804 1879 3074 1932 consortio
3114 1880 3258 1935 sedis
3293 1884 3605 1951 apostolica:

1997 1957 2314 2027 discrepasti
2352 1963 2535 2030 :quod
2579 1965 2742 2019 credo
2775 1984 2880 2021 non
2917 1972 3034 2026 sine
3083 1973 3173 2026 Dei
3198 1975 3429 2044 impulsu
3452 2017 3470 2042 ,
3513 1979 3604 2048 qui

1997 2049 2160 2119 digno
2187 2051 2278 2123 (F.
2307 2053 2520 2126 dignos)
2551 2058 2650 2113 sibi
2679 2061 2729 2114 in
2761 2063 3064 2118 sacerdotio
3093 2065 3333 2136 detinet,
3365 2070 3605 2126 benevo-

1997 2141 2161 2197 lentia
2205 2147 2526 2214 complesse.
2561 2150 2696 2205 Cum
2743 2152 2906 2224 igitur
2951 2167 3071 2225 post
3117 2159 3439 2230 legationem
3478 2165 3604 2220 Vin-

1996 2235 2206 2288 centius
2236 2235 2287 2289 in
2315 2237 2460 2292 illam
2491 2241 2682 2296 ductus
2708 2243 2788 2315 (8)
2815 2255 2898 2300 est
2935 2247 3372 2320 simulationem,
3406 2256 3602 2326 reliqui

1999 2338 2094 2393 per
2124 2325 2328 2382 Italiam
2355 2331 2592 2400 episcopi
2625 2335 2831 2400 publica
2864 2340 3223 2396 conventione
3259 2345 3434 2400 coacti
3473 2325 3604 2402 luis—

1993 2423 2416 2476 sentseutentiis
2439 2423 2795 2484 Orientalium
2819 2431 3076 2499 obedire;
3111 2436 3223 2492 Deo
3256 2452 3600 2510 procurante,

1995 2509 2162 2566 frater
2185 2522 2240 2568 et
2265 2517 2621 2589 coepiscopus
2655 2532 2839 2576 noster
2864 2523 3078 2581 Lucifer
3115 2527 3184 2584 de
3223 2528 3469 2586 Sardinii
3513 2547 3604 2588 su-

1995 2603 2276 2670 pervenit,
2324 2608 2562 2676 quicum
2608 2610 2842 2668 latebras
2881 2630 3059 2671 causa:
3099 2620 3372 2678 interioris
3403 2639 3604 2696 cogno-

1996 2694 2195 2760 visset,
2244 2706 2299 2752 et
2342 2703 2676 2768 pervenisset
2735 2706 2800 2759 ad
2867 2707 2986 2777 ejus
3031 2715 3449 2785 conscientiam,
3479 2694 3602 2775 sub

1997 2789 2283 2844 occasione
2337 2792 2571 2847 nominis
2621 2795 2902 2853 Athanasii
2956 2799 3242 2860 htereticos
3295 2806 3412 2862 bare
3461 2811 3602 2866 velle

1997 2890 2241 2947 tentare;
2274 2899 2369 2952 pro
2393 2883 2683 2942 devotione
2709 2889 2828 2945 lidei
2853 2907 2966 2947 suae
2995 2894 3178 2952 subire
3207 2898 3372 2954 voluit
3395 2902 3598 2968 justum

1999 2971 2280 3038 laborem.
2331 2986 2384 3031 et
2430 2977 2503 3064 ad
2528 2978 2853 3036 Comitatutn
2901 2985 3137 3056 religiosi
3189 2991 3444 3061 principis
3477 3009 3598 3064 per-

1918 3094 1962 3156 ο
1994 3081 2122 3136 gere
2152 3083 2167 3120 :
2198 3080 2255 3123 ut
2283 3062 2508 3126 tandeni
2527 3074 2774 3142 exposito
2797 3078 2989 3135 ordine
3019 3083 3183 3137 totius
3206 3098 3405 3154 causae,
3432 3062 3601 3159 impe-

2001 3167 2168 3215 traret
2197 3170 2255 3216 ut
2289 3164 2468 3218 omnia
2491 3203 2506 3231 ,
2535 3181 2655 3234 quae
2690 3168 2744 3222 in
2781 3171 3014 3227 medium
3046 3186 3336 3245 venerunt,
3374 3181 3426 3234 in
3456 3190 3603 3237 ctetu

1999 3265 2219 3321 possent
2239 3255 2578 3312 sacerdotum
2610 3259 2701 3316 Dei
2733 3265 2968 3322 tractari.

2073 3346 2138 3400 ll.
2169 3345 2353 3417 Itaque
2373 3351 2495 3420 quia
2518 3355 2631 3408 scio
2655 3366 2898 3412 sanctum
2929 3358 3050 3415 ﬁdei
3085 3371 3188 3417 tua:
3213 3364 3449 3422 calorem
3475 3382 3599 3425 cum

1995 3437 2115 3508 ejus
2143 3442 2325 3496 animo
2350 3445 2710 3510 concordare,
2742 3450 3084 3518 prudentiam
3116 3464 3260 3511 tttam
3292 3468 3434 3528 peto,
3462 3470 3517 3514 ut
3553 3462 3599 3517 si

1996 3545 2323 3603 procurante
2368 3537 2480 3592 Deo
2523 3539 2770 3596 habuerit
2819 3551 2871 3599 te
2918 3558 3276 3614 praesentem,
3312 3567 3409 3620 per
3436 3567 3600 3622 quos-

1997 3640 2228 3695 Cttmqttc
2277 3629 2516 3696 potueris
2543 3671 2558 3696 ,
2605 3633 2834 3696 sollicite
2881 3641 3149 3694 excubare
3174 3642 3470 3698 contendas
3494 3685 3509 3711 ,
3541 3653 3602 3700 ut

1997 3719 2214 3787 possitis
2247 3721 2512 3786 universa,
2547 3738 2666 3791 qua:
2696 3723 2825 3779 ﬁdes
2855 3726 3118 3784 catholica
3146 3734 3334 3802 exigit,
3361 3735 3600 3792 clemen-

1998 3812 2206 3866 tissimo
2252 3813 2563 3881 imperatori
2610 3815 2884 3874 insinuare
2913 3836 2927 3873 :
2961 3830 3019 3874 ut
3057 3823 3274 3878 tandem
3307 3826 3598 3896 aliquando

1994 3902 2237 3972 deposita
2287 3905 2450 3960 animi
2501 3906 2870 3980 indignatione
2896 3953 2910 3977 ,
2953 3912 3113 3968 faciat
3158 3917 3300 3986 quod
3343 3929 3398 3974 et
3434 3919 3601 3992 quieti

1994 4073 2111 4134 est,
2129 4072 2447 4134 cmterorum
2485 4067 2701 4123 exiliqu
2747 4085 2852 4124 non
2895 4069 2963 4128 sit
2993 4072 3166 4130 serius
3193 4074 3589 4134 disserendum.

2067 4132 2145 4202 (4)
2179 4135 2331 4205 Apud
2365 4136 2560 4192 Βία-οη.
2586 4139 2785 4194 delator
2809 4143 3022 4200 existere
3055 4162 3070 4201 :
3101 4163 3224 4200 nam
3250 4132 3596 4206 oideturiseii;

1995 4207 2164 4260 tentiis
2190 4209 2600 4264 accommodasse
2623 4228 2948 4267 consensum.

2169 4279 2328 4356 _I_lanc_
2355 4280 2598 4356 epistolae
2628 4289 2843 4338 tenuem
2875 4288 3186 4356 particulam
3219 4291 3378 4348 nobis
3410 4301 3593 4350 trans-

1993 4353 2138 4430 misit
2169 4352 2398 4407 llilarius
2435 4353 2740 4430 fragmento
2769 4373 2846 4423 Vl,
2875 4352 2933 4410 ii.
2967 4358 3020 4412 2.
3050 4361 3283 4430 Epistula
3314 4373 3494 4420 autem
3526 4382 3592 4422 eo

1991 4423 2398 4500 ipso_tet_np_ore,
2431 4443 2536 4500 quo
2567 4429 2833 4500 superior,
2863 4430 3060 4500 scripta
3090 4423 3191 4486 est.

2063 4495 2142 4566 (6)
2258 4495 2492 4575 Duronio
2520 4499 2584 4552 ad
2603 4495 2815 4575 annum
2843 4495 3048 4575 355,'n_.
3077 4502 3169 4575 20,
3193 4513 3293 4575 eta
3319 4503 3594 4575 Stephano

1994 4565 2242 4641 Fert-crio
2282 4565 2616 4641 Vercellensi
2644 4573 2901 4639 episcopo
2931 4565 2994 4627 ex
3026 4565 3193 4641 ipsius
3237 4565 3593 4634 Vercellensis

1991 4639 2249 4712 CthlBSliD_
2276 4639 2502 4712 arcliivo
2536 4643 2803 4712 exscripta
2831 4651 2990 4712 atque
3017 4639 3161 4699 edita
3188 4655 3289 4702 est.
3327 4646 3382 4701 ln
3416 4648 3514 4704 hac
3539 4659 3595 4705 ut

1991 4710 2045 4764 in
2074 4708 2441 4779 superioribus
2481 4708 2728 4767 Liberius
2764 4708 3028 4768 Vincentii
3059 4715 3455 4774 simulationem
3501 4719 3594 4776 de-

1991 4779 2202 4862 ﬂet;.at
2232 4781 2432 4864 solatii,
2462 4783 2602 4864 quod
2633 4799 2774 4838 nunc
2800 4799 2865 4864 ett
2891 4783 3124 4841 Luciferi
3153 4787 3439 4844 Calaritani
3476 4793 3592 4860 epi-

1991 4853 2140 4918 scopi
2177 4852 2611 4924 magnanimitate
2649 4858 2956 4924 percepisse
2998 4873 3056 4912 se
3087 4868 3378 4924 memorat,
3412 4879 3467 4918 tn
3501 4852 3594 4918 sn-

1996 4925 2295 4992 perioribus
2325 4923 2546 4999 minime
2576 4923 2861 4999 meminit:
2895 4927 3134 4999 adeoque
3175 4929 3314 4985 hanc
3350 4933 3457 4990 illis
3497 4936 3597 4990 ali-

1991 5007 2192 5072 quanto
2234 4997 2502 5072 posterius
2529 4997 2782 5066 scriptam
2805 5013 2925 5055 esse
2949 4997 3132 5072 liquet.
3168 5002 3248 5057 Ad
3272 5019 3470 5061 annum
3489 5005 3596 5062 554

1991 5067 2203 5120 videtur
2238 5067 2538 5123 referenda.

2181 5138 2252 5217 [ιιι
2277 5137 2579 5217 Eerrerius.
2607 5140 2675 5217 At
2700 5136 2899 5197 Baron.
2925 5140 3155 5217 Liberius
3180 5147 3332 5217 fratri
3355 5145 3594 5217 Eusebio.

2067 5214 2146 5282 l8)
2175 5210 2445 5266 Orationis
2476 5211 2757 5283 integritas
2787 5214 3038 5283 postulat,
3068 5210 3247 5271 ducius
3278 5228 3403 5272 esset
3430 5216 3594 5272 simu-

1993 5281 2235 5358 lationem
2265 5295 2308 5337 et
2330 5283 2532 5354 reliqui.
2673 5281 2814 5340 hanc
2845 5285 3149 5358 riolentiatn
3189 5289 3455 5358 episcopis
3491 5287 3596 5344 Ita-

1994 5353 2062 5428 lis
2104 5357 2294 5410 factam
2328 5353 2698 5428 relcrreiliccl
2727 5355 2868 5428 quod
2908 5353 3236 5413 Athanasius
3275 5353 3489 5426 apolog.
3526 5359 3593 5415 ad

1995 5425 2278 5482 Censtattt.
2305 5444 2358 5480 ιι.
2386 5427 2456 5483 29
2481 5425 2866 5503 :Occideittnles
2885 5431 3217 5503 episcoposoi
3235 5425 3334 5503 non
3361 5430 3593 5494 minima,

1995 5500 2100 5553 imo
2130 5499 2367 5554 uiolentia
2395 5501 2619 5555 maxima
2640 5496 2978 5572 grauibusque
2998 5496 3204 5573 injuriis
3230 5496 3438 5563 aﬂ’ectos
3465 5518 3592 5566 esse,

1998 5572 2158 5625 donec
2183 5572 2545 5652 pollicerentur
2569 5588 2623 5626 se
2733 5570 2990 5652 posterum
3031 5570 3312 5652 uobiscum.
3333 5588 3434 5626 non
3457 5590 3597 5628 com-

1998 5637 2369 5723 municatur‘os.
2400 5637 2848 5723 Communionem
2873 5640 3352 5723 igiturAlhanasio
3373 5659 3594 5716 negare,

1999 5711 2103 5771 hoc
2129 5722 2248 5770 erat
2265 5713 2621 5772 Orientalium
2651 5713 2862 5786 placitis
2885 5711 3127 5770 obedire.
