4106 6184
629 221 763 278 1551

1992 212 2308 271 LIBERIUS
2371 215 2542 269 ΙἈΙἈ
2557 253 2570 270 .

3714 226 3812 282 I353

619 345 819 391 nostra:
847 343 900 390 et
922 333 1076 388 saluti
1107 332 1186 406 (ιι)
1211 348 1322 389 suae
1347 333 1514 403 possit
1540 332 1591 386 in
1616 331 1865 386 omnibus
1913 331 2220 385 convenire.
2252 331 2300 388 A
2330 329 2470 400 quod
2498 328 2802 399 specialiter
2829 337 2977 401 optat
3009 328 3204 384 mentis
3235 337 3331 382 tua!
3359 345 3468 401 erga
3497 332 3637 389 Deum
3660 338 3815 396 sincera

619 427 700 483 Ex
731 426 1002 496 superfluo
1034 435 1210 482 autem
1243 426 1482 491 credidi,
1512 425 1906 480 ordinationem
1936 439 2113 478 causa:
2147 432 2227 476 to-

619 519 724 574 tius
753 517 1178 573 honoriﬁcentia:
1209 529 1312 571 tuae
1344 517 1536 572 litteris
1567 517 1863 580 insinuare,
1888 531 2010 568 cum
2039 529 2228 583 supra-

614 612 789 668 dictus
814 612 977 668 frater
1017 628 1167 668 meus
1198 613 1280 666 vel
1325 611 1441 682 ejus
1469 610 1694 666 comites
1749 607 1828 680 (ἓ)
1878 607 1930 662 in
1973 605 2225 677 praesenti

611 706 820 777 possint
849 705 1026 760 omnia
1073 706 1334 761 relatione
1364 719 1458 759 sua
1493 702 1720 758 referre.
1759 702 1898 754 Deus
1931 709 1982 755 te
2019 697 2226 754 incolu-

614 814 756 855 mcm
783 798 1071 865 custodiat,
1099 797 1317 853 domine
1341 796 1504 851 frater
1532 795 1831 852 carissime.

1169 931 1498 989 EPISTULA
1559 931 1638 1004 (δ)

613 1064 761 1107 MISSA
786 1065 854 1106 AD
879 1062 1247 1105 CONSTAN'I‘IUI
1270 1059 1652 1101 IIPERATOREM
1676 1061 1708 1098 Α
1739 1057 1952 1098 ιιιςειιιο
1976 1055 2225 1098 EPISCOPO

845 1157 994 1197 URBIS
1025 1155 1186 1196 ROIIE
1216 1155 1318 1193 PER
1347 1151 1650 1192 LUCIFEHUM
1681 1149 1994 1190 EPISCOPUM.

1262 1232 1427 1297 (Anno
1448 1230 1584 1290 554.)

612 1321 970 1379 Constantium
998 1321 1093 1376 sibi
1123 1320 1345 1392 placare,
1377 1327 1423 1372 et
1455 1316 1723 1371 concilium
1768 1332 1869 1388 quo
1924 1311 2038 1386 paci
2063 1313 2222 1367 eccleo

772 1417 966 1471 siarunt
995 1413 1314 1478 consulatur,
1336 1409 1399 1465 ab
1427 1427 1484 1464 eo
1512 1411 1788 1479 impetrare
1816 1417 2049 1462 conatur.

612 1529 1016 1587 Gloriosissimo
1036 1528 1354 1586 Constantio
1385 1528 1625 1596 Augusto
1649 1523 1897 1579 Liberius
1915 1524 2218 1594 episc0pus.

687 1645 730 1700 l.
777 1643 1064 1700 Constantii
1113 1660 1234 1714 erga
1287 1642 1546 1696 Liberium
1591 1639 1940 1710 implacabilis
1994 1638 2219 1692 animus.

2331 423 2564 486 devotio,
2598 438 2718 476 cum
2768 422 2891 477 fidei
2939 436 3098 476 causa
3121 463 3135 482 ,
3170 422 3222 475 in
3253 437 3348 491 qua
3396 424 3546 493 prima
3578 429 3702 483 nobis
3730 447 3818 500 spes

2329 529 2411 571 est
2440 517 2505 571 ad
2554 516 2719 571 Deum
2741 558 2756 583 ,
2791 515 3075 587 diligenter
3115 516 3296 570 fuisset
3325 525 3552 584 tractata,
3593 523 3658 592 (b')
3686 539 3821 580 neeo-

2330 624 2445 663 rum
2469 650 2482 674 ,
2527 609 2616 678 qui
2659 618 2895 663 nostram
2927 609 3068 664 circa
3112 609 3277 663 Deum
3305 611 3655 667 observantiam
3690 618 3821 674 mirari

2330 702 2562 768 debent,
2593 712 2815 774 possent
2842 701 3006 757 ﬁniri.
3043 703 3108 757 Et
3137 703 3350 772 dignum
3376 702 3531 759 fuerat
3555 705 3631 761 Dei
3655 709 3822 777 cultore,

2329 796 2550 868 dignum
2583 795 2812 864 Imperio
2841 805 2932 851 tuo
2955 839 2967 860 ,
2997 795 3140 867 quod
3173 795 3367 852 Christi
3409 799 3584 868 pietate
3605 801 3765 870 regitur
3791 813 3827 858 et

2329 901 2575 961 augetur,
2613 891 2919 961 specialiter
2951 891 3052 946 hoc
3075 891 3247 960 ipsum
3281 906 3371 960 pro
3394 895 3655 948 reverentia
3681 906 3827 952 sancta:

2329 983 2633 1052 religionis,
2689 984 2772 1038 cui
2824 983 3117 1053 prudenter
3166 985 3396 1038 intentus
3441 1001 3521 1048 es,
3565 987 3827 1043 clementiam

2329 1083 2473 1130 tuam
2506 1076 2661 1130 nobis
2683 1075 2748 1129 ad
2777 1078 2889 1130 haec
2912 1075 3242 1146 impetranda
3276 1086 3532 1144 prmslare.

2399 1167 2462 1224 II.
2505 1167 2739 1222 Liberius
2768 1169 2831 1223 de
2877 1170 3168 1238 suppressis
3209 1168 3529 1223 Orientalium
3555 1171 3706 1227 litteris
3738 1174 3833 1243 {alio

2328 1261 2816 1334 postulatus.—Sed
2849 1262 2999 1315 multi
3037 1261 3287 1316 Ecclesia:
3313 1263 3534 1318 membra
3554 1264 3828 1324 lacerarefes-

2331 1362 2498 1415 tinant
2521 1404 2534 1428 ,
2565 1361 2656 1430 qui
2684 1359 3064 1415 conﬁnxerunt
3093 1375 3178 1414 me
3206 1359 3409 1413 litteras
3433 1362 3766 1431 suppressisse,
3785 1380 3832 1419 ne

2331 1451 2556 1508 crimina
2599 1452 2750 1521 ejus,
2797 1467 2954 1522 quem
2998 1451 3318 1506 dicebantur
3357 1450 3701 1508 condemnasse
3734 1455 3832 1524 apud

2329 1560 2518 1601 omnes
2551 1553 2813 1614 paterent.
2849 1543 2992 1611 Quas
3017 1545 3095 1616 (7)
3130 1544 3248 1598 illas
3276 1543 3504 1598 litteras?
3531 1545 3833 1614 EPISCuportlffl

2328 1637 2681 1693 Orientalium
2708 1677 2724 1702 ,
2774 1645 2830 1690 et
2877 1635 3252 1707 Egyptiorum
3279 1679 3294 1704 ,
3345 1636 3525 1707 quibus
3566 1637 3611 1691 in
3651 1640 3834 1694 omnibus

610 1741 895 1798 Concilium
944 1742 1179 1812 petitum.
1226 1769 1300 1779 —
1347 1738 1586 1794 Obsecro
1618 1735 1697 1806 (4)
1720 1777 1733 1797 ,
1780 1733 2219 1805 tranquillissime
2253 1729 2302 1790 B
2329 1731 2518 1788 eadem
2549 1731 2600 1785 in
2632 1731 2987 1785 Athanasium
3018 1731 3243 1785 crimina
3278 1730 3686 1785 continebantur?
3709 1733 3837 1784 Αιδη-

614 1833 928 1903 imperator,
962 1840 1020 1887 ut
1049 1831 1179 1886 mihi
1210 1830 1468 1900 benignas
1498 1843 1656 1884 aures
1686 1827 1971 1883 clementia
2007 1837 2092 1879 tua
2123 1825 2218 1878 tri-

608 1928 758 1990 buat,
792 1942 897 1998 quo
926 1926 1100 1998 possit
1125 1923 1524 1979 mansuetudini
1555 1931 1659 1977 tua:
1690 1921 1886 1976 mentis
1919 1934 2053 1975 meae
2089 1933 2216 1988 pro-

609 2021 842 2093 positum
873 2037 1157 2091 apparere.
1195 2021 1270 2074 De
1300 2017 1610 2072 Christiano
1637 2016 1780 2072 enim
1813 2017 2138 2084 imperatore
2159 2024 2215 2069 et

611 2123 814 2168 sancta:
863 2111 1139 2166 memoria:
1182 2108 1519 2164 Constantini
1566 2108 1678 2163 ﬁlio
1724 2109 1827 2162 hoc
1878 2109 2053 2176 ipsum
2101 2105 2221 2161 sine

611 2203 954 2260 cunctatione
979 2217 1194 2258 mereor
1215 2202 1528 2270 impetrare.
1552 2199 1657 2256 Sed
1686 2200 1738 2254 in
1770 2215 1836 2254 eo
1861 2215 1947 2254 me
1974 2199 2224 2254 laborare

613 2296 878 2368 intelligo,
907 2296 1032 2367 quia
1066 2295 1290 2365 repetita
1323 2294 1690 2349 satisfactione
1721 2293 2036 2364 placabilem
2061 2294 2223 2349 etiam

615 2391 758 2446 circa
789 2388 872 2463 (5)
908 2404 1030 2445 reos
1059 2389 1299 2444 animum
1330 2399 1478 2442 tuum
1523 2387 1574 2442 in
1603 2389 1829 2458 gratiam
1860 2402 2034 2442 meam
2063 2401 2224 2441 revo-

615 2499 742 2540 care
773 2500 879 2537 non
911 2497 1150 2554 possum.
1184 2480 1376 2538 Sermo
1408 2481 1554 2535 enim
1589 2480 1802 2550 pietatis
1831 2489 1934 2534 tua:
1961 2521 1976 2544 ,
2008 2479 2226 2549 jamdu-

619 2576 748 2632 dum
772 2574 840 2630 ad
863 2576 1117 2646 populum
1143 2576 1364 2640 missus,
1396 2590 1482 2630 me
1505 2574 1742 2644 quidem,
1771 2589 1932 2645 quem
1960 2574 2228 2644 patienter

620 2670 800 2725 omnia
831 2668 972 2724 ferre
1003 2683 1226 2726 necesse
1251 2676 1362 2732 est,
1396 2668 1683 2737 plurimum
1715 2667 1918 2722 lacerat
1944 2684 1956 2720 :
1988 2665 2084 2721 sed
2113 2666 2230 2721 ani-

622 2779 770 2821 mum
803 2774 972 2828 tuum,
995 2762 1085 2834 qui
1110 2761 1316 2819 lenitati
1340 2777 1554 2832 semper
1583 2771 1755 2827 vacat,
1791 2763 1878 2830 qui
1909 2775 2224 2829 numquam,

623 2866 682 2912 ut
708 2855 966 2926 scriptum
993 2865 1112 2923 est,
1146 2857 1198 2910 in
1228 2869 1478 2910 occasum
1511 2853 1616 2908 diei
1650 2851 1983 2908 iracundiam
2011 2863 2224 2918 servat,

627 2950 859 3006 retinere
875 2950 1012 3004 circa
1033 2963 1119 3004 me
1145 2947 1561 3018 indignationem
1579 2945 1842 3002 miraculo
1856 2944 1984 2999 mihi
2001 2944 2226 3015 est.Ego

625 3046 790 3112 enim,
806 3043 1206 3115 religiosissime
1222 3041 1539 3112 Imperator,
1557 3049 1730 3096 tecum
1747 3055 1928 3096 veram
1946 3055 2130 3110 pacem
2145 3056 2227 3095 re-

2329 1827 2395 1880 tis
2423 1825 2672 1881 omnibus
2701 1824 2906 1880 clarum
2955 1835 3038 1879 est
3062 1865 3078 1890 ,
3124 1840 3227 1880 nec
3267 1824 3536 1896 quisquam
3575 1834 3733 1895 negat,
3767 1839 3834 1879 nos

2327 1918 2677 1974 Orientalium
2715 1916 2919 1972 litteras
2963 1915 3244 1972 intimasse
3271 1959 3284 1982 ,
3317 1917 3501 1985 legisse
3536 1918 3764 1982 ecclesias,
3786 1918 3838 1974 le-

2327 2014 2468 2084 gisse
2499 2013 2752 2072 concilio,
2787 2021 2948 2082 atque
2979 2011 3058 2083 (8)
3090 2011 3206 2066 haec
3235 2013 3395 2067 etiam
3425 2012 3737 2068 Orientalibus
3759 2028 3836 2067 res-

2333 2108 2588 2178 pondisse
2623 2126 2634 2160 :
2666 2109 2754 2178 qui
2788 2108 2947 2162 ﬁdem
2980 2117 3033 2162 et
3059 2109 3383 2164 sententiam
3414 2125 3513 2164 non
3551 2110 3831 2164 commodari-

2329 2215 2450 2255 mus
2501 2210 2778 2267 nostram,
2831 2199 2972 2270 quod
3021 2200 3210 2256 eodem
3266 2211 3500 2270 tempore
3545 2201 3613 2274 (9)
3638 2203 3835 2272 octoginta

2330 2291 2708 2362 episcoporum
2758 2290 3136 2364 )Egyptiorum
3196 2293 3267 2348 tle
3323 2292 3601 2349 Athanasio
3645 2295 3838 2350 sententia

2331 2386 2696 2456 repugnabat,
2765 2402 2924 2456 quam
3019 2385 3276 2440 similiter
3359 2388 3671 2441 recitarimus
3718 2395 3833 2455 atque

2331 2477 2723 2556 insinuavimus
2798 2481 3069 2552 episcopis
3152 2480 3324 2536 Italis.
3385 2479 3532 2538 Unde
3590 2487 3737 2535 contra
3784 2479 3840 2532 di-

2333 2576 2508 2630 vinam
2578 2577 2750 2646 legem
2839 2576 3013 2630 visum
3089 2584 3172 2630 est
3243 2577 3448 2640 etiam,
3513 2591 3620 2631 cum
3685 2576 3838 2644 episcoo

2334 2684 2523 2739 porum
2559 2685 2814 2725 numerus
2873 2685 2972 2741 pro
3031 2670 3332 2726 Athanasio
3388 2669 3553 2741 major
3602 2669 3839 2734 exsisteret,

2336 2761 2388 2816 in
2460 2771 2609 2832 parte
2676 2763 2850 2832 aliqua
2939 2764 3292 2819 commodare
3382 2778 3692 2818 consensum.
3757 2760 3841 2813 Hac

2333 2856 2533 2924 scripta
2557 2897 2570 2918 ,
2602 2855 2644 2909 si
2679 2855 2786 2910 Deo
2815 2855 2975 2910 ﬁdem
3007 2857 3121 2927 (10)
3143 2857 3310 2912 debet
3335 2857 3584 2912 Eusebius
3608 2857 3682 2927 qui
3708 2854 3843 2909 missus

2337 2949 2510 3003 fuerat
2540 2949 2801 3004 festinans
2844 2949 2912 3004 ad
2944 2949 3206 3016 Africam,
3231 2952 3389 3006 nobis
3422 2951 3613 3020 reliquit
3645 2968 3654 3001 :
3681 2957 3842 3018 quzcta-
3974 2973 3975 3038 ι

2338 3058 2458 3098 men
2492 3051 2673 3112 postea
2707 3043 2884 3098 omnia
2918 3045 3140 3114 scripta,
3177 3060 3244 3100 ne
3286 3045 3352 3099 ad
3383 3041 3730 3115 impetrandum
3753 3039 3845 3094 forte
3974 3043 3975 3067 ‘

627 3138 806 3208 quiro,
821 3153 940 3208 quae
953 3153 1059 3191 non
1072 3135 1139 3190 sit
1155 3136 1330 3191 verbis
1343 3134 1860 3204 compositainterna
1878 3132 2231 3203 dispositione
2263 3127 2308 3192 C
2340 3136 2626 3191 c0ncilium
2656 3136 2930 3204 deessent,
2961 3137 3282 3194 Vincentius
3308 3141 3536 3210 quicum
3563 3137 3738 3193 czelet'is
3760 3133 3846 3187 mis-

631 3231 974 3296 fallacne;sed
990 3229 1270 3301 praeceptis
1287 3227 1694 3298 Evangeliorum
1709 3227 2096 3283 rationabiliter
2109 3243 2240 3282 cou-

629 3324 858 3380 ﬁrmata.
880 3323 1286 3379 NonAthanasii
1306 3333 1508 3378 tantum
1523 3322 1814 3393 negotium,
1835 3321 1930 3376 sed
1953 3321 2114 3376 multa
2133 3321 2239 3377 alia

631 3421 685 3477 in
717 3417 952 3473 medium
977 3425 1238 3472 venerunt
1267 3424 1617 3486 pr0pterqua:
1633 3413 1918 3469 concilium
1952 3413 2064 3469 ﬁeri
2090 3431 2240 3470 man-

631 3511 970 3568 suetudinem
1003 3521 1142 3566 tuam
1174 3508 1379 3564 fueram
1409 3510 1728 3577 deprecatus
1759 3523 1770 3560 :
1806 3515 2002 3561 utante
2032 3507 2232 3576 omnia,

703 3641 784 3717 (t)
813 3643 964 3709 Apud
1001 3644 1194 3700 Baron.
1229 3643 1382 3699 saluti
1415 3653 1534 3698 tuae.
1578 3642 1800 3698 Rectius
1841 3643 1981 3712 apud
2013 3642 2231 3699 Ferrer.

633 3717 787 3770 saluti
816 3731 942 3770 suae.

705 3786 789 3856 (2)
819 3787 946 3842 Seii.
981 3787 1291 3842 Pancratius
1312 3787 1594 3857 presbyter
1619 3797 1672 3841 et
1696 3785 1928 3841 Hilarius
1949 3785 2230 3856 diaconus,

633 3859 706 3913 uti
732 3859 1045 3912 declaratur
1068 3858 1119 3912 in
1147 3859 1372 3927 epistola
1400 3858 1667 3928 sequenti.

706 3929 787 4000 (ὅ)
815 3929 890 3984 Es
923 3927 1108 3984 Hilarii
1139 3929 1438 3998 fragmento
1461 3946 1490 3981 v
1549 3929 1704 3984 nobis
1727 3931 2120 3997 suppeditatur.
2153 3930 2228 3985 Ibi

629 4001 845 4073 epistola
866 4002 1167 4073 legatorum,
1203 4004 1305 4055 hoc
1332 4009 1436 4073 est,
1463 4016 1623 4071 quam
1659 4002 1817 4071 legati
1847 4002 2226 4070 perferendam

629 4071 974 4143 acceperunt,
1009 4072 1338 4143 inscribitur.
1370 4071 1506 4140 Ipsis
1532 4087 1633 4143 una
1665 4087 1786 4126 cum
1811 4075 2089 4142 superiore
2119 4083 2230 4128 tra-

630 4142 741 4198 dita
765 4142 869 4198 est.
907 4144 1167 4199 Baronius
1198 4142 1264 4198 ad
1295 4159 1493 4197 auntnn
1535 4142 1660 4208 554,
1705 4160 1760 4197 ιι.
1786 4143 1842 4205 2,
1879 4144 2125 4200 eamdem
2157 4161 2223 4200 ex

631 4213 958 4270 bibliotheca
992 4215 1210 4270 Patrum
1240 4215 1372 4268 edit.
1413 4213 1584 4268 Paris.
1609 4215 1921 4283 exscripsit.

708 4283 788 4356 (4)
827 4286 978 4353 Apud
1010 4286 1202 4340 BarOn.
1237 4283 1403 4356 Opto;
1433 4294 1486 4338 et
1508 4299 1778 4352 mox,quo
1809 4287 2078 4356 possim...
2101 4304 2226 4358 ape-

633 4359 758 4422 rire,
793 4372 888 4423 pro
913 4373 1011 4422 quo
1041 4358 1320 4426 possit....,
1352 4371 1618 4426 apparere.

707 4427 788 4500 (5)
822 4427 1017 4482 Alludit
1044 4429 1108 4480 ad
1133 4428 1183 4482 id
1215 4426 1787 4500 quodjthanasiusin
1816 4426 2038 4500 historia
2073 4431 2225 4485 Aria-

2341 3244 2434 3284 sus
2461 3228 2631 3284 fuerat
2652 3229 2925 3285 Arelatnm
2951 3231 3186 3301 pertulit.

2415 3321 2504 3374 Ill.
2535 3323 2579 3374 A
2607 3322 2904 3377 criminibus
2941 3323 3038 3376 sibi
3067 3324 3253 3378 oblatis
3279 3343 3336 3380 se
3362 3335 3560 3397 purgat.
3581 3323 3713 3379 Videt
3741 3319 3847 3389 igitur

2340 3413 2623 3485 prudentia
2678 3425 2799 3480 tua,
2844 3415 2979 3470 nihil
3029 3416 3079 3470 in
3136 3417 3380 3472 animum
3439 3432 3606 3473 rueum
3646 3412 3844 3475 introisse,
3972 3387 3973 3453 l

2337 3509 2479 3581 quod
2510 3510 2617 3565 Deo
2657 3509 3017 3566 servientibus
3048 3527 3154 3566 non
3195 3511 3418 3582 dignum
3465 3511 3624 3566 fuerat
3658 3506 3844 3576 cogitare.

2337 3649 2486 3704 lisse.
2532 3647 2586 3702 Id
2622 3649 2875 3703 nimirum
2910 3658 3034 3702 tunc
3062 3649 3132 3704 ab
3173 3658 3404 3718 utraque
3433 3661 3574 3716 parte
3601 3644 3840 3718 repetitum

2375 3721 2478 3775 und
2505 3720 2650 3775 Julio
2675 3722 3044 3788 pOotilicatum
3077 3723 3295 3776 ineunte
3318 3715 3572 3774 tentatum
3590 3715 3684 3786 jaiii
3709 3715 3842 3788 fuerat.

2335 3780 2448 3846 IIoc
2478 3792 2544 3846 de
2568 3780 2837 3862 IEgjrptiis
2876 3793 3193 3846 nominatim
3242 3791 3478 3848 Hilarius
3520 3780 3640 3860 frag.
3668 3803 3727 3849 tv,
3751 3780 3845 3862 ad.

2337 3873 2562 3918 testatur
2596 3882 2610 3917 :
2640 3853 2842 3935 Quales
2883 3865 3064 3917 littera:
3108 3879 3172 3916 ea:
3222 3863 3460 3935 Egypto
3503 3853 3627 3935 οηιῶ
3671 3853 3846 3935 nti/acab

2333 3927 2764 3989 Alexandi-io’ad
2810 3933 3014 3988 Iulium
3068 3936 3266 4004 pridem
3303 3927 3385 3989 'd'e'
3403 3932 3645 3990 reddenda
3665 3927 3848 4004 exsulanti

2333 4007 2615 4078 Athanasio
2640 4007 2998 4078 communione
3025 3993 3170 4060 erant
3195 4009 3423 4078 scriptae,
3457 4006 3575 4078 tales
3603 4019 3788 4078 ninia...
3806 3993 3849 4046 ad

2331 4077 2590 4132 Liberium
2613 4077 2748 4132 data:
2789 4087 2908 4132 sunt
2950 4079 3012 4132 de
3039 4079 3248 4132 tuenda.
3281 4075 3718 4145 Quemadmodum
3735 4075 3848 4145 gliim

2329 4149 2503 4225 Julius
2529 4148 2689 4218 epist.
2723 4165 2764 4225 ι,
2795 4165 2850 4203 n.
2881 4149 2935 4225 9,
2965 4150 3252 4225 quominus
3285 4141 3628 4225 Athanasium
3643 4159 3708 4225 es
3734 4141 3848 4225 East:
3968 4155 3969 4225 γ

2331 4204 2613 4275 bianoruin
2647 4204 2956 4275 testimonio
2977 4204 3278 4287 damnaret,
3315 4221 3443 4275 inde
3470 4235 3526 4274 se
3555 4211 3779 4287 prohiberi
3797 4204 3850 4258 al-

2331 4291 2620 4356 ﬁrmabat,
2670 4292 2824 4364 quod
2880 4285 3271 4364 innocentiam;
3301 4292 3444 4364 illius
3493 4285 3708 4364 Egyptii
3745 4285 3850 4364 longe
3965 4307 3967 4364 η

2333 4363 2878 4431 plurcstesmbautur,
2897 4365 2964 4417 ita
2988 4376 3041 4418 et
3073 4379 3212 4418 nunc
3235 4363 3485 4419 Liberius
3510 4362 3680 4418 eadem
3707 4362 3849 4431 ratione
3965 4362 3967 4402 i

2328 4427 2652 4489 Arianorum
2695 4427 3151 4499 expostulationes
3190 4434 3405 4490 refellit.
3447 4431 3685 4502 Quocirca
3709 4427 3849 4502 ispwl

632 4497 908 4576 ηοὲμηιεξό
936 4497 1244 4576 ιιιυηειοιιρεί
1269 4515 1322 4553 no
1475 4498 1553 4553 Sic
1595 4498 1826 4576 explica!
1857 4516 1869 4550 ε
1902 4498 2038 4576 Dm"
2081 4503 2220 4576 epis-
2247 4512 2302 4573 1)
2327 4507 2675 4561 Οτίειιιειτὶιιιιι
2722 4497 3205 4576 Ᾱῐεγιιιὶοτιιηιαυθ
3253 4497 3489 4561 ιίιιιθιυειεέ⁷
3531 4503 3722 4576 minime
3757 4497 3851 4576 inter

632 4573 748 4639 capi
789 4571 1146 4643 ablegarentur
1181 4571 1235 4624 in
1279 4570 1508 4643 exilium,
1558 4571 1743 4623 accidit
1798 4570 2046 4642 quosdam
2091 4570 2223 4626 alios

635 4643 788 4698 cwdis
831 4641 919 4698 vel
945 4643 1209 4697 seditionis
1245 4641 1327 4696 vel
1363 4642 1490 4712 furti
1543 4657 1655 4695 reos
1689 4658 1780 4710 pro
1812 4641 2027 4697 sceleris
2073 4643 2229 4698 modo

634 4715 1025 4769 condemnari:
1089 4731 1216 4784 quos
1297 4713 1500 4782 quidem
1570 4723 1681 4782 post
1763 4729 1958 4768 menses
2043 4732 2231 4782 paucos

635 4798 842 4854 rogatus
861 4786 966 4850 ille,
997 4785 1421 4856 quemadmodum
1453 4784 1739 4838 Barabbam
1775 4784 1994 4850 Pilatus,
2027 4804 2058 4838 a
2083 4801 2232 4851 paena

636 4856 849 4979 abjozvit
874 4875 892 4912 :
914 4862 1068 4912 servis
1088 4868 1258 4912 autem
1295 4857 1604 4912 Christi.....
1627 4857 1915 4911 immortale
1948 4874 2002 4911 se
2037 4858 2228 4912 malum

638 4941 756 4979 exn
793 4939 888 4979 uit.

638 4927 888 4983 exhibuit.

711 4995 792 5068 (6)
821 4999 972 5067 Apud
1005 5000 1202 5056 Baron.
1238 5017 1328 5055 nec
1354 5016 1548 5055 eorum.
1588 4999 1866 5055 Mallemus
1907 5010 2024 5054 tunc
2055 5016 2229 5054 eorum

638 5070 939 5137 supplendo
971 5087 1157 5126 cuusw.
1207 5073 1316 5126 lloc
1362 5074 1506 5126 enim
1548 5073 1647 5126 sibi
1691 5072 1803 5126 vult
1841 5070 2090 5126 Liberius
2119 5073 2224 5137 hic,

638 5139 782 5211 quod
813 5137 946 5194 infra
971 5143 1261 5214 epistaseu
1299 5141 1328 5214 ς
1354 5143 1410 5208 9,
1460 5142 1749 5197 Eusebium
1777 5143 2070 5212 spadonem
2099 5143 2231 5197 allo-

638 5227 812 5282 quens
851 5211 1044 5283 repetit
1083 5231 1096 5266 :
1134 5211 1367 5267 Primum
1386 5215 1550 5268 omnis
1588 5214 1652 5268 de
1674 5215 1776 5282 ﬁde
1804 5211 2048 5268 dissensio
2067 5214 2230 5268 absci-

639 5285 808 5338 denda
831 5293 925 5348 est,
949 5300 1010 5338 ac
1026 5283 1221 5356 deinde
1246 5285 1350 5337 alia
1378 5285 1920 5356 negotiarexcutienda.

715 5356 865 5426 (7)In
894 5371 994 5411 ms.
1023 5354 1163 5410 Pith.
1190 5353 1290 5408 hoc
1311 5364 1393 5409 est
1416 5353 1466 5408 in
1491 5355 1785 5480 archetypo
1809 5357 2232 5426 fragmentorum

715 5427 851 5480 larii.
907 5428 1052 5480 auasi
1089 5425 1232 5480 illus.
1269 5425 1346 5479 Ex
1397 5427 1496 5478 hoc
1525 5426 1646 5480 loco
1706 5428 1855 5480 iuuet
1905 5428 2228 5480 Orienialcs.

640 5425 851 5500 Hilarii,
907 5428 1052 5500 quasi
1089 5425 1232 5481 illus.
1265 5425 1346 5500 Ex
1397 5426 1646 5500 lioc__loco
1684 5425 1855 5500 liquet
1900 5428 2228 5500 Orieniales,

638 5496 743 5553 hoc
765 5511 848 5554 est
877 5496 1127 5563 Arianos,
1153 5498 1335 5552 statim
1366 5505 1422 5551 ut
1447 5496 1717 5551 Liberium
1743 5497 1869 5551 Julii
1899 5498 2018 5554 loco
2039 5497 2235 5552 suffec-

645 5578 758 5625 tum
781 5573 1100 5639 rescierunt,
1131 5571 1337 5626 litteras
1368 5567 1432 5623 ad
1455 5583 1576 5624 eum
1593 5568 1806 5639 misisse
1833 5569 2116 5623 calumniis
2140 5569 2238 5624 ad-

646 5656 841 5697 versus
883 5638 1235 5699 Athanasium
1260 5639 1489 5697 refertas
1510 5682 1525 5707 ,
1556 5638 1901 5710 vicissimque
1931 5639 2232 5711 Egyptios,

649 5713 826 5768 missis
857 5713 1043 5769 eodem
1069 5726 1306 5785 tempore
1339 5714 1530 5770 litteris
1550 5755 1565 5781 ,
1593 5711 1888 5770 calumnias
1918 5711 2038 5768 illas
2067 5711 2235 5784 depu-

2333 4594 2392 4632 se
2421 4571 3143 4640 conseutieutes'exstitisse,
3171 4588 3336 4647 atque
3362 4586 3421 4631 ut
3449 4576 3626 4647 eadem
3662 4571 3853 4647 ailteﬁlls

2335 4649 2689 4703 Athanasium
2723 4650 2946 4703 crimina
2974 4644 3340 4715 continuerunt,
3378 4648 3558 4720 procul
3580 4644 3776 4720 abfuisse
3795 4648 3855 4720 os-

2335 4721 2528 4774 tendit.
2556 4720 2650 4774 Ille
2677 4721 2893 4789 quidem
2925 4721 3127 4774 litteras
3152 4707 3440 4774 calumniis
3470 4731 3569 4774 tam
3595 4712 3762 4789 apertis
3781 4707 3855 4789 ple-

2333 4807 2431 4864 nas
2461 4787 2799 4861 supprimere
2840 4791 2904 4864 iis
2952 4792 3250 4864 rationibus
3279 4802 3510 4860 poterat,
3554 4787 3728 4864 quibus
3747 4787 3857 4864 autcf

2333 4809 2431 4846 nas
2461 4809 2799 4861 supprimere
2840 4809 2904 4845 IIS
2952 4809 3250 4846 rallmlllﬂls
3279 4809 3510 4860 ρυιριήι,
3554 4809 3728 4864 fluuius.
3747 4809 3857 4833 διιυω

2333 4863 2634 4934 Cyprianus
2683 4863 2975 4930 epistolisI
3009 4873 3062 4916 et
3085 4863 3141 4926 2,
3173 4863 3238 4917 ad
3285 4864 3594 4917 Cornelium
3633 4859 3857 4910 CM'ISSCSC

2334 4934 2484 4997 dicit,
2509 4950 2574 4988 ue
2593 4933 3058 4989 schismaticorum
3084 4935 3292 4989 libellus
3313 4935 3572 4988 conviciis
3591 4926 3780 4984 refertus
3797 4934 3861 4997 pu-

2334 4926 2484 5000 dic'it,
2509 4950 2574 4988 ue
2593 4926 3058 4989 schismaticorum
3084 4935 3292 4989 libellus
3313 4935 3572 4988 conviciis
3591 4926 3780 4984 refertus
3797 4934 3861 5001 pu-

2337 4989 2683 5059 blice'ciiram
2717 5007 2912 5070 pOpqu
2941 5005 3210 5075 legeretur
3235 5023 3246 5057 :
3270 5006 3366 5060 sed
3404 5001 3730 5075 querimonia:
3748 4989 3859 5075 cuili-

2335 5077 2424 5130 bet
2448 5063 3246 5146 praecludere'volensuaditum,
3273 5077 3403 5131 amb
3422 5063 3552 5131 irum
3583 5070 3774 5143 partium
3793 5063 3852 5115 lit-

2339 5143 2480 5203 teras
2510 5149 2560 5201 in
2587 5147 2816 5202 ecclesia
2839 5149 3050 5202 recitari
3077 5149 3302 5203 curavit.
3962 5143 3963 5156 ¹

2407 5241 2484 5315 (8)
2517 5241 2671 5305 Apud
2719 5241 2922 5298 Baron.
2944 5243 3014 5296 ad
3041 5243 3182 5308 lucc,-
3212 5241 3454 5297 abundat
3493 5233 3766 5315 prmpositio
3786 5228 3855 5312 ,πάι

2339 5311 2457 5367 Mox
2499 5315 2664 5383 magis
2717 5313 2974 5382 placeret,
3006 5316 3126 5383 quia
3167 5315 3230 5368 iis
3269 5314 3427 5378 ﬁdem
3455 5329 3470 5368 :
3501 5321 3556 5367 ut
3597 5311 3672 5365 hic
3711 5301 3858 5360 milth

2407 5241 2484 5315 (8)
2517 5241 2671 5305 Αβυά
2719 5241 2922 5315 Baron.
2944 5243 3014 5296 ad
3041 5243 3182 5308 lucc,-
3212 5241 3454 5315 ahnndat
3493 5228 3855 5315 prmpositionotl:

2337 5301 2664 5386 liliix't‘nagis
2717 5313 2974 5386 placeret,
2992 5316 3126 5386 quia
3165 5301 3230 5368 iis
3269 5314 3427 5386 ﬁdem
3455 5329 3470 5368 :
3495 5301 3556 5367 ut
3597 5301 3672 5365 hic
3711 5301 3858 5360 intlin

2339 5385 2587 5442 Liberius
2617 5386 2744 5454 quid
2766 5385 3130 5440 Orientalibus
3161 5385 3525 5454 responderit.

2413 5478 2492 5552 (9)
2517 5478 2666 5552 Apud
2690 5477 2885 5552 Baron.
2899 5479 3242 5552 septuaginta
3255 5479 3483 5552 quinque
3498 5493 3516 5531 .'
3529 5463 3859 5552 exemplaflbllf

2343 5540 2529 5607 Hilarii
2553 5540 2611 5605 ut
2639 5560 2694 5606 et
2719 5550 2944 5620 epistola
2965 5540 3027 5604 in
3054 5540 3245 5621 sinodi
3267 5540 3610 5606 'Sardicensis
3633 5545 3693 5600 ad
3712 5540 3858 5596 lolium

2344 5640 2396 5678 ιι.
2424 5623 2480 5688 2,
2515 5621 2926 5692 refragantibus.

2414 5713 2528 5786 (10)
2545 5715 2600 5769 In
2639 5712 2772 5770 bibl.
2800 5713 2902 5770 PP.
2945 5714 3088 5772 debet
3135 5713 3472 5772 Theo-sobius.
3525 5714 3701 5770 Baron.
3747 5699 3862 5759 hab“
