4106 6184
253 5808 259 5825 1

254 5840 263 5865 Ι.

289 5854 319 5871 4

354 217 381 271 1
392 216 493 270 355

1319 202 1651 261 EPISTOLA
1689 194 1942 255 LIBER“
1982 194 2076 250 AD
2113 186 2624 248 CONSTANTIUM.

3509 151 3650 243 issi

351 324 527 380 Testis
555 329 734 376 autem
773 320 903 376 mihi
935 328 1014 374 est
1047 321 1188 374 Dcus
1211 361 1224 383 ,
1259 318 1412 372 testis
1433 327 1515 373 est
1544 323 1651 370 tota
1683 329 1802 371 cum
1831 314 1942 369 suis
1972 309 2020 371 Α
2048 308 2094 363 si
2118 306 2314 378 synodo
2370 306 2650 374 preposim.
2692 334 2763 351 -ρ
2795 303 2991 370 Accipe
3020 301 3162 356 aliud
3189 343 3202 365 ,
3233 302 3356 370 quia
3387 301 3650 371 tranquil-

352 416 605 472 mcmbris
634 414 910 480 Ecclesia,
944 430 1029 469 me
1060 414 1163 468 iitlc
1197 422 1252 467 et
1292 422 1435 465 metu
1479 412 1530 464 in
1567 411 1732 464 Deum
1766 423 1944 462 meum

350 516 540 565 cuntta
571 506 863 568 mundana,
902 505 976 561 ita
1011 515 1067 561 ut
1092 504 1401 573 evangeliea
1441 514 1491 557 et
1520 500 1819 571 apostolica
1863 517 1949 554 ra-

351 602 424 658 tio
452 601 725 673 praecepit,
764 598 973 655 calcare
1010 609 1173 668 atque
1201 598 1462 653 calcasse.
1494 593 1609 650 Non
1656 594 1836 649 furore
1868 601 1947 649 tc-

351 693 610 759 merario,
639 692 735 749 sed
762 694 1058 747 constituto
1086 701 1248 761 atque
1282 688 1573 743 observato
1594 688 1714 757 jure
1738 686 1944 749 divino,

350 797 514 859 atque
557 788 610 843 in
660 788 768 842 alio
811 786 1111 842 ministerio
1150 784 1520 840 ecclesiastico
1560 783 1769 848 vivens,
1814 778 1949 835 nihil

355 897 452 953 per
473 880 813 953 iactantiam,
835 878 966 934 nihil
990 894 1086 950 per
1112 877 1297 950 gloriae
1318 875 1692 944 cupiditatem,
1713 871 1858 945 quod
1880 870 1948 927 ad

353 973 529 1044 legem
559 972 858 1044 pertinebat
887 971 1106 1041 implevi
1134 987 1148 1022 :
1173 979 1228 1024 et
1249 968 1314 1022 ad
1344 967 1484 1022 istud
1507 966 1761 1030 ollicium,
1797 964 1949 1020 testis

351 1076 434 1121 est
463 1064 595 1119 mihi
626 1065 764 1119 Deus
796 1080 969 1127 meus,
1001 1063 1199 1118 invitus
1241 1061 1485 1122 accessi;
1535 1060 1588 1115 in
1634 1076 1742 1130 quo
1790 1056 1949 1128 cupio

349 1158 564 1231 quidem
595 1158 713 1214 sine
736 1158 938 1213 oll‘ensa
968 1157 1059 1213 Dei
1092 1197 1108 1222 ,
1146 1153 1402 1228 quamdiu
1449 1153 1502 1208 in
1533 1153 1732 1208 smculo
1774 1150 1947 1217 fuero,

349 1267 688 1324 permanere.
719 1249 787 1306 Et
816 1265 1090 1321 nunquam
1118 1263 1239 1302 mea
1283 1254 1483 1301 statuta
1506 1287 1522 1314 ,
1553 1244 1651 1301 sed
1688 1243 1951 1314 apostoli-

347 1365 431 1416 ca,
464 1360 523 1405 ut
553 1358 740 1406 essent
785 1363 1004 1419 semper
1037 1350 1244 1402 lirmata
1283 1353 1340 1401 et
1380 1341 1677 1402 custodita.
1723 1336 1947 1407 perfeci.

349 1440 584 1499 Secutus
635 1456 843 1497 morem
894 1440 1248 1508 ordinemque
1287 1436 1593 1507 majorum,
1646 1430 1780 1487 nihil
1824 1428 1950 1484 addi

348 1535 686 1606 episcOpatui
712 1533 863 1590 urbis
886 1532 1096 1600 Romm,
1130 1530 1260 1585 nihil
1298 1528 1466 1583 minui
1491 1538 1681 1596 passus
1706 1537 1826 1577 Sum
1852 1539 1865 1576 :
1896 1527 1951 1575 et

346 1627 494 1683 illam
544 1626 711 1682 {idem
738 1640 966 1680 servans
989 1665 1005 1690 ,
1036 1640 1154 1694 qua:
1201 1637 1296 1693 per
1324 1619 1722 1674 sucenssionem
1773 1624 1951 1668 tanto-

2054 396 2177 450 litas
2201 412 2283 452 tua
2317 399 2581 465 patio-nter
2610 397 2862 450 admittit.
2908 395 3123 450 Manent
3164 398 3456 462 legatorum
3491 394 3648 466 (Vin-

2050 490 2211 543 centii
2244 500 2299 545 et
2330 488 2595 561 Marcelli)
2640 489 2856 553 littertc,
2902 488 2992 558 qui
3038 488 3102 542 ad
3133 487 3472 541 clementiam
3502 496 3647 540 luam

2051 582 2263 638 fuerant
2288 581 2562 647 destinati,
2593 599 2711 652 quat
2747 597 2920 649 nuper
2940 592 3227 645 venerunt,
3259 578 3454 650 quibus
3474 578 3650 645 signis

2053 673 2249 743 ﬁcant,
2290 687 2507 746 propter
2540 676 2898 731 turbationem
2929 673 3145 745 quidem
3181 672 3421 725 omnium
3464 670 3644 725 eccle-

2054 765 2277 833 siarum,
2302 783 2362 821 se
2387 767 2602 839 quidem
2626 783 2749 822 ante
2771 765 3123 823 succumbere
3147 764 3428 820 sententiis
3453 761 3648 819 Orien-

2057 858 2242 912 talium
2273 859 2507 914 voluissc
2528 901 2542 921 .
2574 860 2917 930 proposuisse
2946 870 3121 911 tamen
3151 857 3517 911 conditiOnem
3539 896 3555 922 ,
3593 862 3651 910 ut

2053 952 2098 1007 si
2137 952 2299 1008 iidem
2333 955 2445 1008 Arii
2476 953 2725 1009 haeresim
2758 952 3209 1009 condemnassent
3234 993 3248 1015 ,
3300 951 3401 1005 hoc
3447 964 3649 1015 genere

2055 1045 2300 1099 inclinati
2353 1062 2537 1100 eorum
2583 1046 2868 1101 sententiis
2908 1045 3214 1100 obedireut.
3262 1044 3548 1105 Placitum,
3590 1048 3652 1095 ut

2056 1137 2156 1207 ipsi
2181 1137 2510 1208 signifiestnt,
2534 1140 2799 1208 scriptura
2824 1150 2961 1194 teste
2991 1141 3253 1203 lirmatttr,
3289 1137 3395 1191 itur
3425 1135 3477 1190 in
3520 1149 3650 1190 con-

2054 1232 2270 1298 cilium;
2301 1233 2575 1303 accipiunt
2614 1248 2734 1288 cum
2776 1233 3164 1289 deliberatione
3205 1247 3462 1302 responsa
3487 1273 3501 1295 ,
3534 1230 3650 1287 Arii

2054 1323 2355 1380 doctrinam
2382 1341 2442 1381 se
2464 1326 2723 1382 damnare
2746 1342 2855 1382 non
2879 1342 3074 1397 posse;
3101 1325 3479 1384 Athanasium.
3504 1323 3648 1393 quod

2054 1418 2229 1473 solum
2290 1419 2615 1490 exigebant.
2677 1420 3062 1475 communione
3128 1434 3251 1475 esse
3286 1416 3649 1489 privandum.

2054 1513 2192 1569 Hinc
2212 1514 2322 1583 jam
2346 1515 2630 1572 clementia
2662 1526 2751 1570 tua
2775 1515 2875 1570 hoc
2899 1529 3116 1585 quoque
3139 1513 3470 1574 consideret.
3498 1523 3647 1570 recte

2053 1609 2338 1665 Catholica:
2369 1610 2646 1680 religionis
2681 1610 2807 1681 jure
2840 1619 3090 1677 servato,
3122 1625 3193 1664 an
3224 1609 3460 1665 hominis
3487 1624 3650 1665 causa

344 1737 464 1777 rum
488 1721 867 1790 episcoporum
899 1716 1156 1778 cucurrit.
1190 1730 1259 1770 ex
1289 1712 1488 1784 quibus
1519 1710 1704 1782 plures
1736 1716 1942 1780 marty-
1976 1704 2025 1766 B
2050 1699 2241 1756 debeat
2269 1702 2559 1770 dLligenter
2583 1718 2923 1773 excusseque
2954 1702 3195 1758 tractari.

349 1830 436 1872 res
467 1816 810 1878 exstiterunt,
843 1812 1101 1868 illibatam
1129 1806 1388 1865 custodiri
1414 1820 1632 1876 semper
1658 1811 1880 1873 exopto.

417 1953 508 2009 IV.
539 1954 667 2009 Cum
720 1950 1067 2007 Orientalibus
1091 1965 1186 2003 cur
1212 1946 1587 2002 communicare
1610 1951 1846 2016 nequeat.
1876 1970 1949 1982 —-

343 2048 587 2117 Denique
607 2046 719 2117 jam
764 2061 851 2100 me
879 2044 1094 2115 aperire
1134 2056 1352 2098 causam
1395 2037 1577 2109 pietati
1608 2048 1715 2092 tua:
1747 2034 1949 2091 sollici-

346 2141 478 2198 tudo
502 2140 871 2196 ecclesiastica
903 2149 1065 2210 atque
1108 2139 1224 2209 ipsa
1256 2135 1478 2190 devotio
1512 2131 1824 2204 persuadet.
1856 2128 1946 2186 Si-

344 2234 599 2306 gnificant
624 2233 927 2289 Orientales
967 2231 1083 2303 paci
1118 2239 1319 2286 nostra!
1348 2228 1489 2284 velle
1510 2224 1786 2295 conjungi.
1815 2224 1948 2290 Quae

345 2338 431 2384 cst
465 2343 589 2398 pax,
615 2326 1037 2383 clementissime
1072 2325 1396 2391 imperator,
1427 2336 1548 2377 cum
1583 2318 1696 2374 sint
1727 2334 1795 2373 ex
1823 2332 1948 2388 par-

346 2421 493 2477 tibus
521 2420 655 2491 ipsis
699 2429 931 2491 quatuor
961 2419 1197 2489 episcOpi
1220 2459 1238 2486 ,
1281 2414 1632 2484 DemOpliilus
1652 2454 1667 2477 ,
1699 2410 1948 2467 Macedo-

344 2513 489 2581 nius,
521 2511 819 2577 Eudoxius,
846 2511 1155 2583 Martyrius.
1188 2510 1278 2581 qui
1319 2518 1446 2564 ante
1474 2507 1555 2581 (1)
1585 2520 1758 2562 annos
1782 2515 1943 2572 octo,

344 2619 465 2660 cum
507 2603 647 2674 apud
694 2602 1053 2660 Mediolanum
1101 2602 1213 2656 Arii
1258 2602 1584 2656 sententiam
1634 2597 1945 2652 liwreticam

343 2696 645 2752 noluissent
668 2696 954 2759 damnare,
995 2695 1064 2751 de
1107 2693 1342 2750 cencilio
1381 2693 1575 2748 animis
1617 2691 1772 2747 iratis
1799 2690 1947 2745 exie-

346 2789 507 2845 runt?
557 2789 783 2850 Horum.
816 2791 860 2845 si
907 2787 989 2843 fas
1030 2798 1113 2843 est
1159 2786 1462 2851 sententiis,
1510 2784 1668 2856 quale
1714 2784 1819 2848 sit,
1854 2791 1951 2837 aut

343 2880 471 2953 quid
504 2882 724 2952 periculi
756 2880 975 2946 habeat,
1004 2879 1355 2937 commodare
1380 2892 1707 2933 consensum
1730 2918 1746 2942 ,
1774 2875 1947 2947 arqui-

346 2985 427 3031 tas
450 2984 508 3032 et
535 2974 823 3032 clementia
857 2983 945 3031 tua
989 2975 1188 3046 poterit
1234 2975 1526 3030 aestimare.
1561 2971 1677 3027 Non
1724 2980 1807 3026 est
1850 2985 1948 3026 n0-

2129 1794 2212 1850 Ἢ.
2234 1794 2468 1850 Liberius
2496 1795 2771 1851 concilium
2787 1796 2936 1851 enixe
2960 1793 3442 1868 postulat.—-Unde
3456 1794 3653 1851 iterum

2052 1896 2215 1961 atque
2258 1892 2452 1946 iterum
2496 1890 2964 1947 mansuetudinem
3016 1899 3160 1946 tuam
3204 1900 3365 1961 atque
3407 1890 3649 1946 animum

2053 1991 2205 2038 tuum
2237 1982 2347 2037 Deo
2383 1983 2637 2039 devotum
2678 2000 2967 2053 rogamus,
3000 1998 3095 2052 per
3128 1983 3245 2054 ejus
3277 1986 3530 2040 virtutem
3558 1985 3652 2056 qui

2052 2090 2113 2130 se
2145 2077 2195 2129 in
2225 2076 2542 2131 defensione
2571 2086 2657 2132 tua
2685 2078 2762 2148 (5)
2791 2087 3022 2147 quantus
3049 2076 3122 2132 sit
3152 2078 3419 2133 universis
3451 2085 3653 2133 morta-

2054 2165 2195 2221 libus
2218 2167 2555 2237 approhavit,
2586 2178 2644 2223 ut
2674 2167 2882 2224 lubens
2915 2177 3041 2224 ante
3072 2169 3261 2224 oculos
3286 2170 3405 2236 ejus
3443 2167 3650 2224 beneﬁ¢

2051 2258 2156 2322 cia,
2189 2260 2276 2330 qui
2321 2258 2603 2326 imperium
2640 2270 2786 2313 tuutn
2835 2262 2886 2313 in
2937 2260 3190 2315 omnibus
3236 2261 3392 2327 repit,
3442 2263 3557 2316 tunc
3594 2259 3652 2316 in

2050 2358 2195 2403 ccetu
2217 2350 2592 2419 episeoporum
2620 2350 2908 2419 diligenter
2922 2350 3087 2406 facias
3099 2367 3220 2407 cum
3236 2352 3381 2405 omni
3398 2351 3647 2407 conside-

2050 2441 2258 2495 ratione
2288 2444 2505 2496 tractari
2532 2458 2545 2495 :
2579 2453 2635 2495 ut
2664 2443 2865 2512 pacatis
2894 2459 2989 2511 per
3017 2455 3086 2506 te,
3116 2443 3227 2498 Deo
3258 2444 3495 2511 favente,
3520 2452 3650 2500 tem—
3690 2451 3700 2459 '

2053 2532 2292 2601 poribus,
2328 2534 2713 2602 tranquillitate
2759 2550 2843 2590 tua
2889 2534 3297 2600 cottsentieute,
3343 2537 3421 2590 sic
3468 2534 3652 2591 omnia

2050 2624 2427 2687 discutiantur.
2459 2634 2516 2680 ut
2554 2641 2673 2692 qua:
2706 2625 2900 2680 fuerint
2936 2625 3139 2696 judicio
3166 2626 3507 2682 sacerdotum
3554 2627 3648 2683 Dei

2049 2720 2390 2783 conﬁrmata,
2425 2733 2548 2772 cunt
2589 2719 2898 2774 ennSIiterit
2934 2735 3124 2773 omnes
3156 2720 3209 2775 in
3252 2721 3651 2788 exitositioncm

2050 2809 2171 2863 ﬁdei
2201 2825 2321 2879 qua:
2360 2812 2500 2866 inter
2529 2819 2705 2865 tantos
2748 2810 3034 2879 episcopos
3063 2812 3204 2880 apud
3245 2811 3480 2867 Nicteam
3507 2829 3651 2882 prac-

2050 2912 2205 2958 sente
2233 2912 2433 2959 sancta.-
2453 2903 2725 2958 mt-morize
2760 2912 2908 2972 patre
2941 2915 3031 2957 tuo
3059 2904 3375 2959 conﬁrmata
3394 2917 3497 2965 est.
3523 2907 3649 2961 uni-

2050 3011 2239 3052 versos
2263 2996 2627 3058 CODSeltSiS>€,
2654 3011 2773 3051 cum
2796 2995 3047 3065 exemplo
3069 2996 3278 3065 possint
3296 2997 3348 3050 in
3376 3007 3648 3064 posterum

346 3084 498 3134 νιιηιν
528 3067 671 3137 (11³οά
701 3081 842 3123 “unc
868 3067 1140 3122 summa"
1167 3076 1222 3121 θι
1255 3066 1358 3121 sub
1384 3065 1675 3158 occa-‘39“?
1702 3062 1947 3158 _"°mi'fis_
1972 3083 2018 3147 C
2051 3090 2311 3143 custodiri
2344 3107 2356 3143 :
2386 3097 2445 3143 ut
2485 3089 2601 3158 ipse
2631 3087 2899 3152 Salvator,
2940 3062 3030 3158 qui
3064 3062 3299 3157 desuper
3325 3062 3521 3145 mentis
3544 3100 3648 3148 tua

344 3160 626 3217 Athanasii
672 3167 993 3215 attentttur.
1044 3159 1263 3214 Manent
1307 3158 1502 3213 littera:
1531 3155 1616 3230 (2)
1651 3153 1944 3213 Alexandri

347 3256 587 3327 episcopi
609 3254 739 3309 olim
771 3252 838 3308 ad
868 3252 1190 3309 Silvestrum
1232 3260 1437 3307 sancta:
1467 3251 1744 3307 memoria:
1773 3249 1943 3304 desti-

345 3359 509 3417 natae,
541 3348 739 3419 quibus
758 3346 1231 3420 signiﬁcavitante
1268 3346 1662 3401 ordinationem
1704 3343 1943 3398 Athana-

343 3440 432 3507 sii,
456 3438 709 3495 undecim
755 3447 862 3494 tam
894 3438 1242 3510 presbyteros
1271 3453 1434 3509 quam
1470 3438 1632 3493 etiam
1660 3437 1939 3501 diaconos,

346 3532 490 3604 quod
521 3530 632 3586 Arii
666 3531 919 3587 haeresim
950 3542 1330 3602 sequerentur,
1363 3546 1422 3586 se
1459 3530 1700 3586 Ecclesia
1744 3528 1943 3600 ejecis-

343 3641 403 3682 se
429 3642 442 3679 :
472 3640 538 3682 ex
567 3624 760 3695 quibus
789 3639 931 3681 nunc
966 3624 1183 3697 quidam
1214 3635 1367 3679 extra
1407 3623 1707 3680 Ecclesiam
1747 3621 1939 3678 catbo.

342 3720 499 3777 licam
529 3718 662 3775 foris
692 3718 855 3790 positi
886 3720 1140 3775 dicuntur
1180 3719 1283 3774 sibi
1317 3718 1673 3774 conciliabula
1708 3716 1943 3773 invenis-

342 3827 422 3880 se,
452 3811 646 3882 quibus
675 3821 1020 3867 asseveratur
1047 3813 1212 3867 etiam
1236 3810 1498 3880 Georgius
1522 3810 1602 3883 (5)
1629 3812 1682 3865 in
1712 3812 1943 3868 Alexan-

343 3904 458 3960 dria
487 3920 583 3976 per
610 3904 818 3959 litteras
838 3905 1261 3960 communicare.
1295 3904 1425 3974 Qua:
1461 3921 1591 3977 ergo
1618 3922 1722 3976 pax
1764 3915 1944 3976 potest

346 4013 488 4062 esse,
515 3997 959 4067 tranquillissime
989 3998 1307 4067 imperator,
1335 3997 1380 4051 si
1414 3996 1496 4069 (4)
1541 3997 1800 4053 exhibitis
1825 4002 1940 4067 epi-

343 4090 515 4159 sc0pi,
540 4098 597 4142 ut
624 4104 767 4143 nunc
793 4087 1106 4158 perltaliam
1129 4087 1327 4143 factum
1346 4099 1451 4159 est,
1467 4099 1730 4160 cogantur
1752 4090 1938 4145 talium

342 4182 625 4240 sententiis
649 4182 900 4238 obedire?

410 4299 477 4357 V.
494 4300 760 4358 Athanasii
785 4302 1046 4358 damnatio
1073 4319 1176 4375 qua
1203 4302 1493 4359 conditione
1510 4303 1564 4358 in
1587 4300 1943 4360 Mcdiolancn-

345 4524 650 4598 Tltcoscbius
670 4568 685 4595 ,
718 4536 773 4583 et
802 4528 867 4582 ad
901 4543 1069 4598 marg.
1102 4528 1444 4585 Theobadius.
1474 4528 1608 4585 Num
1646 4531 1690 4585 is
1718 4540 1934 4585 notatur

344 4597 607 4671 Eusebius
635 4602 946 4665 eunuchus,
982 4597 1074 4668 qui
1104 4611 1157 4655 et
1186 4612 1370 4671 postea
1402 4602 1467 4654 ad
1509 4602 1779 4657 Liherinm
1809 4618 1931 4657 cum

341 4669 654 4744 muneribus
677 4674 874 4725 missus
902 4682 1004 4744 est,
1035 4685 1087 4725 ut
1121 4669 1245 4727 eunt
1271 4673 1339 4727 ad
1361 4673 1765 4744 obsequendum
1789 4673 1936 4728 Con-

341 4740 523 4794 stantii
558 4742 813 4796 voluntati
846 4742 1145 4799 induceret.
1513 4740 1526 4744 ”
1776 4754 1783 4767 ·

413 4852 494 4925 (1)
517 4853 652 4928 Post
682 4853 1028 4928 Athana-ium
1061 4855 1150 4911 lib.
1191 4856 1258 4912 de
1301 4857 1505 4928 Synod.
1554 4856 1803 4913 Socrates
1833 4857 1930 4914 lib.

340 4940 401 4997 l_l,
428 4940 478 4997 c7.
509 4926 597 4997 ill,
629 4936 842 4991 narrat,
895 4926 1197 4997 Orientales
1230 4926 1457 4983 triennio
1493 4939 1616 4997 post
1643 4930 1926 4983 concilium

339 4995 669 5062 Antiochia,
701 5012 843 5051 anno
868 4995 972 5054 ’541
999 4999 1266 5065 habitum,
1289 4995 1549 5065 prolixam
1571 4999 1690 5054 lidei
1721 5001 1921 5055 formu-

340 5067 446 5121 lztm
472 5069 856 5137 cottSCripsissc
877 5111 891 5133 ,
919 5084 1146 5139 eamque
1185 5087 1282 5138 per
1316 5069 1614 5125 Eudoxiutn
1635 5111 1648 5135 ,
1680 5071 1926 5125 Macedo-

341 5139 487 5212 ninm
529 5148 584 5212 et
625 5142 934 5209 martyrium
964 5144 1031 5193 ad
1073 5141 1355 5212 episcopos
1385 5141 1548 5195 Italia:
1590 5144 1801 5197 misisse
1845 5142 1927 5197 Ex

340 5206 531 5262 lturuut
566 5206 861 5276 legatorum
889 5206 1150 5274 adventui,
1178 5221 1233 5267 et
1262 5206 1473 5267 concilii
1500 5214 1639 5282 apud
1674 5213 1928 5267 Mediola-

341 5296 465 5352 num
499 5282 806 5335 celebraudt
833 5323 848 5348 ,
880 5292 935 5336 et
961 5284 1030 5335 ab
1054 5283 1181 5352 ipsis
1209 5283 1395 5350 legatis
1419 5324 1435 5346 ,
1471 5300 1564 5350 pro
1606 5283 1929 5339 Occidenta-

340 5350 475 5425 lium_
490 5367 671 5425 more.
701 5355 1042 5425 utariauam
1076 5350 1324 5409 luctesuu
1353 5354 1784 5425 prardamnareut
1810 5355 1928 5410 cxi-

336 5420 521 5498 gendi.
566 5422 914 5498 probabiliter
959 5434 1080 5479 nata
1123 5438 1204 5498 est
1239 5420 1491 5493 occasio,
1532 5425 1608 5480 uti
1646 5430 1759 5496 jam
1788 5427 1931 5498 apud

339 5491 597 5546 llilarium
633 5496 682 5546 in
713 5493 854 5548 hunc
881 5494 1057 5549 locum
1084 5491 1507 5551 obsenavintus.
1648 5491 1662 5496 ⁷
1823 5491 1840 5498 ’
1940 5512 1943 5515 λ

411 5602 494 5676 (2)
528 5603 835 5679 AEucyclicae
879 5607 1113 5673 scilicet,
1156 5624 1287 5678 quas
1313 5608 1563 5667 Socrates
1594 5609 1687 5667 lib.
1720 5627 1761 5678 ι,
1794 5625 1844 5666 c.
1872 5613 1929 5679 9,

339 5674 591 5733 Historia:
628 5674 741 5733 sua:
770 5678 1015 5733 inseruit.
1050 5674 1277 5734 Exstant
1300 5691 1356 5737 et
1392 5682 1536 5754 apud
1573 5674 1929 5741 Athanasium

820 5773 1094 5836 ΡΑτιιοι..
1142 5773 1309 5836 VIII.

2052 3183 2387 3253 praposilum
2418 3185 2674 3249 intuetur,
2713 3184 2765 3237 in
2791 3192 2932 3236 tanta
2971 3199 3150 3238 rerum
3176 3183 3520 3250 exiteditione
3555 3184 3651 3240 la:-

2049 3285 2216 3340 tetur,
2253 3290 2473 3331 causam
2509 3275 2631 3329 ﬁdei
2663 3284 2718 3329 et
2756 3277 2902 3345 pacis
2933 3277 3094 3331 etiam
3128 3276 3439 3347 reipublicae
3460 3291 3649 3333 neces-

2047 3372 2299 3428 sitalihus
2328 3386 2435 3425 non
2462 3371 2731 3426 immerito
2759 3373 3145 3442 pra‘posuisse.

2117 3466 2225 3521 Vll.
2271 3465 2491 3538 Legatos
2526 3465 2867 3520 commendat.
2889 3496 2962 3508 —
2983 3464 3065 3520 Ad
3093 3464 3428 3522 exorandum
3481 3465 3645 3537 igitur

2048 3571 2191 3616 tuam
2222 3602 2237 3629 ,
2282 3562 2747 3616 mansuetudinem
2799 3571 2858 3615 ut
2907 3562 3176 3617 benevolo
3222 3563 3403 3618 animo
3448 3564 3648 3634 allega-

2048 3652 2221 3708 tiones
2266 3664 2480 3708 nostras
2533 3653 2722 3708 audire
2781 3653 3039 3723 digneris,
3090 3652 3312 3709 fratrem
3353 3663 3408 3710 et
3459 3654 3645 3726 coepi-

2044 3760 2268 3814 scOpum
2305 3760 2483 3801 meum
2529 3756 2772 3801 sanctum
2807 3747 2977 3803 virum
3010 3747 3317 3803 Luciferum
3348 3764 3468 3805 cum
3501 3748 3645 3806 Pano~

2043 3839 2212 3894 cratio
2268 3836 2347 3911 (6)
2410 3837 2727 3909 presbytero
2787 3849 2841 3894 et
2907 3839 3111 3895 Hilario
3172 3841 3398 3897 diacono
3445 3841 3647 3910 placuit

2045 3929 2333 4001 proﬁcisci.
2363 3929 2509 3999 Quos
2539 3931 2810 3988 credimus
2832 3931 2900 3987 de
2927 3932 3214 3988 clementia
3247 3942 3334 3988 tua
3355 3933 3421 3988 ad
3453 3949 3640 4004 pacem

2043 4025 2279 4080 omnium
2339 4025 2690 4080 ecclesiarum
2760 4024 3146 4079 catholicarum
3192 4040 3295 4079 non
3350 4024 3644 4081 difﬁculter

2045 4132 2203 4187 posse
2243 4117 2530 4173 concilium
2582 4118 2895 4185 impetrare.
2949 4115 3044 4172 Dei
3096 4117 3478 4186 omnipotentis
3525 4118 3638 4173 cle-

2042 4209 2243 4265 mentia
2270 4217 2323 4264 te
2359 4208 2514 4264 nobis
2544 4207 2848 4275 custodiat,
2876 4206 3296 4265 clementissima
3325 4224 3391 4266 ac
3422 4209 3640 4283 religio-

2041 4305 2255 4362 sissime
2287 4308 2548 4377 Auguste.

2041 4539 2166 4579 nov.
2197 4523 2329 4580 edit.
2353 4531 2394 4579 t.
2426 4537 2443 4579 ι
2471 4562 2485 4587 ,
2513 4534 2567 4591 p.
2595 4517 2722 4575 397.
2755 4515 2902 4584 Quos
2927 4524 3107 4572 autem
3134 4515 3442 4591 Alexander
3470 4516 3523 4572 in
3550 4517 3635 4575 liis

2041 4596 2231 4653 litteris
2257 4594 2500 4649 Ecclesia
2516 4587 2723 4659 ejectns
2751 4607 2777 4639 a
2812 4604 2868 4641 se
2899 4598 3195 4652 metumet,
3228 4587 3327 4642 hos
3356 4589 3424 4642 al)
3453 4591 3633 4647 ontul-

2040 4668 2168 4733 bus,
2196 4667 2285 4736 qui
2317 4666 2382 4719 ad
2417 4664 2647 4736 Νιειιιιιιη
2678 4659 2942 4736 δγιιιιόηιη
2973 4672 3374 4736 (:1)||Ve"cr"9[’
3409 4662 3634 4736 "Paul?

2040 4729 2182 4793 ntate
2212 4729 2497 4792 damnatos
2524 4734 2689 4788 fuisse
2728 4731 2902 4785 Jultus
2932 4744 3091 4800 epist.
3119 4747 3154 4795 ι,
3192 4746 3247 4785 ιι.
3280 4731 3317 4785 5
3354 4742 3405 4785 et
3432 4729 3467 4784 ι
3494 4732 3631 4789 scri-

2039 4809 2135 4866 bit.

2109 4902 2190 4973 (3)
2224 4901 2383 4956 Forte
2406 4896 2684 4973 [uindicem
2711 4894 3016 4973 episcopus.
3050 4893 3146 4947 llic
3186 4904 3333 4973 cer_t_e
3358 4895 3497 4973 alius
3529 4911 3631 4951 uo-

2037 4964 2179 5029 ιειιῖιιί
2206 4975 2273 5027 al)
2300 4989 2366 5026 eo
2395 4970 2645 5039 Georgio,
2673 4966 2766 5037 qui
2794 4981 2935 5039 anno
2957 4965 3177 5039 duiutti
3197 4978 3233 5018 ιι
3259 4964 3366 5039 550'
3388 4970 3634 5039 adeoque

2036 5046 2194 5116 lange.
2228 5054 2506 5116 postquam
2543 5036 2655 5116 iure
2682 5037 2907 5109 epistula
2939 5036 3136 5106 Sclipta
3168 5050 3271 5104 est,
3306 5038 3356 5091 itt
3391 5036 3628 5093 Alexan-

2036 5110 2245 5171 dritiam
2269 5110 2452 5169 sedem
2483 5110 2698 5167 inVasit.

2111 5211 2189 5284 (4)
2222 5211 2376 5278 Apud
2400 5208 2687 5284 Baronium
2713 5201 3052 5256 desideratur
3071 5200 3326 5284 exhibitis.
3362 5201 3457 5282 lic
3478 5213 3632 5284 nota-

2038 5272 2131 5337 ιιιιῗ
2151 5272 2381 5337 ediciuut
2400 5322 2413 5344 ,
2448 5280 2514 5331 ab
2542 5279 2866 5342 imperatore
2891 5314 2907 5337 ,
2940 5286 2996 5326 ut
3026 5284 3207 5328 narrat
3234 5272 3501 5338 Sulpicius
3534 5273 3624 5330 lib.

2031 5370 2094 5421 ll,
2139 5351 2492 5422 |lf0|l08illllll,
2524 5359 2577 5401 ut
2607 5348 2692 5422 qui
2738 5348 2790 5399 in
2818 5345 3192 5422 damnationem
3233 5344 3499 5397 Athanasii
3528 5360 3632 5399 non

2034 5417 2423 5484 subscriberent,
2454 5422 2508 5476 in
2533 5419 2771 5474 exszlt'unt
2800 5417 3129 5486 pellerentur.

2107 5516 2188 5587 ('5)
2218 5515 2496 5570 Adversus
2523 5508 2882 5581 Magnen'ium
2909 5524 3050 5562 anno
3073 5504 3179 5562 555
3205 5504 3461 5561 deletum.

2113 5611 2191 5684 (6)
2225 5610 2420 5684 Baron.
2455 5608 2857 5684 comprcsbqlero
2898 5617 3012 5684 meo
3040 5615 3058 5653 .'
3075 5615 3189 5684 qua
3231 5599 3448 5672 quidem
3479 5601 3630 5659 locu.

2035 5670 2185 5741 tione
2215 5684 2378 5739 utitur
2406 5678 2543 5737 infra
2569 5670 2815 5735 Liberius
2839 5714 2853 5738 ,
2879 5674 3038 5743 epist.
3070 5670 3123 5726 6.

3117 5764 3195 5826 1&3
