4106 6184
375 247 509 305 1361

1426 255 1764 315 DIALOGUS
1803 256 2056 315 LIBERI]
2096 257 2181 314 ET
2221 258 2646 318 CONSTANTII.

3543 274 3684 331 436?.

372 362 482 418 ltnn
515 366 780 424 sententia
810 368 1133 440 proferetur.
1166 369 1349 443 Neque
1393 372 1535 427 enim
1570 389 1599 425 a
1648 373 1803 427 nobis
1840 389 1940 430 con

2045 378 2422 442 ,Κωνστάντιος
2461 376 2487 432 ό
2526 378 2773 449 βασιλεὺς
2813 376 2920 437 εἶπε
2944 394 2955 408 ⁸
2991 387 3141 439 Πᾶσα
3168 386 3199 445 ή
3228 386 3491 460 οἰκουμνη
3523 412 3678 447 κατε-

370 459 611 516 demnari
661 474 833 532 pttlt‘Sl
881 466 999 532 vir,
1046 483 1202 535 quem
1269 483 1372 521 non
1411 466 1769 537 jndicavimns
1806 469 1907 540 (1).
1946 488 1964 522 ι

369 552 717 609 Constantius
743 556 1038 625 imperatur
1076 558 1211 613 dixit
1244 578 1255 612 :
1286 578 1305 612 ι
1345 560 1513 616 Totus
1531 568 1794 615 terrarum
1823 562 1971 617 orbis

368 646 437 702 de
463 649 579 717 ejus
613 650 884 720 impietate
913 656 1234 710 sententiain
1262 656 1420 721 tulit;
1452 666 1506 711 et
1546 656 1764 727 perinde
1808 667 1971 726 atque

366 739 437 793 ab
468 741 620 795 initio
651 745 878 815 tempori
915 745 1110 803 illttdit.
1148 766 1167 798 ι
1201 747 1450 802 Liberius
1477 748 1760 819 cpiscopus
1786 748 1920 804 dixit
1951 768 1964 803 :

372 851 391 885 ι
425 833 757 905 Quicumque
786 838 1224 910 subscripserunt
1246 885 1260 908 ,
1294 857 1381 897 res
1405 852 1583 913 gestas
1615 844 1712 913 ipsi
1748 860 1852 897 non
1883 843 1965 916 (9.)

362 925 613 983 viderunt
644 948 656 983 :
689 930 783 986 sed
818 946 1037 1003 propter
1066 935 1291 1005 gloriam
1332 952 1397 992 ac
1446 948 1671 1004 metum,
1705 954 1838 993 ncvc
1867 941 1966 994 abs

363 1029 418 1076 te
443 1020 734 1089 ignominia
776 1025 1141 1095 afﬁcerentur,
1172 1029 1628 1101 subscripserunt.
1672 1051 1690 1084 ι
1724 1031 1963 1102 Impera-

274 1132 279 1135 ·
362 1122 445 1167 tor
465 1113 693 1169 dixitzr
725 1116 982 1183 Quaenam
1033 1130 1116 1176 es:
1165 1121 1357 1191 gloria,
1413 1123 1535 1191 quis
1595 1135 1790 1186 melus.
1844 1139 1964 1195 qua:

355 1204 691 1274 ignominia?
727 1226 746 1261 ι
786 1209 1029 1267 Liberius
1062 1213 1338 1283 reSpondit
1368 1234 1379 1267 :
1423 1233 1441 1266 ι
1478 1214 1812 1286 Quicumque
1854 1232 1961 1271 nou

354 1296 578 1365 diligunt
611 1299 841 1369 gloriam
885 1304 1011 1369 Dei,
1060 1305 1094 1359 ii
1134 1316 1223 1360 tua
1267 1322 1489 1363 munera
1535 1318 1957 1377 anteponentes,

353 1403 478 1446 eum
520 1407 680 1462 quem
721 1393 822 1464 ipsi
866 1410 973 1452 non
1002 1397 1284 1465 viderant,
1330 1399 1476 1454 nullo
1507 1399 1712 1469 judicio
1758 1402 1961 1471 praevio

350 1483 798 1553 condemnarunt;
831 1488 972 1557 quod
1000 1490 1236 1546 alienum
1257 1501 1342 1547 est
1368 1508 1397 1546 a
1424 1491 1755 1549 christianis.
1790 1513 1810 1546 ι

363 1623 371 1630 .
424 1574 492 1631 ll.
537 1576 851 1634 Athanasius
898 1582 1082 1638 absens
1117 1584 1388 1656 judicatus
1428 1595 1616 1639 εει-η
1662 1585 1959 1655 Imperator

351 1666 486 1723 dixit
512 1686 529 1723 :
568 1689 587 1722 ι
622 1675 798 1742 Atque
829 1676 1361 1746 przrsensjndicatus
1386 1688 1468 1731 est
1488 1677 1541 1732 itt
1567 1678 1800 1732 concilio
1827 1678 1954 1749 Tyri

2077 468 2335 541 ψηφίσατο
2364 474 2484 548 περί
2515 481 2607 534 τῆς
2631 474 2956 537 ἀνοσιότητος
2986 478 3167 537 αὐτοῦ,
3210 482 3298 533 καὶ
3325 484 3394 540 ὠς
3422 483 3471 546 ἐξ
3499 484 3675 558 ἀρχῆς

2071 562 2157 616 τόν
2195 564 2367 638 καιρόν
2408 562 2682 629 διαπαίζει.
2726 566 2959 643 Λιϐἐριος
2998 570 3277 631 ἐπίσκοπος
3315 566 3479 625 εἶπεν⁶
3520 570 3673 629 Ὀσοι

2071 654 2393 731 ὑπέγραψαν,
2428 658 2520 711 οὐκ
2557 658 2816 714 αὐτόπται
2853 668 2953 714 τῶν
2979 664 3317 735 ’γεγενημένων
3347 661 3513 729 ἦσαν,
3546 666 3671 723 ἀλλὰ

2070 742 2153 799 διὰ
2172 745 2341 811 δόξαν,
2368 751 2454 803 καί
2474 749 2655 821 φόϐον,
2682 754 2762 805 καὶ
2789 755 2994 825 ἀτιμίαν
3024 760 3112 814 τήν
3148 758 3291 833 παρά
3313 763 3414 811 σοῦ
3461 756 3486 810 ό
3509 769 3667 814 Βασι-

2068 840 2183 901 λεύς
2206 861 2216 872 ·
2250 845 2309 896 Τί
2348 845 2462 899 ἐστι
2503 842 2623 910 δόξα
2669 850 2754 901 καί
2790 847 2942 921 φόϐος
2965 889 2976 908 ,
3018 852 3102 903 καί
3144 851 3347 921 ἀτιμίας
3397 852 3665 928 Λιϐἐριος·

2066 928 2216 988 Ὅσοι
2244 939 2336 993 τήν
2365 933 2514 1001 δόξαν
2540 943 2635 992 τοῦ
2666 943 2798 993 Θεοῦ
2838 940 2924 993 οὐκ
2952 940 3213 1013 ἀγαπῶσι.
3255 943 3347 1003 τὰς
3388 945 3533 1020 παρά
3569 952 3665 1000 σοῦ

2065 1024 2253 1096 μᾶλλον
2279 1023 2472 1102 δωρεὰς
2504 1034 2913 1103 προτιμήσαντες
2931 1072 2945 1089 .
2978 1028 3031 1086 όν
3057 1038 3125 1104 μή
3151 1040 3263 1094 ταῖς
3289 1029 3467 1104 ὄψεσιν
3503 1031 3634 1091 εἶδον
3651 1076 3665 1096 .

2066 1118 2124 1170 οὐ
2170 1119 2428 1194 κρίναντες
2475 1119 2834 1177 κατεδίκασαν
2885 1120 3011 1198 ὅπερ
3051 1126 3194 1180 ἐστίν
3240 1126 3500 1203 ἀλλότριον
3540 1149 3669 1206 χρι-

2066 1232 2307 1267 στιανων.

2133 1584 2195 1636 B'.
2229 1583 2286 1638 Ὀ
2324 1586 2600 1646 Βασιλεύς²
2640 1588 2811 1643 Καίτοι
2852 1589 3080 1664 κέκριται
3109 1590 3245 1644 κατά
3291 1588 3568 1662 πρόσωπον
3613 1592 3663 1645 ἰν

2057 1684 2122 1752 τῇ
2146 1677 2382 1752 γενομένῃ
2405 1676 2603 1750 συνόδῳ
2627 1680 2678 1732 έν
2704 1680 2881 1753 Τύρῳ.
2920 1684 3004 1735 καί
3034 1682 3080 1734 ἐν
3116 1689 3178 1756 τῇ
3210 1680 3409 1754 συνόδῳ
3437 1682 3661 1754 κατεψη-

346 1770 403 1816 et
431 1777 620 1819 omnes
656 1766 804 1821 orbis
836 1775 992 1822 teme
1023 1769 1260 1839 episcopi
1290 1786 1413 1824 eum
1444 1771 1496 1825 itt
1528 1772 1760 1826 concilio
1793 1771 1940 1826 dam-

2053 1769 2267 1841 φίσαντο
2281 1771 2468 1830 πάντες
2484 1770 2531 1824 οἰ
2556 1771 2835 1827 ἐπίσκοποι
2855 1780 2948 1834 τῆς
2974 1775 3285 1845 οἰκουμένης.
3302 1775 3558 1851 Λιϐέριος·
3573 1777 3667 1829 Οὐ·

346 1864 561 1911 narunt.
603 1875 623 1909 ι
657 1856 903 1914 Liberius
944 1861 1078 1915 dixit
1120 1880 1132 1915 :
1182 1879 1200 1913 ι
1238 1861 1521 1933 Nunquam
1582 1862 1675 1917 ille
1716 1878 1956 1937 prtrsens

339 1944 613 2015 judicatus
652 1960 755 2003 est.
804 1951 1078 2021 Quotquot
1104 1952 1247 2005 enim
1278 1964 1405 2008 tunc
1430 1955 1738 2023 congregati
1782 1954 1950 2008 Atha-

341 2040 550 2094 nasium
593 2042 938 2109 damnarunt,
965 2055 1087 2115 post
1133 2046 1328 2100 illiuse
1354 2045 1557 2115 judicio
1607 2046 1906 2102 discessum
1931 2089 1945 2112 ,

338 2131 542 2203 absque
588 2135 796 2191 ratione
820 2151 944 2190 eum
984 2136 1433 2192 condemnarunt.
1474 2157 1493 2190 ι
1538 2137 1802 2194 Eusebius
1848 2154 1949 2194 eu-

338 2228 548 2280 nuchus
571 2226 704 2281 dixit
737 2245 750 2281 :
790 2246 810 2280 ι
847 2227 905 2282 In
947 2230 1178 2284 concilio
1213 2229 1433 2284 Nicamo
1457 2232 1670 2286 alienus
1699 2248 1727 2284 a
1759 2235 1947 2289 Catho-

334 2315 436 2373 liea
457 2318 656 2391 lide{5)
676 2319 1074 2377 tletnonstratus
1105 2333 1207 2377 est.
1238 2342 1257 2375 ›
1282 2322 1706 2380 Liberiusdixit:
1737 2342 1756 2376 ι
1781 2326 1950 2391 Quin-

336 2429 441 2486 que
469 2415 546 2487 (4)
577 2417 680 2470 soil
704 2417 1017 2484 judicatuot
1053 2434 1121 2473 cx
1154 2419 1219 2473 iis
1269 2419 1358 2489 qui
1399 2434 1520 2474 cum
1554 2419 1770 2490 lscltyra
1796 2418 1949 2474 navi-

332 2515 528 2577 garunt
556 2510 606 2563 in
636 2509 923 2566 Mareotem
965 2532 978 2566 :
1016 2526 1151 2582 quos
1195 2511 1408 2578 quidem
1453 2513 1527 2566 illi
1562 2517 1853 2576 miserant,
1885 2523 1947 2567 ut

331 2604 591 2659 adversus
617 2613 926 2660 accusatum
956 2615 1075 2661 acta
1105 2608 1455 2661 conﬁcerent.
1499 2607 1574 2661 Ex
1606 2606 1673 2661 iis
1700 2608 1787 2677 qui
1820 2616 1945 2661 tunc

329 2695 477 2750 missi
518 2694 748 2761 fuerant,
767 2711 833 2751 ex
862 2696 962 2750 hac
994 2697 1113 2753 lucc
1139 2697 1434 2767 tuigrarunt
1465 2699 1595 2763 duo,
1628 2698 1943 2768 Theoguius

329 2787 534 2843 scilicet
562 2795 618 2843 et
645 2787 1001 2844 Theodorus:
1035 2798 1147 2844 tres
1199 2801 1378 2846 autem
1429 2792 1622 2861 reliqui
1653 2791 1828 2845 adhuc
1850 2807 1938 2845 su-

330 2880 587 2950 perstites
629 2891 784 2946 sunt,
835 2897 1026 2951 nempe
1072 2882 1268 2948 Maris,
1323 2882 1516 2936 Valens
1558 2889 1613 2936 et
1664 2881 1937 2938 Drsacius.

331 2973 530 3031 Contra
574 2973 704 3041 hos,
735 2974 827 3045 qui
877 2976 1028 3030 missi
1073 2986 1258 3041 erant,
1293 2976 1529 3033 Sardicac
1571 2991 1689 3031 eam
1727 2976 1795 3030 ob
1825 2991 1938 3030 rem

330 3066 437 3122 lata
484 3076 569 3123 est
612 3069 900 3124 sententia.
930 3069 1033 3137 Qui
1075 3080 1259 3138 postea
1291 3071 1343 3124 in
1382 3071 1588 3141 synodo
1618 3071 1696 3142 (5)
1729 3070 1938 3125 libellos

2057 1858 2238 1916 δέποτε
2293 1864 2425 1916 κατά
2461 1863 2740 1936 πρόσωπον
2776 1865 3055 1942 κέκριταιό
3095 1864 3379 1944 ἅνθρωπος.
3424 1866 3538 1924 ὅσοι
3560 1872 3663 1943 γὰρ

2055 1951 2169 2007 τότε
2198 1953 2522 2014 συνελθόντες
2552 1954 2964 2028 κατεψηφίσαντο
2994 1960 3150 2013 αὐτοῦ
3171 1998 3186 2023 ,
3222 1960 3660 2034 ἀναχωρήσαντος

2054 2044 2355 2099 ’Δθανασίου
2406 2047 2460 2099 ἐκ
2503 2052 2598 2101 τοῦ
2646 2050 2937 2123 κριτηρίου.
2984 2049 3396 2123 κατεψηφίσαντο
3439 2052 3657 2125 ἀλόγως.

2052 2138 2297 2199 Εὐσέϐιος
2326 2137 2352 2193 ό
2382 2141 2631 2211 εὐνοῦχος
2661 2136 2798 2195 εἶπεν
2817 2159 2830 2171 '
2862 2142 2941 2195 Ἐν
2968 2151 3031 2219 τῇ
3063 2143 3260 2218 συνόδῳ
3301 2148 3431 2201 κατά
3458 2148 3659 2202 Νίκαιαν

2052 2231 2309 2307 ἀλλότριος
2347 2232 2632 2304 ἀπεδείχθη
2669 2242 2762 2295 τῆς
2805 2235 3060 2297 καθολικῆς
3097 2241 3341 2300 πίστεως.
3382 2240 3652 2316 Λιϐέριος·

2050 2326 2200 2380 Πέντε
2249 2326 2387 2398 μόνοι
2429 2324 2625 2402 ἔκριναν
2672 2334 2773 2382 τῶν
2815 2329 3255 2400 συμπλευσάντων
3301 2333 3444 2405 αὐτῷ
3491 2332 3541 2384 ἐν
3580 2340 3655 2406 τῷ

2048 2422 2316 2493 Μαρεώτῃ,
2353 2417 2448 2481 οὓς
2473 2419 2772 2475 ἀπέστειλαν
2794 2423 2925 2476 κατά
2960 2428 3052 2477 τοῦ
3076 2423 3437 2497 ἐγκαλουμένου
3464 2430 3658 2485 συστή-

2049 2511 2242 2564 σασθαι
2273 2510 2384 2566 κατ’
2412 2513 2576 2567 αὐτοῦ
2599 2512 2960 2585 ὑπομνήματα.
2998 2515 3101 2568 ἀπὸ
3131 2516 3324 2570 τούτων
3347 2518 3515 2571 τοίνυν
3550 2524 3651 2572 τῶν

2048 2602 2541 2668 ἀποσταλέντων,ὀί
2565 2601 2657 2658 δύο
2686 2605 2975 2667 τεθνήκασι,
3004 2605 3233 2680 Θεόγνιος
3257 2609 3342 2662 καί
3367 2606 3652 2683 Θεόδωρος’

2047 2695 2093 2748 οἰ
2118 2692 2171 2749 δέ
2200 2695 2365 2751 λοιποί
2384 2702 2521 2772 τρεῖς
2550 2701 2682 2761 ζῶσι
2700 2736 2715 2761 ,
2742 2697 2981 2754 τουτέστι
3008 2700 3185 2771 Μάρης
3217 2703 3301 2755 καί
3339 2701 3544 2763 Οὐάλης
3569 2706 3659 2757 καί

2002 2803 2008 2809 “
2046 2791 2349 2865 Οὐρσάκιος.
2395 2792 2498 2846 ἀπὸ
2544 2789 2741 2846 τούτων
2784 2799 2884 2846 τῶν
2929 2793 3317 2848 ἀποσταλέντων
3359 2798 3491 2850 κατά
3521 2806 3654 2871 Σαρ-

2042 2879 2181 2941 δικήν
2218 2889 2306 2937 τοῦ
2338 2884 2642 2959 πράγματος
2668 2881 2857 2939 τούτου
2894 2883 3040 2938 ἕνεκα
3071 2893 3426 2959 συνεκροτεῖτο
3466 2886 3649 2961 ψῆφος·

2041 2971 2089 3029 οἰ
2113 2976 2163 3028 ἐν
2187 2982 2249 3049 τῇ
2280 2973 2476 3045 συνόδῳ
2505 2974 2678 3047 βιϐλία
2707 2973 3049 3031 έπιδεδὼκασι
3068 3018 3082 3035 .
3117 2980 3421 3051 συγγνώμην
3448 2981 3656 3033 αἰτοῦν-

2040 3085 2146 3125 τες,
2180 3065 2253 3137 ἐφ⁹
2280 3061 2353 3125 οἷς
2373 3067 2422 3120 ἐν
2444 3074 2518 3139 τῷ
2546 3068 2793 3142 Μαρεὼτη
2819 3070 2953 3122 κατά
2978 3071 3324 3142 συκοφαντίαν
3355 3070 3407 3123 ἐκ
3430 3091 3649 3142 μονομε-

335 3160 672 3227 obtulerunt,
700 3162 914 3218 veniam
954 3173 1244 3234 poscentes
1286 3164 1357 3218 ob
1400 3171 1515 3218 acta
1571 3180 1690 3234 qua:
1729 3179 1828 3234 per
1854 3178 1940 3219 ca-

2047 3163 2172 3231 ροῦς
2204 3158 2578 3217 συνεσθήκαντο
2605 3160 2736 3215 κατά
2753 3160 3046 3215 ’Δθανασίου
3086 3161 3454 3234 ὑπομνήματα.
3487 3162 3521 3217 ἆ
3542 3184 3655 3219 τινα

332 3251 589 3308 lumuiatn
613 3269 714 3307 tina
737 3253 992 3308 duntaxat
1015 3263 1166 3326 parte
1197 3265 1463 3324 pra'scnte
1487 3254 1744 3310 adversus
1770 3255 1939 3310 Atha-

332 3344 540 3400 nasium
584 3346 636 3400 in
682 3346 918 3401 Mareote
964 3346 1224 3402 fecerant.
1267 3351 1416 3415 Quos
1458 3348 1677 3417 quidem
1722 3346 1936 3403 libellos

330 3453 474 3493 nunc
517 3438 567 3492 in
602 3439 851 3493 manilius
885 3438 1166 3495 habemus.
1202 3439 1346 3495 υιιίς
1379 3440 1570 3495 horum
1602 3438 1854 3494 assentiri
1882 3448 1940 3494 et

328 3532 729 3588 communicare
772 3530 1071 3597 debemus,
1124 3532 1457 3601 imperator?
1501 3531 1654 3585 hisne
1697 3530 1935 3601 quicum

333 3626 481 3695 prius
537 3624 993 3681 condemnassent
1040 3624 1428 3693 Athanasium,
1489 3634 1674 3695 postea
1723 3624 1933 3679 veniam

328 3721 638 3789 petierunt;
687 3733 756 3772 an
807 3719 914 3772 illis
965 3720 1056 3789 qtti
1109 3734 1280 3790 nuper
1333 3720 1465 3773 istos
1510 3716 1937 3772 condemnarunt

331 3809 660 3882 (Sardicze)?
705 3829 724 3863 ι
764 3810 1039 3879 Epictetus
1077 3813 1358 3880 cpiscopus
1406 3808 1936 3881 ((lcntumceIli-nsis)

329 3899 508 3955 dixit:
547 3918 567 3952 ι
614 3899 729 3956 Νοη
762 3900 883 3955 lidei
915 3915 1076 3955 causa
1100 3942 1113 3964 ,
1161 3917 1261 3956 nec
1302 3917 1395 3970 pro
1434 3900 1749 3955 defensione
1785 3899 1934 3969 judi-

328 3992 537 4048 ciorum
565 3993 1055 4049 ecclesiasticorum
1085 3992 1331 4048 Liberius
1370 3992 1530 4047 hodie
1576 3994 1738 4047 verba
1785 3994 1928 4061 facit,

326 4103 361 4144 ο
384 4090 695 4158 imperator,
729 4086 825 4143 sed
858 4096 916 4143 ut
956 4087 1095 4157 apud
1130 4087 1399 4141 Romanos
1439 4096 1719 4142 senatores
1740 4088 1935 4158 glorie-

329 4189 435 4242 tur.
466 4181 847 4249 imperatorem
879 4194 908 4234 a
931 4195 989 4234 sc
1016 4194 1136 4234 esse
1162 4186 1493 4248 superatum.
1534 4198 1552 4231 ι

344 4320 349 4325 .
390 4274 476 4329 Ill.
497 4273 610 4342 Quo
630 4284 776 4342 pacto
794 4272 1025 4329 Liberius
1044 4265 1288 4328 Ecclesia:
1301 4276 1414 4345 paci
1425 4273 1708 4327 consultum
1723 4272 1934 4328 velit.-—«

326 4366 624 4439 Imperator
648 4367 861 4423 Liberio
889 4367 1023 4422 dixit
1054 4383 1069 4421 :
1106 4385 1125 4418 ι
1153 4367 1323 4436 Quota
1350 4382 1474 4435 pars
1503 4380 1562 4421 es
1584 4366 1730 4422 orbis
1759 4374 1932 4423 terra-

322 4476 466 4527 rum,
496 4473 547 4514 ut
578 4471 632 4515 ttt
654 4462 799 4516 solus
827 4461 1023 4515 homini
1053 4460 1217 4531 impio
1240 4459 1513 4532 suilragari
1538 4460 1693 4523 velis,
1711 4469 1767 4516 et
1785 4461 1932 4517 orbis

2043 3249 2219 3321 βιϐλία
2243 3251 2415 3304 αὐτῶν
2442 3256 2528 3303 νῦν
2550 3248 2744 3322 ἔχομεν
2773 3252 2906 3321 μετά
2943 3258 3138 3328 χεῖρας
3159 3270 3170 3284 ·
3201 3256 3301 3308 τίνι
3336 3256 3533 3310 τούτων
3574 3252 3658 3310 δεῖ

2043 3344 2306 3397 πείθεσθαι
2350 3345 2487 3414 ἡμᾶς
2542 3343 2785 3402 Βασιλεῦ.
2816 3353 3095 3409 κοινωνεῖνς
3128 3354 3235 3408 τοῖς
3263 3349 3517 3425 πρότερον
3558 3370 3650 3403 κα-

2041 3433 2499 3509 ταψηφισαμένοις,
2532 3438 2616 3490 καί
2653 3437 2704 3490 έν
2730 3434 2973 3513 δευτέρου
3003 3442 3308 3512 συγγνώμην
3336 3443 3643 3507 αἰτήσασιν,

2040 3525 2071 3586 ἢ
2097 3535 2202 3587 τοῖς
2239 3533 2329 3580 νῦν
2366 3530 2563 3582 τούτων
2591 3527 3122 3601 καταψηφισαμένοις
3172 3531 3474 3595 Ἐπίκτητος
3526 3535 3636 3589 ἐπί-

2040 3639 2231 3678 σκοπος
2260 3614 2369 3673 εἶπέ
2394 3634 2406 3645 ”
2436 3618 2666 3681 Βασιλεῦ,
2705 3621 2763 3672 οὐ
2792 3622 3019 3682 πίστεως
3041 3621 3203 3677 ἕνεκεν
3240 3627 3493 3698 σήμερον,
3523 3624 3637 3681 οὐδὲ

2040 3712 2295 3785 χριμάτων
2343 3711 2765 3768 έκκλησιαστικῶν
2813 3712 3229 3784 ἀντιποιούμενος
3272 3714 3506 3790 Διϐέριος
3556 3718 3640 3771 τόν

2038 3804 2182 3877 λόγον
2201 3812 2448 3871 ποιεῖται,
2478 3804 2582 3858 ἀλλ’
2610 3805 2695 3859 ἵνα
2718 3812 2825 3866 τοῖς
2863 3808 2914 3860 έν
2942 3805 3113 3882 Ῥώμη
3145 3811 3496 3884 συγκλητικοῖς
3518 3833 3639 3867 καψ-

2040 3900 2294 3968 χήσηται,
2325 3899 2393 3958 ὡς
2413 3896 2837 3971 συλλογισάμενος
2863 3900 2948 3954 τόν
2969 3899 3204 3972 βασιλέα.

2110 4268 2176 4325 Γ’.
2212 4271 2268 4326 Ὀ
2314 4271 2552 4332 Βασιλεὺς
2588 4265 2696 4328 εἶπε
2736 4270 2990 4345 Λιϐερίῳ·
3023 4270 3217 4328 ῐιόστον
3264 4267 3315 4326 εἴ
3352 4274 3506 4350 μέρος
3549 4284 3645 4338 τῆς

2038 4366 2352 4435 οἰκουμένης,
2381 4362 2462 4420 ὅτι
2488 4367 2555 4421 σύ
2595 4365 2748 4437 μόνος
2774 4365 2995 4440 συναίρῃ
3015 4364 3266 4440 ἀνθρώπῳ
3306 4366 3521 4439 ἀνοσίῳ.
3558 4371 3642 4422 καί

2036 4465 2129 4518 τῆς
2157 4458 2450 4530 οἰκουμένης
2474 4461 2567 4517 τήν
2608 4459 2805 4533 εἰρήνην
2835 4458 2914 4509 καί
2948 4453 3062 4509 ὅλου
3101 4461 3192 4510 τοῦ
3233 4456 3428 4528 κόσμου
3464 4456 3637 4522 λύειςς

323 4568 387 4610 ac
427 4554 608 4609 mundi
643 4555 807 4609 totius
854 4568 1037 4624 pacem
1072 4552 1370 4608 dissolvas?
1410 4571 1429 4605 ι
1467 4552 1715 4607 Liberius
1740 4552 1876 4608 dixit
1907 4570 1921 4607 :

2045 4551 2264 4627 ὶιϐέριος
2287 4567 2300 4580 ·
2334 4552 2408 4606 Οὐ
2439 4548 2525 4605 διὰ
2543 4550 2602 4605 τό
2628 4544 2756 4604 εἶναί
2776 4568 2838 4620 με
2864 4548 3033 4620 μόνον,
3062 4548 3089 4603 ό
3115 4556 3208 4608 τῆς
3232 4551 3461 4610 πίστεως
3488 4550 3633 4607 έλατ-

396 4759 474 4833 (Ι)
505 4760 603 4829 Qui
636 4759 878 4815 recolcnt
910 4757 1050 4828 quod
1076 4756 1251 4833 Julius
1285 4756 1441 4826 epist.
1472 4772 1513 4833 ι,
1539 4772 1598 4833 u.
1620 4756 1693 4833 ξε
1712 4757 1921 4833 scribit,

323 4828 465 4890 hanc
488 4828 695 4888 scilicet
718 4847 767 4886 e~
781 4846 839 4886 se
863 4830 1330 4895 eoi-suetudinem,
1362 4841 1417 4881 ut
1441 4828 1485 4882 si
1513 4828 1640 4897 qttid
1663 4830 1923 4898 suspicio-

323 4907 408 4960 nis
437 4906 486 4957 iti
520 4904 894 4958 Alexandrina:
926 4903 1073 4954 urbis
1102 4900 1414 4969 episcotntm
1455 4906 1612 4954 cadat
1634 4944 1646 4958 .
1692 4901 1922 4970 primum

322 4977 389 5030 ad
440 4974 735 5029 Romanam
774 4974 1058 5027 ecclesiam
1104 4972 1399 5033 scribatur,
1433 4983 1496 5024 ac
1538 4971 1736 5041 deinde
1778 4972 1919 5041 quod

316 5048 519 5115 justum
548 5055 630 5099 est
659 5044 998 5104 decernatur.
1028 5054 1083 5097 et
1108 5044 1193 5097 hic
1223 5041 1528 5115 Liberium,
1558 5054 1611 5096 et
1640 5040 1807 5106 inira,
1830 5045 1921 5098 ubi

323 5113 567 5174 eamdem
597 5132 700 5170 non
727 5115 1121 5170 condemnandi
1153 5113 1432 5169 Athanasii
1458 5127 1673 5166 caueam
1705 5114 1917 5182 repetit,

323 5191 388 5244 ad
456 5204 573 5243 eam
641 5185 1083 5241 consuetudinem
1147 5189 1417 5249 respicere
1480 5182 1915 5252 SIISpicabtttttur.

323 5260 487 5315 Forte
526 5260 687 5314 etiam
731 5258 817 5311 hic
857 5272 988 5323 papa
1028 5256 1342 5324 simpliciter
1378 5270 1482 5308 non
1519 5253 1816 5321 jutticatnm
1845 5257 1919 5310 ait

324 5329 713 5394 Athanasium,
766 5329 888 5392 quia
937 5327 1084 5381 nullo
1130 5327 1390 5381 hactenus
1438 5326 1680 5396 legitimo
1714 5325 1918 5396 judicio

322 5402 489 5458 fuerat
526 5399 931 5453 ('nntlctttnalus.

399 5473 479 5546 (2)
507 5470 623 5525 Non
646 5470 827 5546 solum
858 5484 961 5520 non
988 5467 1239 5546 viderunt
1259 5466 1347 5536 qui
1365 5464 1655 5546 Mediolani
1689 5466 1921 5546 in_A_tha:

324 5536 532 5599 nasitittt
579 5539 1029 5610 Sltht‘l'lpStEI‘llnl.
1080 5540 1171 5592 sed
1201 5554 1293 5612 ne
1347 5536 1383 5591 ti
1429 5536 1644 5612 quidem
1674 5538 1918 5612 qni‘Tyri

324 5630 447 5671 eum
492 5608 918 5667 COIItIt'Ittttat'tttal
964 5627 977 5664 ε
1019 5624 1152 5679 quos
1192 5608 1364 5664 Julius
1402 5611 1560 5676 epist.
1598 5625 1634 5670 l,
1668 5608 1720 5661 Ii.
1752 5609 1808 5673 9,
1839 5608 1918 5665 Sic

323 5686 612 5755 alloquitur
644 5699 659 5733 :
695 5681 754 5736 Si
795 5683 966 5755 vestris
997 5681 1176 5735 litteris
1207 5682 1241 5749 (ι
1262 5687 1414 5734 outra
1446 5679 1822 5755 Athanasium)
1854 5683 1919 5749 [i-

325 5759 439 5813 dem
454 5752 638 5812 haberi
677 5752 949 5824 postulatio
968 5793 982 5819 ,
1013 5761 1409 5807 consentaneum
1435 5763 1508 5808 est
1537 5760 1583 5806 et
1616 5752 1678 5805 iis
1705 5754 1791 5821 qui
1819 5770 1913 5822 pro

2030 4751 2124 4806 illo
2152 4750 2462 4822 scripserunt
2490 4748 2644 4822 ﬁdem
2678 4764 2778 4822 non
2809 4747 3061 4822 abnegare
3093 4765 3106 4800 :
3139 4749 3360 4822 maxime
3389 4751 3511 4822 quia
3549 4767 3637 4808 vos

2031 4826 2093 4877 de
2117 4823 2182 4877 iis
2210 4819 2325 4889 qua:
2355 4821 2533 4890 procul
2562 4837 2594 4872 a
2625 4819 2761 4873 vobis
2788 4828 2926 4889 gestu
2952 4819 3050 4873 sint
3072 4819 3308 4877 sorititis.
3337 4819 3444 4875 etc.

2105 4895 2187 4960 t5)
2209 4891 2461 4947 Libertus
2482 4891 2547 4944 ad
2572 4890 2858 4945 absurdam
2882 4890 3018 4944 adeo
3041 4891 3553 4959 interpellationem,
3577 4902 3637 4949 nt

2030 4972 2087 5019 et
2114 4963 2253 5018 intra
2294 4962 2359 5017 ad
2397 4966 2620 5017 alteram
2662 4962 2891 5027 Epicteti
2935 4977 3039 5015 non
3070 4962 3370 5017 absimilem
3411 4979 3636 5031 restion-

2029 5035 2159 5091 dere
2185 5033 2502 5104 dedignatus
2555 5034 2636 5088 eis
2664 5031 2754 5100 qui
2785 5034 2852 5087 de
2881 5031 3145 5102 religione
3171 5033 3464 5104 disputant,
3497 5045 3635 5091 tem-

2031 5108 2177 5177 poris
2224 5110 2277 5177 in
2319 5103 2466 5161 tricis
2504 5106 2921 5176 supervacaneis
2949 5120 3054 5158 non
3086 5103 3297 5159 terendi
3323 5109 3628 5176 exetnplum

2047 5176 2278 5232 tr'elntit.
2754 5220 2760 5232 η

2095 5199 2103 5209 .
2165 5196 2177 5225 ,
2265 5218 2278 5232 ⁸
2754 5220 2760 5232 Ἰ

2029 5195 2280 5319 pra)";
2316 5245 2523 5302 nullum
2550 5250 2635 5301 est
2666 5245 2921 5319 mendum
2951 5246 3003 5300 in
3032 5244 3407 5302 Alexandrina:
3435 5245 3628 5319 synodi

2025 5335 2073 5387 et
2094 5317 2249 5376 istula
2281 5321 2420 5389 apud
2437 5321 2787 5373 Atltauasmtn
2804 5317 3015 5388 apolog.
3048 5324 3191 5373 ctntt.
3220 5320 3501 5389 Art.tn.,tt_.
3535 5318 3627 5383 l3,

2026 5386 2119 5447 sex
2149 5386 2421 5460 jttdicaSSe
2442 5390 2655 5460 dtcetnli
2695 5395 2854 5460 sunt,
2877 5386 3040 5458 atque
3072 5390 3203 5442 inl‘ra
3230 5386 3631 5460 nominatiycst

2025 5458 2304 5518 atldtiutlus
2343 5458 2704 5515 Macedonius.
2737 5459 2838 5514 Sed
2873 5474 3047 5528 neque
3076 5460 3120 5512 is
3143 5459 3282 5510 inter
3304 5470 3420 5522 eos,
3449 5458 3538 5527 qui
3573 5462 3627 5514 in

2025 5532 2334 5591 Sttt'dicensi
2391 5533 2600 5604 synodo
2652 5528 2969 5585 nominatim
3024 5529 3382 5593 damnantur,
3430 5544 3624 5584 recen-

2024 5615 2193 5662 setnr.

2103 5677 2177 5744 (5)
2218 5674 2370 5743 Apud
2396 5674 2566 5744 ipsam
2593 5671 2781 5726 urbem
2808 5668 3164 5744 Mediolanum
3195 5668 3391 5744 habita,
3429 5679 3485 5724 ttt
3523 5672 3626 5743 ipsi

2024 5707 2373 5806 νεὶἷίιξὲἲῖ]
2382 5707 2781 5814 ἐέἔᾶἶέξέὥὲἵῗ
2799 5707 3183 5796 3ἰῖΤᾴιῶἓῆ
3197 5707 3503 5809 ’ἐίὲἕῐέἕαὲἰί
