4106 6184
298 273 438 327 15⁸5

707 262 1066 323 EPISTOLE
1107 260 1353 317 LIBERI!
1398 260 1487 314 All
1533 256 1949 314 VINCENTIUM
1994 259 2213 333 ETAD
2251 264 2544 320 CATHOL.
2595 265 2991 323 EPISCOPOS.

3448 269 3584 324 ΚΗ

293 390 574 443 destruere
601 383 971 454 ltltpl'litit'ni!l‘
1001 379 1211 434 s.eviori
1243 391 1491 440 censura,
1516 374 1616 429 hoc
1648 375 1883 429 :rstima-
1911 375 1961 438 Α
2026 375 2338 434 MONITUM
2377 378 2443 434 lN
2484 380 2663 436 DUAS
2705 375 3078 439 EPISTOLAS
3118 383 3544 452 SEQUEN'I'L‘S.

295 489 495 536 verunt
514 491 565 535 et
601 492 820 539 novare,
851 472 996 544 quod
1016 473 1124 541 jatn
1157 469 1235 543 (l)
1267 485 1332 525 ex
1379 467 1672 539 apostolica
1700 476 1886 521 aucto-

295 575 452 630 ritate
500 573 764 627 mttnitum
802 577 883 623 est
925 568 993 621 de
1021 566 1239 638 pietate,
1278 578 1396 617 cum
1426 561 1624 618 dietutu
1667 569 1746 614 est
1779 576 1884 616 non

296 681 416 724 esse
455 663 780 737 parcendum
825 661 906 714 his
933 659 1021 729 qui
1063 657 1199 728 apttd
1234 655 1529 710 Ariminum
1577 654 1887 723 ignorantes

297 765 546 831 egerunt.
587 756 792 824 Quibus
839 753 1049 808 nescire
1079 750 1344 814 illicitum,
1391 746 1486 802 fuit
1547 758 1761 815 captum
1793 759 1884 799 er-

296 855 406 910 rori
435 851 706 917 incidere,
760 848 960 902 idcirco
1007 845 1204 900 veritas
1254 840 1556 912 repedanda
1618 849 1718 896 est.
1779 837 1884 894 Sed

298 946 461 1010 mihi,
507 945 592 1000 cui
649 941 902 997 convenit
953 939 1130 992 omnia
1182 935 1459 989 moderate
1515 932 1881 1002 perpendere,

298 1040 532 1096 maxime
576 1050 696 1088 cum
739 1043 792 1088 et
832 1031 1065 1102 Aigyptii
1121 1043 1307 1082 omnes
1338 1038 1390 1082 et
1423 1025 1606 1080 Achivi
1648 1024 1885 1079 accusati

298 1131 618 1188 sententiam
661 1133 1020 1197 receperunt,
1073 1123 1254 1177 multis
1309 1120 1636 1191 parcendum
1670 1119 1884 1188 quidem

297 1223 402 1290 his,
430 1223 499 1278 de
528 1221 722 1293 quibus
743 1232 904 1289 supra
934 1215 1303 1276 tractavimus,
1335 1223 1584 1267 auctores
1617 1225 1744 1266 vero
1765 1226 1888 1267 esse

295 1318 650 1376 damnandos.
679 1317 766 1386 qui
796 1315 1009 1382 obliqua
1041 1321 1093 1366 et
1133 1310 1363 1378 maligna
1388 1307 1687 1362 subtilitate
1715 1315 1767 1360 et
1793 1322 1884 1361 ca-

294 1411 462 1481 ligine
506 1407 847 1462 oll'enderunt
887 1402 1250 1458 innocentium
1275 1413 1489 1464 sensus,
1528 1413 1623 1468 per
1650 1413 1768 1466 qum
1796 1413 1889 1452 vc-

293 1504 470 1558 lameu
502 1500 836 1556 ohducereut
867 1495 1095 1559 veritati,
1129 1493 1379 1548 tenebras
1410 1491 1604 1558 lucem,
1633 1498 1687 1545 et
1711 1489 1884 1544 lucem

294 1595 544 1650 tenebras
565 1591 922 1647 venditantes.

361 1690 425 1746 il.
456 1689 619 1758 igitur
656 1686 700 1741 si
751 1684 870 1756 quis
901 1680 1250 1754 ignorationis
1298 1689 1511 1750 captum
1557 1676 1885 1746 resipiscens

2061 471 2101 526 l.
2134 471 2364 528 Primam
2394 489 2458 529 ex
2488 474 2698 532 duabus
2732 477 2978 546 epistolis
3008 479 3457 549 subsequentibus
3483 481 3584 536 So-

1989 563 2144 630 crati,
2172 564 2262 620 lib.
2295 581 2366 634 tv,
2397 583 2444 621 c.
2475 567 2559 635 η,
2593 569 2821 626 simulet
2843 572 3164 637 Sozomeno,
3193 573 3280 626 lib.
3309 589 3382 635 γι,
3412 590 3457 636 c,
3495 575 3580 642 li,

1987 657 2211 712 alteram
2235 660 2334 714 soli
2362 659 2564 715 Socrati
2597 661 2726 717 ibid.
2762 666 3004 734 quamvis
3035 677 3083 720 et
3117 667 3270 734 hujus
3297 667 3456 721 etiam
3481 667 3581 720 So-

1988 763 2245 804 zomenus
2301 753 2625 820 meminerit,
2674 755 2950 810 debemus.
3002 758 3330 826 Qumautem
3375 759 3582 814 illarum

1987 839 2391 898 scribendarum
2421 847 2632 900 occasio
2661 849 2946 912 exstiterit,
2972 865 3038 904 ex
3077 859 3302 922 utroque
3327 850 3412 906 hic
3444 868 3582 920 prte-

1989 935 2157 988 libare
2180 951 2358 1006 operte
2390 940 2619 1006 pretium
2656 941 2830 996 fuerit.
2875 941 3075 1012 Nempe
3119 957 3239 997 cum
3288 944 3580 1013 Eudoxius,

1988 1027 2230 1084 Valentis
2274 1030 2612 1102 imperatoris
2659 1037 2974 1092 auctoritate
3014 1037 3200 1105 t'retns,
3241 1037 3585 1094 Macedonia-

1989 1139 2088 1178 nos
2117 1137 2309 1179 vexare
2331 1127 2739 1196 aggrederetur,
2777 1131 2828 1186 hi
2857 1133 3114 1186 malorum
3161 1133 3584 1202 impendentium

1993 1225 2158 1285 metu,
2186 1217 2363 1277 missis
2390 1221 2528 1276 inter
2551 1236 2608 1277 se
2635 1239 2731 1293 per
2753 1225 2991 1295 singulas
3020 1228 3179 1281 urbes
3205 1227 3582 1299 legationibus,

1990 1313 2159 1366 satius
2200 1313 2641 1383 cssejudicartutt
2664 1325 2722 1371 ut
2745 1317 2809 1372 ad
2839 1318 3261 1374 Valentinianum
3287 1330 3340 1374 et
3367 1321 3431 1374 ad
3464 1325 3580 1388 cpi—

1990 1421 2210 1478 scopum
2237 1410 2382 1464 urbis
2406 1409 2590 1464 Romrc
2615 1411 2986 1482 confugerent,
3017 1430 3312 1482 eorumque
3337 1430 3581 1469 commu-

1991 1502 2136 1556 nioni
2157 1503 2530 1573 jungerentur,
2555 1520 2710 1575 quam
2739 1517 2794 1559 ιιι
2820 1521 2940 1561 cum
2986 1505 3205 1562 Valente
3250 1507 3584 1575 Eudoxiiquc

1990 1595 2212 1651 asseclis
2236 1596 2284 1649 in
2318 1596 2440 1651 ﬁdei
2469 1598 2706 1652 doctrina
2740 1599 3219 1654 eonnnunicareut.
3252 1598 3457 1653 Mittunt
3490 1597 3587 1669 igi-

1993 1699 2078 1744 tur
2102 1689 2168 1745 dc
2192 1705 2288 1744 suo
2318 1703 2542 1745 numero
2571 1698 2679 1746 tres
2715 1692 3015 1761 episcopos.
3057 1691 3390 1746 Eustathium
3420 1690 3586 1747 Seba-

288 1782 556 1840 scrmonis
581 1788 779 1835 nostra:
804 1776 1170 1832 advocationis
1200 1774 1278 1844 (‘2)
1311 1772 1623 1828 brevissima
1646 1772 1775 1826 illud
1803 1772 1885 1825 vis

1995 1784 2132 1850 stizc,
2159 1785 2435 1840 Stlvantttn
2480 1787 2632 1842 Tarsi
2679 1795 2734 1842 el.
2779 1786 3134 1856 TlteOphilum
3179 1787 3584 1842 Castalntlorutn

288 1891 381 1932 rus
413 1876 464 1928 in
499 1888 557 1928 se
579 1871 888 1943 pestiferum
912 1867 1376 1936 Arianidugmatis
1405 1865 1687 1919 subdolum
1719 1879 1780 1917 ac
1813 1873 1892 1918 te-

291 1967 579 2023 nebrosum
609 1964 781 2018 fuerat
801 1970 1055 2029 expertus
1076 2000 1092 2024 ,
1118 1969 1398 2028 reparatus
1428 1956 1729 2012 exhauriat.
1761 1971 1893 2010 con«

289 2060 527 2122 demnet,
547 2055 1020 2122 vehementiusque
1037 2053 1088 2106 in
1107 2059 1353 2105 auctores
1370 2050 1484 2120 ejus
1500 2048 1740 2103 iuszcviat
1756 2061 1890 2116 quos

292 2153 421 2206 inse
444 2149 706 2204 violentos
735 2156 990 2216 expertus
1019 2154 1120 2211 est,
1142 2149 1417 2213 totumque
1439 2157 1497 2197 se
1521 2141 1640 2195 ﬂdei
1670 2152 1890 2211 προδιει-

288 2245 408 2300 ilczc
445 2252 498 2297 et
535 2240 812 2296 catholica:
850 2253 1017 2308 usque
1053 2237 1118 2290 ad
1149 2235 1379 2290 Nicasnte
1427 2233 1617 2305 synodi
1648 2232 1728 2305 (5)
1757 2248 1888 2286 con-

289 2343 508 2390 ventum
541 2333 607 2388 de
637 2333 846 2402 integro
865 2328 1150 2399 mancipct.
1172 2328 1278 2382 Per
1296 2341 1455 2397 quam
1476 2326 1886 2395 professionem,

292 2429 504 2484 etiamsi
531 2425 849 2497 quibusdam
881 2424 997 2478 leve
1041 2431 1094 2477 et
1141 2420 1424 2476 remissum
1450 2420 1682 2483 videtur,
1729 2432 1889 2472 recu-

292 2531 443 2594 peret
472 2521 522 2575 id
545 2519 685 2591 quod
711 2533 804 2589 per
828 2518 1075 2572 astutiam
1103 2515 1360 2571 rectitatis
1380 2513 1654 2567 amiserat.
1690 2512 1887 2567 Verum

291 2613 337 2669 si
359 2613 549 2682 aliquis
577 2625 680 2665 tam
703 2609 912 2666 stolidae
944 2608 1157 2667 mentis,
1185 2605 1325 2676 quod
1361 2604 1503 2658 haud
1557 2603 1744 2669 credo,
1773 2602 1891 2658 l‘ue-

293 2707 363 2762 rit
393 2707 662 2771 inventus,
687 2705 775 2774 qui
806 2715 911 2756 non
943 2701 1116 2755 solum
1140 2699 1270 2753 nolit
1296 2696 1556 2762 converti,
1591 2695 1888 2749 antidotum

294 2799 557 2870 recipiens
614 2796 860 2852 sanitatis
909 2794 1024 2866 (ι),
1068 2805 1333 2848 venenum
1392 2792 1646 2858 virusque
1698 2788 1893 2842 noxius

294 2917 415 2961 sese
444 2898 717 2955 vindicare
741 2891 1064 2957 crediderit;
1089 2897 1143 2945 et
1173 2889 1377 2943 ratione
1401 2887 1664 2945 vincetur,
1690 2889 1744 2935 et
1772 2894 1893 2934 auc-

295 3000 399 3057 tori
432 2996 671 3072 perfidite
709 2989 915 3063 perdite
961 2985 1264 3056 deputatus,
1304 2976 1566 3035 Ecclesiae
1611 2972 1892 3029 catholica)

296 3090 523 3166 spiritali
553 3089 738 3159 vigore
768 3085 1046 3157 plcctetur.

297 3242 500 3296 raritate
529 3238 780 3294 munitum
817 3247 891 3293 est
923 3237 986 3290 de
1011 3236 1214 3306 pietate,
1253 3232 1608 3306 contendentes
1645 3244 1747 3284 non
1783 3245 1891 3283 esse

295 3312 606 3386 parcendum
649 3313 727 3386 Itis
753 3304 1018 3386 quiapud'
1038 3307 1336 3386 Αιςὶιιιίηιηιι.
1365 3304 1658 3386 ignorantes
1683 3313 1891 3386 egerunt

299 3375 418 3455 '(seu
449 3381 737 3460 errarunt),
765 3375 1168 3460 quibus-Ancaeire
1197 3376 1600 3460 qtto'tlnillicitnlnt
1629 3389 1765 3459 erat,
1793 3375 1892 3447 fuit

293 3446 501 3525 captum
532 3453 647 3525 (Seu
690 3446 965 3522 laqueum)
991 3449 1176 3525 erroris
1211 3446 1466 3525 incidere;
1495 3446 1685 3525 idcirco
1707 3446 1891 3525 cisse-

295 3519 477 3582 veritas
509 3519 852 3596 (disciplima)
877 3519 1204 3592 rependenda
1228 3530 1322 3596 est.
1359 3519 1464 3574 Sed
1491 3519 1636 3596 milii,
1667 3520 1749 3572 cui
1769 3536 1890 3572 con-

297 3600 426 3652 venit
477 3591 959 3650 omnia—moderate
1013 3591 1362 3665 perpendere,
1413 3591 1636 3665 maxime
1673 3608 1789 3665 cum
1841 3601 1888 3645 et

303 3667 538 3739 {Egyptii
562 3686 731 3721 omnes
752 3679 796 3721 et
826 3659 1243 3739 Acltiri'udunuti
1269 3662 1564 3739 sententiam
1597 3659 1890 3739 (hanc)__re-

297 3733 541 3808 ceperint,
575 3740 735 3791 visum
781 3748 854 3792 est
900 3736 1206 3808 parcendum
1248 3733 1450 3808 quidem
1490 3733 1568 3786 Itis
1609 3733 1675 3786 de
1705 3734 1889 3808 quibus

295 3806 454 3871 supra
481 3811 828 3871 tractavimus,
860 3810 948 3876 qui
978 3809 1096 3861 scil.
1127 3807 1178 3860 in
1200 3807 1400 3859 err0ris
1429 3806 1672 3871 laqueum
1703 3807 1769 3856 ita
1801 3806 1885 3857 iu-

297 3882 569 3943 ciderunt,
603 3891 659 3933 ut
704 3875 1235 3933 illaesaconscienlia
1275 3875 1544 3930 haereticis
1594 3890 1890 3930 consense-

297 3951 423 4007 rint.
461 3952 662 4006 Deinde
708 3950 847 4017 qnod
878 3949 946 4004 de
983 3945 1272 4017 impietatis
1316 3945 1623 4017 auctoribus
1666 3945 1882 4002 dicitur.

299 4040 404 4077 non
441 4023 508 4077 ita
533 4019 959 4092 intelligetulnm,
985 4016 1410 4092 quasieis‘ttenia
1437 4016 1595 4092 etiam
1629 4025 1882 4092 negetur:

298 4095 390 4148 sed
414 4096 534 4163 quia
557 4094 636 4147 eis
662 4087 881 4147 in'clero
905 4087 1252 4163 permanendi
1272 4102 1405 4163 spes
1431 4087 1747 4163 sublatasit.
1777 4088 1888 4146 lloc

297 4175 382 4219 est
402 4159 726 4220 Athanasius
752 4166 802 4219 in
829 4159 1147 4233 epistolaad
1179 4159 1520 4233 Rulinianum
1553 4159 1752 4233 tradit,
1778 4177 1884 4233 non

296 4237 470 4307 solum
501 4239 551 4290 in
578 4235 852 4307 rEgypto,
867 4229 960 4307 sed
979 4236 1028 4287 in
1043 4231 1270 4307 (incola,
1289 4231 1341 4307 in
1355 4229 1698 4307 iliSpania,_in
1713 4229 1884 4289 Gallia

298 4319 348 4361 et
396 4305 590 4373 ubique
617 4301 884 4376 t-piscotiis
911 4303 1276 4376 piaCIIiSse,_ul
1305 4301 1369 4354 iis
1396 4302 1484 4376 qui
1512 4301 1647 4370 lapsi
1669 4313 1810 4376 sunt,
1841 4311 1884 4358 si

296 4371 570 4449 impietatis
599 4371 788 4451 fuerint
808 4371 1068 4437 auc-tores,
1107 4373 1251 4451 venia
1278 4371 1607 4451 concedatur,
1635 4373 1884 4451 siquidem

296 4443 630 4514 resipiscutil,
659 4466 749 4504 nec
777 4451 937 4516 ,detur
969 4459 1136 4500 tamen
1176 4445 1228 4498 in
1253 4445 1387 4498 clero
1433 4443 1609 4516 locus;
1650 4444 1712 4497 iis
1743 4461 1882 4508 vero.

297 4522 384 4589 qui
427 4522 685 4592 iniquitati
729 4515 1035 4591 patrocinati
1081 4533 1180 4592 non
1225 4526 1362 4576 sunt,
1387 4515 1477 4592 sed
1513 4517 1803 4592 necessitate
1824 4534 1884 4592 ac

1995 1895 2118 1934 cum
2166 1881 2377 1946 litteris,
2412 1892 2520 1935 tum
2558 1883 2626 1935 ab
2656 1884 2786 1936 urbe
2825 1882 3052 1952 Smyrna
3099 1879 3150 1935 in
3180 1880 3328 1944 Asia,
3383 1892 3489 1933 tum
3521 1896 3586 1934 ex

1996 1971 2329 2044 Pamphylia,
2365 1969 2563 2027 Isauria
2602 1989 2663 2028 ac
2690 1971 2849 2044 Lycia
2901 1975 2987 2028 ubi
3016 1973 3241 2028 concilia
3285 1973 3591 2028 ceiebrave~

1997 2069 2138 2128 rant,
2184 2061 2246 2116 ad
2274 2061 2544 2118 Liberium
2579 2081 2854 2118 romamun
2889 2065 3198 2136 episeopuin
3229 2074 3281 2119 et
3321 2061 3587 2120 Occiden-

1997 2153 2129 2209 tales
2185 2155 2450 2209 antistites
2492 2156 2726 2227 scriptis,
2761 2175 2780 2208 ι
2815 2156 3028 2227 quibus,
3069 2175 3088 2210 ι
3125 2157 3295 2228 inquit
3333 2154 3590 2212 Sozontc-

1995 2263 2114 2312 nus,
2155 2265 2175 2301 t
2211 2263 2306 2304 eos
2357 2247 2729 2310 hortabantur.
2777 2257 2830 2305 ut
2886 2249 3087 2320 legatos
3123 2266 3247 2305 suos
3298 2249 3442 2303 omni
3486 2264 3588 2318 ope

1994 2341 2330 2412 adjuvarent,
2358 2351 2556 2397 etcum
2596 2339 2701 2397 illis
2725 2340 2848 2410 quid
2880 2343 3143 2412 agendum
3179 2349 3323 2397 esset
3354 2357 3586 2411 perpen-

1993 2437 2202 2500 decent,
2236 2443 2290 2490 et
2326 2444 2520 2490 statum
2566 2435 2824 2492 Ecclesia:
2867 2445 3020 2508 prout
3069 2437 3195 2505 ipsis
3225 2437 3394 2489 visum
3445 2444 3591 2492 esset

1993 2531 2324 2600 corrigercttt
2357 2547 2367 2581 :
2394 2531 2591 2601 quippe
2615 2531 2703 2600 qui
2733 2528 2951 2598 probam
2984 2543 3044 2584 ac
3067 2529 3310 2583 stabilem
3339 2527 3496 2584 {idem
3522 2529 3588 2584 ab

1992 2625 2251 2695 apostolis
2291 2624 2537 2679 traditam
2562 2625 2873 2689 retinerent,
2898 2641 2959 2680 ac
2983 2640 3090 2695 prae
3112 2625 3321 2680 ett-teris
3337 2627 3587 2680 omnibus

1993 2721 2269 2790 religionis
2297 2735 2476 2774 curam
2501 2734 2690 2789 gerere
2712 2718 2989 2772 deberent.
3022 2737 3040 2770 ι
3080 2718 3304 2774 Prolixa:
3326 2728 3477 2773 erant
3506 2718 3587 2772 inc

1993 2812 2202 2879 litterae,
2231 2810 2458 2881 ideoque
2479 2827 2508 2866 a
2538 2811 2759 2867 Socrate
2800 2811 3193 2880 prmtermissm.
3231 2809 3380 2866 Unde
3415 2812 3586 2864 coliti-

1993 2905 2068 2976 git
2093 2919 2142 2959 nl
2175 2906 2238 2960 ad
2272 2921 2370 2961 nos
2393 2906 2612 2961 minime
2641 2906 2999 2976 pervenirent.
3033 2904 3215 2974 Legati
3249 2906 3469 2958 Romam
3499 2921 3591 2960 vc-

1995 3001 2225 3061 nientes,
2251 3014 2370 3053 cum
2397 2998 2826 3054 Valentinianum
2855 2998 2996 3055 bello
3024 3000 3074 3053 iu
3103 2999 3289 3054 Galliis
3311 2999 3584 3055 detentum

1996 3093 2147 3149 adire
2176 3094 2308 3166 ipsis
2337 3109 2442 3150 nou
2474 3094 2734 3163 licuisset,
2767 3095 2971 3152 litteras
3001 3110 3125 3150 suas
3159 3095 3372 3151 Liberio
3396 3112 3584 3167 porre-

1998 3235 2229 3307 maxime
2250 3251 2372 3290 cum
2403 3245 2457 3289 et
2484 3235 2534 3290 id
2569 3242 2740 3306 ipsum
2772 3239 3003 3304 postulet
3031 3238 3261 3307 quodam
3298 3239 3456 3294 modo
3488 3241 3586 3294 ibi-

1994 3305 2114 3358 dem
2137 3309 2372 3361 sulmexa
2399 3305 2962 3374 interlocutioSabhte,
2985 3320 3033 3361 et
3053 3305 3282 3364 aliorum
3298 3312 3584 3366 monacho-

1997 3393 2111 3429 rum
2143 3379 2208 3431 de
2239 3379 2602 3435 Alexandrino
2629 3380 2848 3435 ἀρεῖ-(διο
2875 3379 3198 3434 dicentium:
3238 3377 3355 3434 Non
3387 3395 3456 3436 est
3489 3401 3583 3439 vox

1993 3449 2264 3526 att/tonuit
2290 3460 2485 3526 tantula
2513 3494 2525 3516 ,
2560 3453 2647 3526 sed
2676 3466 2723 3506 et
2750 3452 3093 3526 synodorum;
3126 3469 3244 3505 nam
3279 3456 3410 3526 idem
3439 3466 3582 3526 pater

1993 3521 2136 3593 dicit,
2176 3524 2296 3592 quia
2329 3533 2374 3575 et
2415 3520 2639 3577 Romani
2679 3537 2722 3576 et
2757 3520 2924 3577 δι’ωεί
2965 3535 3278 3593 receperunt.
3322 3524 3394 3578 11ιί
3439 3520 3580 3579 enim

1992 3589 2344 3647 Romanorum
2385 3595 2601 3649 nOtninc
2641 3597 2799 3651 etiam
2835 3589 3128 3650 Romanam
3183 3595 3465 3652 ecclesiam
3505 3597 3586 3651 iu-

1993 3664 2335 3736 telligeudam
2366 3679 2484 3719 esSe
2528 3669 2626 3721 iste
2674 3665 2871 3720 LibCI'ti
2899 3667 3049 3720 locus
3088 3667 3387 3736 persuadet.
3434 3668 3578 3721 Prie-

1994 3742 2135 3788 terea
2171 3735 2437 3807 Llherium
2467 3752 2528 3790 ac
2563 3737 2855 3791 llomanam
2884 3738 3166 3792 ecclesiam
3201 3739 3338 3791 circa
3377 3738 3585 3807 episco-

1991 3818 2088 3880 pos
2117 3805 2342 3861 Arimini
2375 3807 2554 3880 lapsos
2580 3809 2957 3864 Alexandrina:
3001 3809 3190 3880 synodi
3233 3805 3449 3864 decreto
3476 3822 3585 3864 str-

1991 3877 2120 3930 tisse
2171 3886 2281 3932 turn
2325 3894 2388 3933 ex
2441 3879 2537 3934 hac
2567 3881 2676 3949 ipsa
2715 3882 2962 3948 cpistola.
2993 3877 3104 3934 tum
3129 3897 3194 3934 ex
3228 3881 3410 3936 Hilarii
3444 3881 3584 3944 frag-

1991 3960 2170 4002 mento
2196 3966 2288 4015 xu,
2321 3967 2373 4004 n.
2397 3951 2456 4015 ἶ),
2482 3962 2589 4005 tum
2611 3959 2692 4006 est
2716 3951 2945 4007 llistoria
2964 3951 3144 4006 Rulini
3171 3952 3262 4006 lib.
3289 3968 3326 4019 t,
3345 3967 3464 4023 eap.
3490 3953 3580 4020 50,

1987 4028 2215 4073 Constat.

2062 4091 2144 4162 (2)
2173 4091 2228 4144 In
2265 4091 2544 4147 Pitlurano
2576 4109 2677 4148 ms.
2722 4095 3012 4157 benissima,
3049 4093 3184 4148 forte
3206 4109 3300 4162 pro
3324 4094 3582 4150 lenissima

1986 4173 2078 4216 aut
2104 4163 2486 4232 benignissima.
2538 4167 2654 4220 Mox
2689 4167 2739 4217 in
2781 4182 2881 4218 ms.
2912 4165 3076 4221 Sirm.
3122 4166 3447 4231 latebrosum,
3474 4183 3579 4222 non

1987 4233 2324 4288 tenebrosum.
2382 4235 2551 4289 Minus
2605 4252 2732 4290 vero
2791 4237 3018 4290 obscura
3070 4239 3174 4290 erit
3221 4240 3413 4298 oratio,
3445 4255 3580 4293 eou-

1985 4313 2185 4359 structa
2221 4310 2268 4358 in
2295 4304 2436 4360 hunc
2464 4305 2677 4361 modum
2712 4325 2723 4358 :
2756 4305 2926 4376 Igitur
2978 4309 3022 4360 si
3049 4309 3161 4374 quis
3194 4308 3326 4361 illud
3370 4311 3505 4364 virus
3531 4313 3582 4365 in

1985 4393 2040 4431 se
2066 4378 2360 4446 pestiferum
2392 4379 2571 4430 Ariani
2597 4378 2851 4448 dogmatis
2880 4377 3150 4432 subdolum
3183 4396 3241 4431 ac
3263 4381 3580 4435 tenebrosum

1987 4448 2105 4589 fseu
2149 4447 2480 4520 latebrosum)
2525 4447 2691 4520 fuerat
2720 4461 2977 4516 expertus.
3007 4451 3339 4520 ignorationis
3378 4464 3582 4520 captum

2015 4536 2106 4574 seu
2135 4521 2195 4572 ab
2223 4521 2558 4589 ignorationis
2580 4525 2755 4589 captu)
2787 4523 3106 4589 resipiscens,
3136 4523 3381 4575 sermonis
3421 4526 3582 4578 nostri

2015 4536 2106 4574 seu
2135 4521 2195 4572 ab
2223 4521 2558 4590 ignorationis
2580 4525 2755 4592 captu)
2787 4523 3116 4592 resipiscens,
3136 4523 3381 4575 sermonis
3421 4526 3584 4578 nostri

295 4578 535 4664 uiolentia
585 4578 740 4645 tracti
768 4594 928 4664 fuere,
968 4599 1014 4642 et
1055 4589 1198 4642 venia
1239 4586 1544 4640 concedatur
1574 4595 1619 4640 et
1655 4587 1802 4640 detur
1829 4588 1882 4642 in

1992 4578 2628 4645 lenissimi;adhortatione
2643 4578 2916 4664 'rep'aratu's
2947 4593 3072 4646 illttd
3096 4578 3509 4662 jamjeccltauriat
3535 4605 3582 4649 et

297 4663 431 4716 clero
459 4664 620 4717 locus.

371 4732 450 4806 (ί)
477 4734 587 4806 Seu
620 4736 734 4806 jam
768 4733 904 4788 sedis
945 4731 1591 4806 apostoliete‘auctoritate
1635 4732 1886 4806 munitum

297 4801 390 4860 est;
428 4801 558 4860 lliuc
588 4801 654 4860 de
695 4804 1016 4874 recipiendis
1056 4802 1219 4873 lapsis
1246 4801 1519 4874 decretum
1546 4804 1613 4857 ab
1649 4801 1883 4857 Alexan-

297 4878 448 4950 drina
495 4877 702 4950 synodo
753 4873 980 4950 primum
1030 4875 1314 4950 sant-itum,
1348 4873 1499 4950 q_uod_
1531 4876 1728 4950 ubique
1774 4877 1887 4943 pla-

297 4949 474 5003 cuisse
502 4944 552 5002 iit
582 4944 844 5014 superiori
873 4954 993 5000 nota
1021 4961 1085 4999 ex
1119 4944 1395 4998 Athanasni
1436 4944 1499 4996 ad
1542 4945 1884 4998 Rulinianum

298 5021 520 5089 cpistola
578 5019 944 5088 probavimus,
999 5018 1160 5070 etiam
1213 5032 1240 5067 a
1291 5015 1571 5089 Romanis,
1610 5026 1884 5089 receptum

299 5086 420 5146 che
455 5086 756 5145 coniicitur.
799 5091 910 5145 iloc
950 5100 1002 5144 et
1046 5090 1272 5158 ipsauzet
1323 5086 1597 5158 Athanasii
1636 5087 1884 5155 epistola,

298 5163 468 5234 qualis
495 5165 545 5216 in
573 5162 792 5234 Niczeno
834 5157 1124 5234 Ittcoucilio
1169 5167 1273 5234 act.
1305 5173 1342 5220 ι,
1373 5157 1510 5227 apud
1537 5157 1696 5234 italu,
1728 5168 1766 5211 t.
1793 5175 1886 5234 vn,

301 5228 420 5304 pag.
476 5235 542 5288 75
593 5243 648 5288 et
695 5232 821 5295 660,
870 5232 1004 5304 lecta
1048 5240 1131 5304 est
1185 5228 1387 5304 diserte
1429 5230 1765 5304 tesulicatur.
1811 5231 1884 5284 lbi

299 5300 440 5358 enim
473 5305 656 5361 relatis
686 5303 1036 5358 Alexandrini
1077 5300 1284 5356 decreti
1326 5301 1528 5364 verbis,
1564 5300 1882 5371 subjicitur:

301 5374 429 5430 Hau:
476 5387 520 5430 et
568 5374 747 5429 Romae
786 5380 903 5442 (seu
953 5386 1007 5426 ut
1059 5373 1218 5427 habet
1256 5374 1472 5442 antiqua
1512 5373 1886 5434 interpretatio

299 5447 455 5513 Lah.,
491 5463 608 5517 pag.
642 5445 770 5511 (:80,
792 5441 1027 5516 Romam)
1049 5446 1261 5517 scripta,
1296 5453 1341 5496 et
1374 5461 1406 5496 a
1427 5441 1774 5517 Romanorum
1803 5461 1885 5499 ec-

299 5518 452 5572 t‘lcsia
491 5515 610 5573 sunt
656 5528 874 5588 recepta.
925 5515 1062 5570 lsuid
1108 5516 1324 5586 quidem
1367 5515 1578 5571 sodales
1631 5517 1884 5588 uostriin

299 5590 568 5645 veteribus
592 5589 872 5644 Athanasii
903 5588 1194 5653 codicibus,
1218 5601 1353 5657 quos
1385 5601 1766 5654 recognovere,
1792 5587 1888 5642 tle-

298 5661 525 5717 sidcrari
583 5663 975 5715 observarunt:
1015 5661 1109 5714 sed
1159 5661 1241 5713 itis
1291 5659 1621 5728 praferenda
1681 5661 1890 5716 videtur

296 5734 586 5788 auctoritas
613 5733 952 5802 antiquorum
975 5733 1174 5788 Nicmni
1207 5749 1250 5786 ιι
1275 5734 1512 5805 concilii,
1542 5749 1662 5805 cum
1683 5748 1886 5805 graeco-

300 5823 419 5864 rum
471 5817 583 5865 tutn
629 5805 917 5865 latinorum
955 5805 1344 5877 exemplarium
1383 5803 1436 5863 id
1474 5803 1882 5883 exhibentiutn;

1990 4664 2310 4716 condemnet.

2062 4732 2141 4805 (ὃ)
2178 4733 2288 4788 lloc
2333 4741 2433 4796 cst,
2471 4733 2520 4786 id
2561 4742 2780 4803 prmstet
2810 4777 2824 4799 ,
2877 4733 3017 4803 quod
3062 4733 3426 4788 Macedoniam
3467 4738 3583 4804 epi-

1990 4808 2138 4872 scopi
2172 4805 2224 4858 in
2263 4807 2486 4872 epistola
2515 4809 2780 4872 sequenti,
2802 4808 2945 4872 jussu
2975 4805 3192 4868 Liberii,
3225 4807 3579 4872 proﬁtentur:

1994 4875 2142 4950 lianc
2163 4885 2332 4929 autent
2356 4877 2656 4928 catholicam
2673 4887 2716 4950 et
2740 4878 3086 4950 apostolicam
3095 4876 3252 4950 ﬁdem
3275 4893 3381 4930 esse
3395 4896 3584 4950 agnos-

1990 4949 2189 5020 cimus,
2240 4963 2354 5018 qutc
2398 4963 2557 5017 usque
2619 4947 2687 5000 ad
2739 4944 3010 5002 caucilium
3059 4944 3330 5020 Nieaznum
3385 4944 3582 5020 integra

1991 5027 2036 5072 et
2086 5019 2386 5071 inconcussa
2423 5020 2718 5087 permansit.
2771 5020 3004 5087 Uterque
3051 5019 3137 5072 ille
3179 5019 3326 5072 locus
3369 5019 3578 5090 opinio.

1993 5105 2115 5143 nem
2162 5090 2406 5158 proliigat
2435 5105 2621 5145 eormn
2645 5131 2659 5153 ,
2693 5092 2888 5160 quibus
2915 5099 3124 5158 patres.
3175 5094 3264 5159 qui
3309 5091 3579 5146 Nico-nam

1991 5160 2256 5230 synodum
2314 5171 2737 5228 praecesserunt,
2803 5161 2912 5217 Arii
2966 5161 3171 5232 placitis
3223 5161 3419 5218 favisse
3482 5165 3581 5218 visi

1987 5239 2132 5285 sntit.

2064 5301 2148 5374 (4)
2181 5301 2359 5366 Forte,
2397 5302 2589 5357 Verum
2617 5304 2767 5358 etiam
2802 5320 3043 5358 venenum
3073 5305 3310 5372 virusque
3338 5304 3505 5370 potius
3529 5321 3583 5359 se

1991 5391 2064 5428 se.
2096 5373 2294 5428 Locum
2327 5374 2468 5429 hunc
2519 5376 2751 5430 illu~trat
2791 5377 2924 5431 alter
2971 5376 3344 5442 subsequentis
3384 5375 3584 5444 episto-

1993 5445 2057 5499 l:e
2092 5447 2158 5499 ib
2180 5461 2338 5509 quam
2365 5463 2574 5500 rursum
2605 5447 2848 5502 Liberius
2879 5451 2955 5502 sic
2990 5447 3187 5501 claudit
3217 5463 3228 5496 :
3262 5445 3322 5498 Si
3347 5457 3458 5516 post
3487 5447 3582 5500 hoc

1994 5519 2282 5580 comitium,
2319 5533 2562 5584 perversa:
2591 5521 2831 5573 doctrina:
2871 5521 3006 5572 virus
3052 5532 3292 5581 evomere,
3329 5527 3372 5567 et
3410 5533 3583 5571 omnes

1991 5589 2104 5641 Arii
2134 5589 2474 5657 blaspltemias
2504 5591 2744 5659 reﬁcere,
2774 5607 2956 5658 easque
2982 5587 3296 5659 auat/tertiata
3336 5587 3585 5641 damnare

1991 5660 2270 5720 noluerint,
2294 5663 2457 5714 sciant
2485 5658 2756 5729 se’pariter
2782 5676 2898 5712 cum
2919 5659 3040 5712 Aria
3059 5658 3266 5727 ejusque
3291 5659 3580 5725 discipulis,

1991 5732 2284 5800 cwterisque
2302 5733 2686 5799 serpentibus...
2709 5742 2977 5788 extraneos
2999 5745 3104 5784 esse
3124 5738 3170 5783 et
3193 5730 3388 5784 alienos
3401 5747 3431 5786 a
3444 5747 3586 5791 coms-

1993 5805 2229 5860 ntunione
2261 5800 2520 5860 Ecclesiae.
