4106 6184
618 225 759 285 i575

1947 215 2264 275 LIBERIUS
2309 217 2484 278 PAPA
2498 258 2512 273 .

3695 238 3793 296 1378

616 346 832 398 xerunt.
869 355 889 391 ι
920 336 986 394 Et
1016 335 1105 392 ille
1132 334 1349 407 quidem
1379 335 1534 390 initio
1561 349 1657 392 eos
1683 333 1967 390 admittere
1997 349 2214 390 rernsa-
2241 339 2289 398 Α
2319 351 2422 403 qua
2447 334 2696 391 Liberius
2727 335 3066 392 Enstathium
3094 337 3145 393 iu
3185 338 3358 397 sedem
3387 356 3517 401 suam
3544 353 3710 408 restitui
3738 359 3800 425 ju.

618 434 710 490 bat
728 476 743 497 ,
777 433 1081 488 arianarotn
1114 433 1345 501 partium
1369 430 1490 485 illos
1516 445 1635 485 esse
1662 429 1868 496 dicens,
1894 444 1993 485 nec
2021 432 2089 482 ah
2113 429 2205 484 Ec-

616 527 781 583 clesia
808 526 1004 595 suscipi
1031 539 1205 592 posse,
1236 532 1420 593 utpote
1449 524 1536 593 qui
1562 522 1829 576 Nicmnam
1858 522 2014 576 lident
2047 521 2208 576 abro-

616 628 858 690 gassent.
905 618 973 672 At
1014 617 1085 670 illi
1123 630 1183 671 se
1227 615 1428 670 dudum
1487 614 1779 684 resipuisse
1831 622 1886 668 et
1925 614 2208 668 veritatem

614 713 903 783 agnovisse
966 710 1388 780 responderunt;
1434 717 1490 765 et
1555 710 1938 764 Auommorum
1992 707 2210 776 quidem

616 804 917 861 doctrinam
963 803 1207 873 ejnrassc
1234 803 1344 873 jam
1380 801 1617 873 pridem;
1652 801 1845 856 Filium
1893 816 2021 857 vero
2066 800 2211 855 Patri

614 912 713 969 per
738 898 917 953 omnia
942 896 1175 951 similem
1205 896 1482 952 confessos
1503 912 1645 954 esse.
1680 910 1781 951 nec
1807 895 2026 951 dill'erre
2050 896 2204 949 simi-

616 989 721 1046 lem
752 1004 781 1044 a
808 989 1276 1045 consubstantiali.
1311 1007 1331 1042 ι
1363 989 1497 1044 Tum
1521 988 1769 1044 Liberius
1793 988 1860 1043 ab
1886 990 1951 1044 iis
1993 999 2212 1043 senten—

616 1082 705 1139 tia:
734 1097 848 1139 suae
878 1081 1269 1154 professionem
1301 1082 1501 1153 scripto
1532 1081 1977 1152 coittprehensam
2012 1082 2207 1152 exegit.

616 1175 717 1245 Qui
742 1192 863 1230 cum
892 1175 1123 1229 libellum
1150 1176 1496 1242 obtulissent,
1518 1175 1568 1230 in
1593 1190 1699 1245 quo
1719 1189 1840 1230 sese
1866 1175 1977 1230 Arii
2002 1184 2056 1230 et
2079 1176 2212 1230 alio-

615 1283 735 1323 rum
783 1267 1154 1322 haereticorum
1183 1282 1401 1339 pravam
1432 1267 1731 1322 doctrinam
1774 1282 1982 1322 necnon
2015 1267 2212 1322 Arimi-

616 1362 801 1416 nensis
856 1361 1047 1432 synodi
1097 1371 1245 1429 gesta
1296 1361 1586 1427 damnare,
1629 1371 1681 1416 et
1737 1362 2212 1417 consubsmntialis

616 1452 926 1524 Nicaenique
954 1454 1168 1508 concilii
1210 1453 1392 1509 libello
1421 1469 1520 1508 suo
1554 1453 1809 1508 insertam
1841 1454 1999 1508 ﬁdem
2039 1455 2210 1510 susei-

614 1561 745 1618 pere
793 1557 901 1601 tum
936 1547 1175 1618 proprio,
1222 1556 1334 1601 tum
1377 1562 1563 1602 eorum
1614 1563 1842 1617 quorum
1891 1549 2211 1617 legationem

615 1639 863 1704 obibant,
898 1639 1113 1694 nomine
1151 1638 1568 1709 profitebantur,
1601 1640 2034 1695 communionem
2066 1657 2095 1695 a
2122 1642 2212 1697 Li-

2313 428 2469 484 beret
2502 447 2515 484 :
2547 429 2779 483 maxime
2807 445 2928 485 cum
2961 431 3210 486 Socrates
3244 447 3292 488 et
3323 434 3630 508 Sozoutcttus,
3651 450 3721 515 qui
3752 450 3799 507 de

2315 528 2428 575 toto
2458 521 2558 575 hoc
2582 524 2798 592 negotio
2828 526 2960 576 satis
2985 535 3237 579 accurate
3265 526 3580 598 scripserunt,
3600 538 3655 589 de
3678 538 3799 595 allen

2315 612 2402 667 illa
2427 614 2652 683 epistola
2679 629 2899 684 prorsus
2926 618 3194 671 silui-rint.
3225 617 3275 671 id
3306 628 3465 674 tamen
3486 640 3541 678 ex
3570 625 3696 683 dictis
3721 649 3795 688 lllc~

2314 718 2538 762 moratm
2560 708 2802 777 epistola:
2825 710 2893 763 74
2921 709 3223 774 coniicitur,
3247 709 3553 783 'l‘yanenseiu
3581 721 3801 791 synodum,

2314 798 2404 853 ubi
2435 798 2773 854 Ettslathittm
2796 815 2825 854 a
2852 800 3066 856 Liberio
3093 802 3144 857 in
3175 808 3571 862 ctunmunionem
3595 826 3714 867 suam
3734 818 3805 870 atl-

2316 890 2538 945 missum
2570 906 2691 945 esse
2717 893 2908 948 litteris
2947 894 3114 963 ipsius
3142 896 3394 965 comperit
3436 899 3587 954 eidem
3612 907 3804 978 episcopo

2312 991 2369 1038 et
2398 984 2831 1040 communionem
2872 995 2926 1040 et
2955 986 3138 1040 sedem
3165 1003 3315 1041 suam
3354 990 3634 1048 reddidisse.
3660 995 3740 1051 Sed
3769 1013 3808 1056 et

2317 1075 2418 1131 hoc
2439 1090 2646 1133 certum
2674 1094 2795 1133 cum
2835 1095 2899 1134 ex
2934 1080 3184 1150 prmdicm
3209 1081 3382 1137 Basilii
3404 1086 3603 1155 epistola
3628 1089 3701 1157 74,
3727 1106 3804 1149 tum

2315 1187 2379 1226 cx
2410 1171 2480 1226 δᾶ
2526 1172 2862 1227 Eustatbitun
2901 1173 3057 1229 tidem
3092 1174 3275 1230 Roma:
3316 1176 3481 1232 datam
3512 1184 3721 1239 continuo
3754 1188 3807 1244 fe-

2314 1261 2539 1319 fellisse.

2386 1356 2475 1411 Ill.
2504 1357 2687 1428 Neque
2711 1373 2840 1414 vero
2869 1371 3148 1430 propterea
3177 1362 3465 1433 culpandus
3488 1377 3590 1422 erat
3609 1369 3808 1441 Liberius,

2315 1450 2466 1520 quasi
2494 1453 2928 1506 communionem
2960 1454 3149 1524 legatis
3178 1454 3284 1511 illis
3314 1456 3506 1513 facilius
3531 1461 3807 1522 indulsisset:

2315 1543 2512 1613 quippe
2540 1543 2631 1614 qui
2672 1543 2833 1599 etiam
2862 1545 2931 1598 ab
2973 1545 3052 1600 eis
3096 1547 3336 1602 nonnilul
3375 1552 3585 1621 amplius
3615 1559 3813 1626 exegerit,

2316 1653 2474 1709 quam
2507 1640 2648 1709 quod
2675 1641 3002 1696 Athanasius
3029 1644 3185 1711 epist.
3222 1644 3288 1697 ad
3324 1644 3646 1714 littfinianutn,
3669 1665 3812 1705 secun-

616 1730 769 1787 berio
792 1742 953 1801 atque
981 1748 1072 1787 eas
1097 1731 1302 1786 litteras
1332 1732 1703 1800 obtinuerunt,
1735 1749 1866 1803 quas
1897 1750 1960 1789 ex
1985 1733 2209 1792 Socrate
2239 1735 2287 1795 Β
2315 1729 2440 1784 dum
2463 1730 2881 1786 Alexandrinam
2906 1734 3194 1805 synodum,
3227 1735 3296 1790 ab
3321 1736 3383 1792 iis
3405 1738 3489 1805 qui
3507 1738 3566 1791 ad
3591 1738 3815 1797 Ecclesiam

618 1823 919 1892 descriptas
942 1826 1282 1881 exhibemus.

689 1917 753 1973 II.
789 1917 992 1974 Praeter
1014 1919 1109 1972 has
1139 1919 1364 1983 litteras,
1398 1918 1442 1973 si
1469 1919 1587 1989 quis
1615 1919 1795 1976 verbis
1827 1919 2028 1977 intereat
2062 1920 2212 1978 Basi-

614 2010 671 2066 lii
701 2011 897 2083 Magni,
929 2011 1089 2081 epist.
1122 2011 1212 2081 74,
1239 2013 1302 2065 ad
1326 2012 1711 2078 occidentales,
1744 2014 1899 2069 faetle
1917 2014 2214 2070 adducetur

617 2111 677 2158 ut
697 2118 818 2158 cum
860 2102 1091 2158 Baronio
1128 2104 1191 2159 ad
1221 2120 1349 2159 ann.
1373 2103 1481 2161 565
1512 2106 1717 2174 credat,
1759 2107 1919 2161 aliam
1943 2124 1972 2163 a
1995 2107 2211 2164 Liberio

614 2195 793 2252 datam
826 2212 949 2254 esse
977 2200 1284 2269 epistolam,
1317 2216 1416 2270 qua
1452 2201 1786 2255 Eustathintn
1817 2204 2127 2257 nominatim
2158 2204 2212 2259 in

613 2306 767 2346 suam
801 2291 984 2347 sedem
1035 2292 1239 2348 restitui
1284 2294 1664 2365 praecipiebat;
1704 2294 2042 2351 Eustathium
2082 2312 2212 2352 vero

614 2385 980 2441 Orientalibus
1023 2385 1077 2440 in
1107 2387 1314 2457 synodo
1345 2388 1613 2459 Tyanensi
1639 2391 1976 2460 congregatis
2012 2394 2213 2460 episto-

614 2477 723 2533 lam
750 2477 918 2545 illam,
948 2492 1065 2548 qua:
1091 2478 1193 2533 sibi
1219 2478 1442 2544 faveret,
1466 2480 1728 2535 obtulisse
1754 2490 2089 2547 contentum,
2127 2483 2214 2536 lit-

614 2578 757 2623 teras
776 2569 911 2623 alias
933 2571 1157 2626 celasse.
1181 2571 1271 2627 Sic
1293 2573 1492 2642 quippe
1512 2572 1579 2628 de
1604 2572 1695 2627 illo
1720 2572 1945 2629 Basilius
1968 2617 1981 2642 ,
2006 2592 2092 2646 ep.
2119 2576 2208 2640 74,

614 2660 846 2715 scribit:
884 2680 901 2712 ι
935 2663 1063 2730 Qum
1105 2679 1233 2719 vero
1271 2664 1379 2719 sint
1421 2665 1495 2719 illi
1528 2680 1557 2719 a
1601 2665 1910 2722 beatissimo
1955 2669 2211 2739 episc0po

616 2751 830 2807 Liberio
878 2755 1169 2824 proposita.
1208 2772 1398 2827 quaeve
1440 2757 1556 2826 ipse
1607 2771 1794 2829 pactus
1821 2762 1910 2826 sit,
1941 2762 2079 2816 clam
2113 2778 2211 2818 nos

612 2856 718 2914 est,
744 2848 844 2903 nisi
872 2849 1012 2920 quod
1038 2851 1322 2920 epistolam
1353 2853 1547 2918 attulit,
1582 2869 1677 2923 per
1700 2872 1860 2925 quam
1892 2856 2207 2913 restituet-e-

613 2952 721 3009 tur,
749 2960 908 3011 quam
962 2945 1050 2998 ubi
1100 2946 1310 3017 synodo
1360 2947 1629 3019 Tyanensi
1673 2952 1939 3015 exhibuit,
1970 2953 2022 3007 in
2052 2968 2209 3008 suum

612 3035 790 3090 locum
820 3037 1103 3093 restitutus
1134 3048 1237 3092 est.
1276 3058 1295 3091 ι
1322 3039 1581 3107 Quocirca
1631 3041 1770 3097 idem
1803 3044 2037 3098 Basilius
2086 3062 2207 3101 mox

2317 1834 2660 1880 revertuntur
2720 1828 3040 1899 exigendum
3090 1830 3297 1885 statuit.
3350 1831 3484 1886 Satis
3531 1837 3653 1888 enim
3702 1836 3816 1891 habet

2315 1918 2666 1978 Athanasius.
2708 1938 2727 1971 ι
2761 1930 2819 1974 ιιι
2843 1921 3189 1978 anathemate
3229 1923 3479 1979 damnent
3511 1941 3726 1997 expresso
3753 1946 3820 1983 no-

2317 2010 2462 2065 mine
2500 2010 2727 2065 Eudoxii
2753 2020 2807 2066 et
2846 2013 3027 2067 Euzeii
3069 2013 3403 2083 doctrinam,
3451 2026 3502 2072 et
3540 2022 3819 2075 confiteantur

2316 2099 2474 2155 ﬁdem
2504 2101 2698 2157 Nico-tn
2722 2120 2750 2156 a
2776 2105 3013 2174 patribus
3041 2103 3392 2172 declaratum,
3422 2110 3688 2180 nullamque
3704 2112 3818 2167 aliam

2315 2196 2581 2266 synodum
2616 2197 2740 2252 huic
2769 2208 3122 2268 anteponant.
3146 2219 3165 2252 ι
3200 2201 3267 2254 Et
3293 2202 3499 2272 quidem
3526 2203 3709 2260 minime
3725 2222 3819 2274 opus

2315 2301 2451 2356 erat,
2486 2303 2539 2345 Ill
2567 2292 2880 2347 EuStathius
2905 2308 2966 2347 ac
2990 2294 3118 2349 socii
3146 2295 3214 2348 ah
3246 2294 3468 2351 Eudoxii
3500 2296 3706 2355 doetrina
3734 2315 3820 2356 sese

2315 2384 2613 2451 abhorrere
2630 2385 2807 2441 denuo
2830 2386 3233 2456 profiterentur,
3247 2403 3369 2443 cum
3386 2390 3594 2446 concilio
3610 2390 3820 2460 Lampsaci

2317 2473 2521 2543 habito,
2554 2477 2707 2547 cujus
2734 2477 3000 2549 legatione
3028 2480 3406 2550 fungebantur,
3440 2479 3488 2536 id
3520 2482 3666 2552 palam
3687 2482 3822 2538 decla-

2315 2577 2549 2623 rasscnt.

2386 2660 2477 2716 IV.
2509 2662 2730 2717 Miratur
2760 2662 2841 2716 vir
2879 2662 3127 2718 eruditus
3163 2662 3271 2719 hoc
3300 2663 3368 2718 ab
3398 2664 3476 2720 eis
3510 2673 3727 2734 prauam
3755 2665 3824 2720 lla-

2313 2756 2535 2827 gitatum
2566 2772 2672 2810 non
2708 2756 2890 2820 luisse,
2926 2766 2983 2811 ιιι
3012 2757 3247 2827 Spiritus
3278 2759 3446 2814 sancti
3471 2758 3691 2813 deitatem
3710 2774 3822 2829 aper-

2317 2849 2543 2904 tioribus
2575 2848 2754 2905 verbis
2786 2848 3186 2917 proﬁterentur.
3221 2850 3285 2906 Id
3318 2868 3444 2907 vero
3463 2852 3721 2908 mirandum
3743 2868 3825 2907 ma-

2312 2943 2394 3013 gis
2429 2941 2585 3006 foret,
2635 2943 2679 2995 si
2726 2942 3054 2998 admittenda
3107 2954 3255 3000 esset
3311 2945 3444 3010 haec,
3488 2962 3596 3014 qua!
3637 2945 3826 3014 subjecta:

2314 3032 2555 3103 epistula!
2586 3034 2652 3090 l3
2673 3048 2701 3087 a
2724 3033 2950 3089 Socrate
2978 3036 3276 3105 prtuligitur
3297 3036 3583 3106 inscriptio,
3608 3054 3624 3088 ι
3650 3035 3827 3105 Epistula

611 3139 787 3199 rogat,
826 3148 843 3180 ι
879 3140 934 3184 ttt
956 3130 1222 3185 scribatur
1249 3133 1515 3198 ecclesiis,
1546 3135 1741 3205 quibus
1771 3137 1985 3206 quidem
2022 3138 2204 3192 condi-
2234 3132 2278 3195 C
2311 3128 2582 3183 Lil'erii-o-
2615 3128 2681 3183 ad
2727 3130 3012 3199 εΡίεοθΡυδ
3044 3128 3560 3193 Μειοθά⁰¹¹ί³η⁰η¹¹¹¹ν
3597 3148 3614 3181 ³
3643 3130 3723 3182 hoc
3754 3136 3824 3189 es"

615 3222 853 3275 tionibus
876 3222 941 3277 ad
969 3225 1402 3279 communionem
1436 3235 1717 3292 susceptus
1757 3229 1857 3293 sit;
1892 3229 2050 3284 simul
2083 3247 2212 3286 vero

613 3315 919 3384 adjiciatur,
951 3332 1058 3387 quo
1100 3327 1254 3384 pacto
1296 3318 1406 3387 jam
1449 3319 1726 3375 immutata
1776 3324 2045 3377 sententia
2087 3339 2213 3394 gra-

617 3407 768 3474 tiam,
794 3422 822 3460 a
855 3408 1097 3477 patribus
1121 3409 1212 3478 qui
1245 3420 1355 3465 tum
1386 3422 1537 3465 erant
1582 3411 1724 3483 (eum
1753 3411 1989 3481 Liberio)
2022 3428 2215 3484 aet-ep-

616 3507 747 3562 tam,
780 3500 987 3554 irritam
1019 3500 1223 3558 reddat.
1260 3519 1280 3553 ι
1315 3501 1419 3558 Sed
1444 3504 1621 3557 nullus
1654 3504 1777 3558 huic
1802 3507 2098 3573 suspicioni
2130 3508 2211 3562 lo-

615 3605 711 3647 cus
731 3592 1073 3663 relinquitur,
1106 3609 1227 3649 cum
1258 3597 1571 3666 pervenitur
1596 3597 1662 3652 ad
1689 3598 1930 3668 ejusdem
1974 3599 2213 3657 doctoris

617 3686 899 3757 epistol-aut
930 3687 1018 3743 82.
1072 3689 1142 3743 lbi
1173 3691 1317 3745 enim
1356 3691 1588 3748 Basilius
1616 3692 1686 3749 de
1716 3693 1879 3749 rebus
1912 3698 2079 3765 gestis
2101 3697 2211 3765 jam

615 3778 816 3832 certior
838 3777 1028 3844 laetus,
1067 3796 1186 3851 pag.
1222 3782 1324 3837 1ὃὸ
1350 3782 1550 3838 diserte
1585 3784 1778 3853 docet,
1816 3806 1834 3838 ί
1874 3787 2212 3843 Ettstathium

617 3868 973 3925 Sebastenum
1000 3872 1167 3927 ltoma
1192 3873 1234 3925 Τ
1237 3889 1430 3945 yanam
1454 3877 1701 3932 attulisse
1730 3875 1993 3943 chartam,
2028 3880 2078 3933 in
2110 3893 2213 3949 qua

614 3964 1090 4019 consubstantialis
1145 3965 1304 4021 fidem
1352 3969 1721 4037 prolitebatur.
1781 3970 1981 4040 rQuae
2036 3982 2213 4028 autem

615 4055 777 4111 fuerit
798 4057 888 4112 illa
913 4056 1119 4123 charta,
1154 4060 1283 4113 ibid.
1334 4076 1457 4130 pag.
1493 4061 1596 4116 152
1632 4063 1886 4132 explicat,
1929 4063 1997 4118 de
2021 4063 2214 4120 eodem

618 4151 896 4205 Eustathio
932 4167 995 4206 ac
1041 4153 1202 4207 sociis
1244 4154 1324 4208 sic
1366 4154 1641 4210 disserens
1672 4173 1684 4207 :
1725 4174 1744 4206 ι
1783 4154 1895 4210 Hoc
1934 4172 2039 4211 non
2068 4159 2217 4227 cogi-

617 4249 752 4307 tant,
789 4242 930 4311 quod
976 4245 1235 4312 scriptum
1284 4245 1547 4313 ipsorum,
1585 4261 1693 4316 quo
1736 4245 2009 4302 Niemnam
2054 4247 2214 4302 fidem

614 4333 852 4390 confessi
881 4344 1028 4400 sunt,
1052 4334 1241 4389 Roma:
1270 4348 1615 4403 asservatur;
1648 4354 1748 4394 nec
1773 4341 1917 4409 qttod
1942 4339 2218 4413 Tyanensi

618 4426 828 4498 synodo
862 4426 1091 4496 propriis
1121 4429 1369 4484 manibus
1407 4426 1739 4485 tradiderunt
1780 4430 1949 4486 Roma
1991 4433 2210 4488 allatum

2316 3221 2361 3276 si
2397 3221 2635 3292 episcopi
2659 3222 2747 3290 qtti
2779 3222 2984 3292 legatos
3016 3222 3083 3276 ad
3126 3222 3400 3278 Liberium
3450 3223 3698 3285 miserunt,
3721 3230 3762 3276 et
3782 3219 3825 3273 ad

2316 3328 2452 3384 quos
2483 3314 2574 3368 ille
2620 3314 2889 3377 rescribit,
2920 3315 2987 3368 ab
3036 3327 3261 3370 auctore
3308 3322 3469 3370 seetre
3508 3331 3614 3385 qua:
3637 3314 3827 3383 Spiritum

2316 3419 2564 3461 Sanctum
2596 3408 2760 3462 lieutn
2790 3411 3023 3476 negavit,
3049 3407 3161 3476 jam
3192 3406 3552 3478 cogumniuai
3588 3414 3733 3461 essent
3758 3403 3830 3456 ll:-

2317 3502 2621 3556 cedoniani.
2666 3501 2862 3555 Verum
2916 3516 3037 3556 cum
3080 3500 3417 3557 Sozomenus
3459 3502 3553 3554 hos
3591 3498 3831 3563 simpliciter

2317 3604 2475 3650 vocet
2511 3614 2531 3646 ι
2559 3595 2881 3657 Orientales,
2922 3612 2941 3646 ι
2978 3610 3042 3649 ac
3072 3593 3321 3649 Libertus
3359 3613 3375 3646 ι
3411 3593 3655 3648 universis
3691 3590 3828 3642 Orien-

2320 3687 2386 3740 tis
2411 3687 2681 3755 episcopis
2711 3684 3031 3740 orthndoxis
3067 3705 3086 3738 ι
3119 3686 3411 3755 epistolam
3436 3700 3578 3739 suam
3608 3679 3830 3739 inscribat;

2320 3777 2489 3844 liquet
2529 3777 2625 3831 hos
2663 3794 2691 3830 a
2735 3777 2959 3832 Socrate
3002 3791 3099 3846 per
3136 3777 3571 3846 anticipationem
3619 3768 3833 3842 quamdam

2318 3867 2732 3923 Macedonianos
2761 3868 2927 3922 fuisse
2964 3878 3325 3938 nuncupatos,
3352 3870 3473 3939 quia
3503 3868 3664 3937 plures
3684 3874 3834 3922 eorum.

2318 3976 2453 4032 quos
2480 3961 2726 4017 Liberius
2753 3962 3065 4016 nominatim
3092 3962 3351 4032 appellat,
3382 3962 3501 4016 huic
3528 3966 3673 4015 sectze
3707 3963 3837 4025 postea

2318 4054 2492 4124 palam
2541 4054 2739 4109 addicti
2776 4054 2994 4109 fuerint.
3023 4054 3338 4126 Nt-gattdum
3377 4063 3548 4109 tamen
3576 4067 3669 4107 non
3705 4052 3838 4103 estet

2317 4163 2381 4203 ex
2408 4148 2853 4202 tomoAtltan.tsii
2894 4149 2960 4203 ad
3004 4147 3399 4205 Antiochenses
3446 4147 3746 4217 perspicuum
3767 4147 3837 4204 est.

2313 4240 2424 4313 jam
2448 4242 2516 4297 ab
2536 4257 2677 4295 anno
2703 4243 2891 4297 saltent
2916 4242 3021 4297 {ibi
3040 4243 3337 4307 exstitisse,
3356 4243 3443 4312 qui
3461 4240 3704 4296 Nicaenam
3728 4234 3837 4288 tidem

2318 4334 2603 4390 admittere
2625 4350 2685 4390 se
2709 4336 3045 4401 simulantes,
3075 4336 3337 4406 Spiritum
3361 4346 3598 4393 sanctum
3618 4346 3713 4387 rem
3735 4340 3840 4384 crta-

2319 4438 2427 4484 tam
2458 4429 2808 4485 alfirmarent.
2840 4434 3010 4498 Quam
3041 4431 3111 4487 ob
3130 4447 3352 4487 causam
3376 4428 3711 4486 Alexandrina
3728 4434 3843 4493 syno-

617 4520 880 4584 libellum,
914 4520 1005 4590 qui
1029 4532 1082 4575 et
1103 4537 1269 4592 penes
1292 4538 1389 4577 nos
1416 4533 1521 4588 est,
1544 4524 1598 4579 in
1622 4539 1729 4594 quo
1748 4525 1937 4581 eadem
1963 4526 2049 4581 illa
2079 4526 2212 4583 ﬁdos
2241 4515 2288 4574 Ι)
2315 4523 2415 4579 dus
2437 4525 2488 4579 in
2508 4524 2719 4579 laudato
2746 4533 2893 4579 tomo
2924 4542 2977 4580 n.
3007 4527 3063 4591 '5,
3082 4525 3274 4597 legatis
3302 4528 3414 4581 suis
3438 4521 3738 4578 Antiochiam
3756 4513 3844 4569 mis-

617 4612 863 4667 babetnr.
906 4631 925 4665 ι
959 4613 1164 4681 Quibus
1203 4614 1389 4670 verbis
1425 4615 1655 4670 Basilius
1693 4626 1748 4673 et
1777 4618 2016 4673 libellum
2058 4634 2211 4674 eom-

618 4719 904 4775 mentorat,
930 4725 1091 4780 quem
1125 4709 1371 4765 Liberius
1395 4710 1464 4764 ab
1487 4711 1770 4767 Eustathio
1795 4722 1846 4767 et
1886 4714 2048 4768 sociis
2081 4728 2212 4769 exe-

617 4797 713 4868 git,
746 4808 799 4853 et
826 4801 1029 4855 litteras
1048 4817 1183 4872 quas
1217 4802 1413 4858 exinde
1458 4803 1566 4858 illis
1593 4802 1659 4857 ad
1699 4803 2001 4859 Orientales
2031 4804 2212 4876 perfe-

618 4890 813 4944 rendas
853 4891 993 4946 idem
1048 4894 1288 4964 pontifex
1334 4893 1502 4961 dedit,
1543 4896 1739 4966 quibus
1790 4896 2036 4952 nimirum
2070 4913 2213 4970 pra:-

618 4981 794 5036 dictus
849 4983 1060 5040 libellus
1112 4987 1551 5044 subnectebatur.
1594 4989 1761 5045 Simul
1809 4990 1971 5045 etiam
2029 4991 2211 5061 tradit,

617 5073 826 5129 litteras
849 5073 968 5129 illas
996 5076 1265 5147 Tyanensi
1296 5079 1506 5152 synodo
1546 5080 1657 5147 ipsa
1702 5081 1965 5137 Euslalltii
2010 5098 2077 5140 ac
2121 5100 2212 5138 so-

617 5171 825 5226 ciorum
868 5184 1026 5222 manu
1070 5171 1232 5227 fuisse
1271 5172 1525 5227 redditas.
1553 5172 1687 5228 Cum
1718 5175 1878 5245 igitur
1921 5177 1972 5230 itt
2016 5176 2098 5231 his
2126 5176 2216 5231 Li-

619 5261 822 5328 berius,
860 5275 963 5331 qua
1003 5249 1313 5318 cenditione
1359 5263 1426 5318 ad
1472 5266 1905 5320 communionem
1950 5268 2218 5323 admissus

619 5358 713 5425 sit,
751 5366 939 5424 aperte
968 5366 1233 5426 exponat;
1267 5358 1480 5426 planuut
1513 5368 1597 5413 est
1637 5360 1913 5426 Basilium,
1946 5377 2068 5415 cum
2099 5361 2215 5431 epi-

621 5449 815 5504 sutlam
848 5450 915 5505 74
946 5449 1228 5516 soriberet,
1276 5448 1575 5522 Tyaneus-is
1615 5452 1804 5522 synodi
1837 5465 1989 5522 gesta
2025 5470 2091 5509 ex
2136 5455 2218 5508 in-

624 5557 779 5601 certo
807 5544 1067 5607 duntaxat
1101 5562 1318 5603 rumore
1353 5547 1643 5611 didicisse;
1691 5549 1933 5617 adeoque
1977 5552 2080 5606 levi
2124 5551 2221 5606 ad-

626 5637 845 5693 modum
886 5653 950 5692 ac
976 5638 1120 5696 labili
1154 5639 1503 5697 fundamento
1533 5642 1629 5697 niti
1657 5656 1771 5709 eos,
1800 5642 1894 5713 qui
1928 5657 2034 5697 uno
2062 5643 2221 5714 hujus

627 5730 869 5801 epistola:
892 5729 1054 5787 allato
1075 5731 1194 5788 loco
1223 5735 1366 5800 freti,
1392 5734 1674 5807 epistolam
1700 5737 1858 5793 aliam
1883 5737 2213 5808 desiderant,

2319 4618 2394 4672 sis
2417 4619 2769 4686 prtescribens
2795 4619 2989 4690 quibus
3020 4634 3119 4689 pax
3149 4619 3327 4673 danda
3358 4618 3547 4682 fuerat,
3581 4616 3682 4669 hate
3711 4605 3844 4682 preci-

2319 4712 2395 4781 pit
2425 4730 2440 4765 :
2476 4730 2495 4764 ι
2524 4712 2665 4767 Nihil
2687 4712 2916 4782 amplius
2937 4712 3125 4766 abillis
3152 4713 3403 4782 exigatis,
3426 4725 3578 4779 quam
3597 4717 3647 4761 ut
3665 4705 3844 4758 arianatn

2319 4802 2566 4857 bteresiut
2617 4804 2960 4860 anathemate
3013 4804 3301 4869 damnent,
3335 4803 3595 4872 iidemque
3633 4815 3660 4853 a
3697 4791 3847 4851 sanctis

2318 4900 2562 4968 patribus
2584 4897 2776 4955 Nicaea:
2814 4899 3203 4970 promulgatam
3245 4899 3593 4969 proﬁteantur
3617 4911 3628 4947 :
3652 4891 3849 4948 condem'

2320 5001 2450 5046 nent
2478 4992 2603 5045 item
2631 5007 2746 5055 eos,
2771 4993 2859 5062 qui
2888 4992 3146 5063 Spiritum
3176 5003 3426 5047 sanctum
3461 4990 3707 5045 affirmant
3740 4993 3851 5037 crea-

2320 5092 2493 5139 turam
2522 5099 2664 5150 esse,
2693 5092 2748 5139 et
2791 5100 2817 5136 a
2862 5084 3061 5141 Christi
3115 5084 3415 5140 substantia
3464 5072 3847 5138 divisum...Nam

2318 5178 2407 5250 qui
2435 5178 2687 5233 simulant
2713 5177 2928 5249 quidem
2961 5194 3019 5234 se
3043 5178 3310 5233 Nicarnam
3340 5178 3499 5232 (idem
3543 5169 3768 5246 profiteri,
3797 5173 3852 5217 at-

2323 5287 2428 5342 que
2475 5273 2680 5328 interea
2720 5277 2905 5327 eontra
2955 5274 3211 5343 Spiritum
3253 5281 3500 5326 sanetum
3544 5265 3849 5334 blaspbt‘mare

2327 5382 2435 5422 non
2462 5366 2730 5433 dubitant,
2762 5364 2894 5419 nihil
2932 5367 3073 5421 aliud
3111 5372 3369 5432 praestant
3416 5377 3571 5433 quant
3599 5354 3724 5413 nuod
3745 5349 3849 5405 aria-

2325 5477 2448 5517 nam
2477 5461 2725 5517 haeresim
2754 5460 2925 5516 verbis
2954 5460 3169 5531 quidem
3202 5466 3420 5527 negant,
3448 5453 3621 5509 animo
3644 5455 3789 5501 autem
3815 5444 3850 5489 et

2325 5556 2589 5612 sententia
2618 5555 2871 5611 retinent.
2912 5573 2931 5607 ι
2959 5553 3217 5622 Quocirca
3258 5553 3310 5608 in
3339 5550 3449 5607 fine
3484 5559 3604 5603 tomt
3633 5541 3852 5629 proﬁtetur

2326 5646 2580 5703 Paulinus
2613 5664 2627 5700 :
2661 5665 2679 5699 ι
2715 5647 3070 5702 Anathetuate
3116 5644 3315 5699 damno
3359 5658 3478 5707 eos,
3506 5637 3592 5709 qui
3636 5622 3851 5688 titlentNE-

2326 5754 2454 5796 caete
2486 5743 2873 5813 promulgatam
2900 5736 3253 5810 vilipendunf,
3284 5745 3343 5793 et;
3368 5736 3460 5807 qui
3489 5736 3673 5804 negant
3707 5720 3851 5780 Filium
