4106 6184
292 229 423 287 1585
1143 225 1475 285 EPISTOLA
1513 224 1606 282 AD
1643 219 1965 281 ORIEN'I‘IS
2000 217 2302 279 ORTHOD.
2342 214 2724 280 EPISCOPOS.
3435 218 3578 278 i586

289 343 713 417 comprehensa,
776 349 1048 414 tamquam
1091 342 1302 398 firmum
1356 351 1412 398 et
1463 337 1931 413 inexpugnabile}!

2040 348 2070 396 ῦ
2099 340 2371 416 ὁμοούσίου
2399 339 2764 414 περιεχομένη.
2821 337 3000 415 ὥσπερ
3047 336 3215 416 ἔρυμα
3253 338 3450 418 ὀχυρὸν
3493 345 3580 398 καί

290 439 709 503 munimentum,
760 451 948 491 omnes
995 435 1227 506 impetus
1269 447 1324 491 et
1367 449 1560 508 pravas
1602 434 1878 490 machinas

290 534 501 589 Ariauze
533 530 819 588 dementia:
842 530 1087 603 reprimit
1115 546 1179 587 ac
1208 530 1440 598 repellit.

358 623 450 681 Ill.
493 623 754 692 Quocirca
784 638 905 679 cum
944 638 1134 678 omnes
1174 622 1601 678 Occidentalium
1648 621 1880 693 partium

295 717 526 789 episcopi
565 715 864 773 Ariminum
910 715 1318 780 convenissent,
1351 730 1458 787 quo
1499 715 1620 770 illos
1648 714 1883 771 Ariano-

295 829 409 870 rum
440 810 756 882 improbitas
783 819 1174 866 cunvocaverat
1198 825 1264 866 eo
1290 808 1540 870 consilio,
1573 816 1740 863 utaut
1763 822 1887 878 per-

297 905 543 961 suasione
571 904 748 975 aliqua
771 945 786 970 ,
815 911 927 967 aut,
960 901 1104 974 quod
1137 903 1319 957 verius
1345 911 1427 957 est
1445 944 1458 962 .
1489 899 1764 955 saacularis
1795 913 1890 968 po-

1982 432 2210 508 ἆμαχον.
2239 437 2418 496 πάσας
2458 436 2550 495 τὰς
2584 432 2878 506 προσϐολὰς
2930 437 3015 487 καὶ
3051 434 3147 494 τὰς
3186 438 3573 508 κακομηχανίας

1983 537 2074 590 τῆς
2097 527 2290 606 ’Δρείου
2320 526 2598 592 κενοδοξίας
2621 529 2854 601 καθαιρεῖ
2872 545 2926 582 τε
2953 528 3038 581 καὶ
3065 528 3431 603 ἀποτρέπεται.

2057 625 2111 679 5.
2139 630 2420 700 Τοιγαροῦν
2446 625 2652 679 πάντων
2680 629 2782 678 τῶν
2816 622 2948 677 κατά
2977 626 3067 680 τήν
3091 619 3236 677 δύσιν
3265 621 3580 696 ἐπισκόπων,

1987 728 2086 778 τῶν
2113 723 2185 782 εἰς
2203 727 2293 781 τὴν
2315 718 2558 798 ’Δρίμινον
2583 716 2775 786 (Legit.
2817 714 2984 771 Vales.
3009 717 3068 773 τὸ
3097 715 3380 791 ’Δρίμηνον)
3412 721 3588 776 συνελ-

1990 815 2192 874 θόντων,
2221 812 2374 869 ὁπότε
2401 813 2618 875 τούτους
2645 813 2676 869 ἡ
2700 812 2973 870 κακοήθεια
3009 818 3109 866 τῶν
3135 811 3405 888 ’Δρειανῶν
3432 834 3583 870 συνε-

1993 909 2256 986 κρότησεν,
2291 902 2430 968 ὅπως
2458 903 2488 965 ἧ
2517 903 2602 960 διὰ
2630 905 2835 966 πειθοῦς
2863 904 3016 966 τινὸς,
3062 903 3093 963 ἣ
3136 905 3221 959 ἵνα
3253 904 3588 982 ἀληθέστερον

301 1001 476 1055 ιεηιὶτε
497 995 817 1052 auctoritate
836 997 1031 1063 coacti,
1069 995 1122 1051 id
1159 995 1300 1067 quod
1346 995 1399 1049 in
1439 993 1543 1050 flde
1582 992 1891 1050 cautissime

300 1094 528 1164 positum
553 1089 730 1146 fuerat
759 1091 1035 1158 tollerent,
1061 1099 1154 1144 aut
1179 1089 1397 1159 oblique
1435 1097 1728 1159 negarent,
1762 1085 1894 1140 nihil

302 1187 524 1258 profecit
567 1185 780 1241 illorum
825 1185 1079 1241 versutia.
1122 1183 1334 1239 Etenim
1379 1196 1570 1237 omnes
1607 1194 1896 1252 propemo-

301 1277 426 1334 dum
462 1277 517 1344 ii,
551 1276 642 1348 qui
673 1274 814 1346 apud
860 1275 1161 1331 Ariminum
1202 1273 1438 1341 collec1i,
1478 1272 1672 1344 partim
1715 1272 1898 1327 illece-

305 1369 435 1438 bris,
469 1370 661 1440 partim
707 1369 832 1425 dolo
863 1378 992 1426 tunc
1019 1369 1232 1438 decepti
1273 1369 1501 1434 fuerant,
1542 1383 1685 1422 nunc
1711 1366 1778 1422 ad
1809 1381 1897 1421 sa-

309 1478 430 1520 nam
462 1471 697 1518 mentem
728 1462 954 1526 reversi,
987 1462 1270 1518 formulam
1310 1462 1379 1517 ab
1417 1461 1729 1517 arimiuensi
1767 1475 1901 1516 con-

310 1555 432 1611 cilio
484 1555 695 1611 editam
739 1555 1083 1609 anathemate
1128 1553 1474 1618 damnarunt,
1522 1561 1576 1607 et
1622 1552 1904 1607 catholicae

309 1646 431 1704 ﬁdei
485 1647 626 1718 apud
675 1646 907 1702 Nicaeam
956 1648 1306 1718 promulgata:
1351 1646 1806 1713 subscripserunt.
1851 1653 1908 1700 et

1996 998 2141 1066 εἴπω,
2195 1007 2442 1071 κοσμικῆς
2489 994 2814 1062 δυναστείας,
2865 997 2998 1050 τοῦθ’
3047 992 3173 1074 ὅπερ
3204 998 3590 1070 ἀσφαλέστατον

1998 1089 2056 1152 ἧν
2082 1094 2131 1147 ἐν
2160 1100 2222 1166 τῇ
2247 1093 2422 1147 πίστει
2447 1093 2668 1162 κείμενον
2694 1089 2925 1152 ἀνέλοιεν,
2950 1087 2981 1147 ἦ
3002 1088 3229 1160 πλαγίως
3253 1092 3593 1165 ἀρνήσωνται,

1999 1184 2142 1241 οὐδέν
2189 1186 2387 1240 τούτων
2431 1183 2681 1257 ὠφέλησεν
2729 1185 2760 1240 ἡ
2805 1186 3109 1254 πανουργία.
3145 1184 3238 1236 Καὶ
3259 1184 3358 1258 γὰρ
3405 1182 3598 1256 σχεδὸν

2001 1280 2189 1340 πάντες
2216 1280 2393 1332 ἐκεῖνοι
2423 1278 2473 1331 έν
2588 1273 2824 1348 ’Δριμίνῳ
2865 1275 3143 1349 γενόμενοι,
3182 1278 3268 1330 καὶ
3305 1273 3598 1331 δελεασθέν-

2004 1392 2110 1435 τας,
2141 1368 2171 1430 ἦ
2200 1369 2526 1442 ὑπαχθέντες
2550 1365 2688 1430 τότε,
2718 1373 2804 1420 νῦν
2831 1368 3292 1442 ἁναφρονήσαντες,
3324 1369 3407 1422 καί
3428 1369 3607 1422 ἀναθε-

2005 1467 2322 1536 ματίσαντες
2367 1467 2457 1522 τήν
2499 1460 2690 1517 ἔκθεσιν
2735 1468 2836 1515 τῶν
2875 1463 2925 1515 ἐν
2957 1458 3191 1537 ’Δριμίνῳ
3223 1461 3561 1518 συνελθόντων
3588 1502 3604 1529 ,

2007 1562 2092 1612 καὶ
2118 1557 2517 1633 ὑπογράψαντες
2634 1556 2869 1629 καθολικῇ
2896 1559 2983 1609 καί
3003 1556 3316 1632 ἀποστολικῇ
3344 1558 3520 1612 πίστει
3545 1563 3609 1632 τῇ

2009 1652 2140 1707 κατά
2163 1653 2366 1707 Νίκαιαν
2391 1649 2745 1723 θεσπισθείσῃ,
2793 1646 2839 1702 οἳ
2869 1651 2956 1702 καί
3009 1649 3126 1717 ἡμῖν
3169 1653 3564 1710 κοινωνήσαντες
3593 1689 3610 1714 ,

309 1742 685 1797 communione
729 1739 1004 1795 nobiscqu
1039 1739 1185 1803 inita,
1221 1739 1484 1794 adversus
1531 1738 1715 1794 Arium
1761 1738 1906 1808 ejus-

2039 1744 2340 1821 κθυμὸτερον
2376 1744 2512 1798 κατά
2559 1747 2655 1798 τοῦ
2691 1739 2880 1817 ’Δρείου
2920 1739 3175 1814 δόγματος
3211 1745 3295 1796 καὶ
3338 1743 3470 1796 κατά
3511 1748 3612 1796 τῶν

310 1851 413 1906 que
455 1832 749 1903 discipulos
788 1833 1020 1902 graviori
1070 1831 1435 1903 indignatione
1475 1839 1906 1886 commoventur.

311 1927 478 1998 Cujus
502 1927 582 1982 rei
612 1937 985 1998 argumentum
1013 1941 1134 1981 cum
1163 1925 1264 1996 ipsi
1293 1923 1571 1979 charitatis
1606 1937 1802 1979 vesmc
1835 1923 1912 1978 leo

317 2021 425 2094 gati
465 2020 730 2086 viderent,
776 2034 876 2074 vos
919 2019 1064 2089 ipsas
1112 2019 1163 2073 in
1205 2015 1604 2086 subscriptione
1649 2033 1743 2072 sua
1784 2031 1917 2072 con-

313 2115 626 2188 iunxerunt,
661 2111 1005 2167 anathemate
1029 2110 1351 2166 damnantes
1377 2109 1588 2177 Arium,
1619 2124 1827 2164 necnon
1855 2122 1918 2162 ea

319 2225 438 2280 quae
453 2208 682 2264 Arimini
706 2216 890 2263 contra
915 2205 1074 2260 fidem
1094 2205 1286 2260 Nicaea:
1309 2205 1574 2259 firmatam
1596 2212 1747 2273 gesta
1773 2214 1916 2272 sunt;

323 2302 521 2374 quibus
562 2310 618 2357 et
644 2316 741 2356 vos
772 2297 1026 2371 periuriis
1065 2297 1121 2354 in
1154 2297 1232 2370 (1)
1272 2295 1516 2353 fraudem
1555 2296 1760 2352 inducti
1797 2295 1926 2352 sub-

323 2397 640 2468 scripsistis.

397 2491 485 2549 lV.
515 2493 877 2562 Quamobrem
895 2507 1193 2564 congruum
1213 2491 1372 2548 nobis
1397 2491 1570 2546 visum
1591 2498 1694 2549 est.
1720 2489 1929 2545 litteras

330 2587 395 2642 ad
413 2586 726 2643 cltaritatem
752 2596 983 2643 vestram
1006 2584 1491 2655 scribere,etjusta
1516 2583 1821 2655 petentibus
1850 2580 1929 2650 (τὶ)

334 2680 621 2737 subvenire
650 2698 663 2734 :
695 2681 994 2751 prmsertim
1027 2695 1149 2735 cum
1175 2695 1238 2733 ex
1268 2677 1606 2748 professione
1633 2677 1930 2747 legatorum

336 2788 641 2835 vestrorum
671 2776 1104 2847 cognoverimus.
1133 2775 1440 2830 Orientales
1466 2773 1532 2829 ad
1565 2789 1749 2828 sanam
1778 2788 1932 2829 men-

338 2881 444 2928 tem
475 2887 724 2928 reversos
743 2885 867 2925 cum
897 2869 1214 2924 orthodoxis
1242 2867 1679 2924 Occidentalibus
1706 2882 1938 2922 consen-

338 2964 459 3023 tire.
493 2963 874 3037 Signiﬁcat-tus
917 2971 1096 3018 autem
1132 2962 1310 3028 vobis,
1340 2979 1406 3017 ne
1441 2962 1562 3018 sitis
1590 2962 1758 3017 nescii
1779 3003 1795 3026 ,
1827 2961 1936 3016 ari-

340 3058 601 3114 minensis
643 3056 855 3113 cnnsilii
902 3056 1266 3126 blasphemias
1307 3057 1376 3110 ab
1414 3056 1500 3118 iis,
1543 3057 1634 3127 qui
1677 3067 1804 3110 tunc
1845 3070 1940 3124 per

2015 1841 2171 1896 αὐτοῦ
2200 1841 2434 1910 μαθητῶν
2461 1836 2869 1906 χαλεπαίνουσιν
2919 1831 2990 1890 Οὗ
3033 1856 3167 1896 τινος
3195 1836 3499 1910 πράγματος
3527 1835 3614 1890 τὸν

2016 1933 2238 2008 ἔλεγχον
2276 1937 2360 1989 καὶ
2399 1935 2545 1989 αὐτοὶ
2594 1933 2642 1987 οἱ
2691 1932 2935 2008 πρεσϐεἴς
2983 1939 3074 1992 τῆς
3123 1931 3377 2002 ὑμετέρας
3419 1930 3620 2000 ἀγάπης

2021 2027 2325 2101 ἐπιγνόντες,
2357 2026 2496 2098 ὑμᾶς
2526 2025 2711 2084 αὐτοὺς
2822 2025 2976 2100 οἰκείᾳ
2995 2024 3266 2100 ὑπογραφῇ
3290 2023 3616 2087 συνέζευξαν

2023 2125 2108 2177 καί
2155 2122 2610 2192 ἀναθεματίζοντες
2653 2115 2848 2194 ’Ἄρειον
2899 2119 3074 2172 καὶτὰ
3101 2118 3149 2172 ἐν
3179 2115 3412 2192 Ἀριμίνῳ
3435 2137 3622 2192 πραχ-

2026 2217 2178 2272 θέντα
2205 2217 2337 2271 κατὰ
2362 2223 2454 2275 τῆς
2482 2215 2708 2272 πίστεως
2733 2220 2826 2273 τῆς
2855 2212 2905 2265 ἐν
2929 2212 3114 2285 Νικαίᾳ
3135 2210 3514 2269 θεσπισθείσης.
3550 2203 3626 2268 οἷς

2031 2315 2119 2366 καὶ
2144 2311 2291 2382 ὑμεῖς
2319 2309 2469 2364 αὐτοὶ
2521 2305 2869 2366 δελεασθέντες
2910 2302 2976 2360 δι’
3021 2303 3348 2377 ὁρκωμοσιῶν
3395 2303 3629 2375 ὑπεγρά-

2030 2403 2188 2477 ψατε.

2101 2499 2156 2554 4.
2184 2496 2330 2555 Ὀθεν
2354 2499 2621 2555 ἀκόλουθον
2641 2499 2758 2569 ἡμῖν
2787 2496 2958 2568 ἐφάνη.
2997 2494 3199 2572 γράψαι
3225 2493 3355 2573 πρὸς
3384 2497 3474 2552 τήν
3502 2493 3633 2564 ὑμε·

2033 2595 2185 2669 τέραν
2221 2594 2447 2666 ἀγάπην.
2503 2593 2588 2645 καί
2636 2589 2883 2662 βοηθῆσαι
2918 2595 3026 2649 τοῖς
3073 2585 3244 2644 δίκαια
3290 2586 3628 2657 αἰτουμένοις⁶

2035 2689 2260 2761 μάλιστα
2289 2684 2365 2747 δέ,
2396 2683 2478 2740 ὅτε
2499 2684 2585 2741 διὰ
2621 2692 2713 2743 τῆς
2739 2682 3007 2756 ὁμολογίας
3035 2687 3135 2736 τῶν
3175 2681 3434 2756 ὑμετέρων
3474 2698 3637 2755 πρεσ-

2039 2781 2184 2836 ϐειῶν
2212 2782 2659 2853 ἀναφρονήσαντας
2683 2778 2805 2837 τοὺς
2835 2774 3156 2834 ἀνατολικούς
3193 2779 3480 2844 συμφωνεῖν
3510 2787 3638 2846 προς

2037 2875 2160 2934 τοὺς
2190 2869 2491 2948 ὀρθοδὸξους
2518 2876 2620 2925 τῶν
2647 2866 2862 2923 δυτικῶν
2893 2867 3193 2939 ἐπέγνωμεν·
3243 2865 3334 2917 καί
3375 2861 3640 2933 δηλοῦμεν,

2041 2966 2181 3028 ὅπως
2206 2965 2389 3022 εἰδέναι
2418 2963 2614 3034 ἔχοιτε,
2657 2962 2747 3022 τὰς
2797 2961 2845 3014 ἐν
2892 2968 2954 3031 τῇ
2976 2958 3212 3034 Ἀριμίνῳ
3265 2957 3592 3030 βλασφημίας
3622 2993 3637 3019 ,

2041 3063 2128 3117 καὶ
2154 3062 2255 3118 ὑπὸ
2279 3067 2377 3116 τῶν
2406 3056 2729 3123 δοξασὰντων
2773 3055 2888 3111 τότε
2932 3055 3062 3108 κατὰ
3095 3055 3428 3127 συναρπαγήν
3465 3070 3644 3126 παρα-

340 3149 582 3206 fraudem
613 3148 823 3220 decepti
870 3147 1038 3203 fuisse
1081 3149 1179 3202 visi
1224 3157 1371 3211 sunt,
1414 3121 1575 3202 ηιιηιί
1595 3121 1931 3202 anathemate

2047 3155 2341 3227 ϐεϐλάφθαι,
2374 3157 2459 3206 νῦν
2487 3149 2978 3222 ἀναθεματισθείσας
3003 3187 3017 3209 ,
3048 3148 3136 3200 καὶ
3164 3145 3356 3205 πάντας
3381 3143 3510 3218 πρὸς
3554 3147 3645 3202 τὴν

341 3243 620 3315 perculsas
645 3256 786 3306 esse,
820 3251 877 3296 et
904 3240 1184 3296 universos
1205 3240 1644 3311 conspirautibus
1669 3241 1864 3294 animis
1887 3245 1943 3294 in

343 3336 606 3392 niczcnam
650 3333 808 3390 fidem
855 3335 1219 3390 consensisse.
1252 3333 1360 3389 Sed
1392 3343 1446 3388 et
1472 3347 1570 3387 vos
1601 3331 1651 3386 id
1695 3330 1945 3386 omnibus

347 3429 586 3485 indicare
611 3427 840 3498 debetis,
874 3438 933 3483 ut
961 3429 1050 3499 qui
1082 3443 1177 3498 per
1205 3427 1311 3480 vim
1352 3440 1417 3480 ac
1458 3423 1700 3480 fraudem
1727 3420 1946 3493 aliquod

347 3523 472 3580 fidei
521 3537 634 3578 sua;
671 3523 1054 3578 detrimentum
1097 3521 1236 3591 passi
1269 3527 1415 3583 sunt,
1449 3533 1590 3574 nunc
1634 3515 1849 3571 tandem
1879 3529 1946 3570 ex

349 3616 602 3674 hmretica
627 3615 856 3687 caligine
882 3615 948 3670 ad
977 3615 1213 3668 divinam
1243 3611 1524 3668 catltolicze
1570 3611 1836 3666 libertatis
1870 3610 1952 3662 lu-

350 3723 466 3765 cem
497 3708 714 3763 valeant
740 3722 1043 3776 emergere.
1073 3705 1172 3772 Qui
1200 3705 1414 3774 quidem
1452 3703 1496 3758 si
1528 3711 1649 3772 post
1679 3701 1782 3758 hoc
1819 3716 1950 3756 oon—

352 3803 534 3858 cilium
567 3817 837 3872 perversa;
878 3800 1138 3855 doctrina:
1179 3799 1329 3854 virus
1369 3813 1642 3860 evomere,
1676 3806 1732 3852 et
1764 3809 1955 3850 omnes

355 3895 471 3954 Arii
499 3895 862 3965 blasphemias
892 3894 1118 3964 rejicere
1138 3935 1152 3955 .
1184 3908 1385 3963 easque
1422 3891 1766 3946 anathemate
1806 3888 1956 3942 datu-

359 4005 488 4049 nare
518 3989 814 4053 noluerint,
858 3988 1029 4044 sciant
1064 4002 1124 4042 se
1164 3987 1364 4057 pariter
1401 4001 1522 4041 cum
1563 3984 1694 4039 Ario
1733 3983 1956 4054 ejusque

360 4084 659 4156 discipulis,
697 4092 754 4140 et
802 4082 1021 4154 reliquis
1065 4081 1428 4152 serpentibus,
1477 4082 1590 4135 sive
1637 4076 1958 4132 Sabellianis

362 4195 458 4236 seu
486 4177 918 4249 Patr0passianis
944 4185 1038 4233 aut
1062 4173 1393 4247 quibuslibet
1417 4173 1538 4228 aliis
1565 4171 1836 4228 luereticis
1864 4186 1956 4226 ex-

365 4285 582 4332 traneos
606 4287 729 4330 esse
753 4282 807 4329 et
833 4271 1038 4328 alienos
1061 4285 1092 4326 a
1119 4269 1500 4326 communione
1526 4267 1809 4334 Ecclesiae,
1837 4283 1959 4341 qum

2044 3250 2179 3307 κατά
2215 3252 2423 3305 Νίκαιαν
2467 3248 2640 3301 πίστιν
2662 3242 3126 3314 συμπεπνευκέναι.
3158 3241 3249 3294 Καί
3277 3243 3385 3312 χρὴ
3413 3235 3476 3292 δι’
3502 3236 3646 3307 ὑμῶν

2048 3351 2203 3404 τοῦτο
2223 3349 2355 3400 πᾶσι
2379 3342 2684 3416 γνωσθῆναι,
2715 3336 2856 3399 ὅπως
2899 3335 3149 3394 δυνηθεῖεν
3176 3336 3262 3386 καί
3289 3330 3335 3385 οἳ
3372 3330 3482 3386 κατ’
3521 3330 3648 3388 ἐπή-

2049 3461 2191 3518 ρειαν
2214 3437 2671 3514 παραϐλαφθέντες.
2693 3431 2788 3492 ἤδη
2809 3433 2934 3487 ποτέ
2956 3432 3010 3485 ἐκ
3033 3435 3122 3484 τοῦ
3152 3427 3404 3504 αἱρετικοῦ
3438 3424 3654 3484 σκότους

2050 3515 2180 3608 πρὸς
2221 3532 2280 3587 τὸ
2313 3532 2441 3585 θεῖον
2466 3535 2569 3601 φῶς
2595 3535 2687 3587 τῆς
2714 3525 2969 3584 καθολικῆς
3019 3521 3297 3596 ἐλευθερίας
3332 3515 3651 3589 ἀνακάμψαι⁸

2058 3625 2106 3681 οἶ
2130 3645 2264 3686 τινες
2291 3624 2415 3695 μετά
2443 3621 2632 3679 ταύτην
2651 3624 2742 3678 τήν
2765 3615 2977 3674 σύνοδον
3014 3616 3058 3670 εί
3095 3619 3165 3684 μή
3191 3613 3450 3672 θελήσειαν
3481 3611 3655 3664 ἀποπ-

2058 3717 2220 3772 τύσαι
2233 3717 2315 3770 τὸν
2341 3722 2432 3774 τῆς
2461 3710 2755 3776 κακοδοξίας
2781 3710 2873 3769 ἰὸν,
2899 3709 2980 3762 καί
3001 3707 3093 3767 τὰς
3116 3704 3440 3777 βλασφημίας
3461 3698 3654 3775 Ἀρείου

2053 3790 2237 3867 ἶπὸισας
2290 3805 2498 3866 ἀνελεῖν,
2521 3800 2719 3863 ταύτας
2753 3821 2805 3855 τε
2837 3799 3222 3871 ἁναθεματίσαι.
3265 3794 3655 3868 γινωσκέτωσαν

2062 3902 2280 3962 ἑαυτοὺς
2306 3900 2436 3971 μετά
2483 3903 2573 3954 τοῦ
2616 3894 2808 3972 ’Δρείου
2835 3895 2914 3948 καί
2941 3899 3043 3948 τῶν
3066 3893 3254 3945 τούτου
3285 3889 3539 3959 μαθητῶν,
3572 3885 3661 3938 καί

2062 4002 2163 4050 τῶν
2184 3994 2370 4048 λοιπῶν
2397 3987 2574 4063 ὄφεων,
2601 3989 2714 4048 ἤτοι
2737 3986 3092 4042 Σαϐελλιανῶν.
3113 3982 3142 4043 ἦ
3164 3982 3657 4049 Πατροπασσιανῶν,

2063 4085 2094 4145 ἦ
2148 4083 2456 4144 οἱασδήποτε
2509 4078 2665 4141 ἄλλης
2713 4079 2956 4156 αἱρέσεως
3008 4071 3316 4133 ἐκσπόνδους
3378 4065 3503 4125 εἶναι
3577 4069 3662 4123 καί

2065 4183 2432 4239 ἀκοινωνήτους
2455 4184 2555 4233 τῶν
2583 4173 3011 4232 έκκλησιαστικῶν
3022 4168 3298 4233 συνάξεων.
3328 4166 3440 4225 ἥτις
3462 4164 3583 4222 τοὺς
3605 4163 3663 4219 ἐκ

2063 4277 2304 4350 μοιχείας
2347 4274 2492 4334 υἱοὺς
2521 4273 2580 4328 οὐ
2607 4271 2894 4347 προσίεται.
2923 4256 2988 4322 Ὀ
3017 4267 3144 4327 Θεὸς
3170 4264 3308 4337 ὑμᾶς
3350 4260 3666 4335 έῤῥωμένους

365 4368 696 4426 adulterinos
721 4367 860 4422 ﬁlios
889 4380 998 4422 non
1037 4364 1288 4421 admittit.
1334 4364 1478 4420 Deus
1519 4377 1617 4420 vos
1660 4361 1931 4419 incolume

2039 4343 2379 4443 ’θιασυλάξοη
2407 4363 2610 4439 ἀδελφοί
2638 4343 2914 4438 ἀγαπητοί.

367 4461 654 4528 custodiat,
683 4460 877 4517 fratres
904 4458 1228 4515 charissimi.

375 4632 440 4688 ad
473 4631 878 4754 significandam
909 4627 1264 4686 substantiam
1296 4627 1386 4683 diu
1415 4625 1784 4697 perseveravit
1813 4637 1966 4691 usus,

375 4718 474 4754 nec
497 4719 524 4754 a
551 4720 565 4754 ι
602 4719 668 4754 eo
695 4703 898 4754 nicmna
927 4701 1166 4754 svnodus
1188 4700 1432 4754 recessit.

375 4718 474 4760 nec
497 4700 565 4774 ab
583 4773 586 4774 ν
602 4719 668 4774 eo
695 4703 898 4758 nicwna
927 4701 1166 4774 synodus
1188 4700 1432 4774 recessit.

453 4773 532 4847 (1)
571 4773 641 4830 Ut
684 4775 900 4847 ipsimet
923 4765 1108 4827 eorum
1139 4771 1299 4843 legati
1331 4769 1594 4841 superiori
1642 4785 1696 4823 n.
1730 4769 1780 4834 1,
1814 4767 1866 4821 in
1899 4765 1968 4820 li-

377 4845 520 4902 bello
548 4861 643 4900 seu
669 4845 893 4915 epismln
919 4853 1204 4898 testantur.

451 4917 532 4988 (2)
555 4907 1036 4984 Utiliscamusquze
1053 4917 1139 4970 illa
1156 4917 1224 4968 sit
1234 4915 1374 4988 justa
1397 4913 1604 4988 petitio.
1622 4907 1967 4988 recolendum

381 4983 962 5060 quorsquOrientales
991 4989 1212 5060 Romam
1238 4987 1502 5060 miserint,
1526 4983 1756 5052 legative
1781 4997 1847 5036 eu
1875 4994 1968 5034 ve-

383 5057 581 5116 nerint.
616 5059 680 5113 Et
710 5059 828 5114 ideo
856 5060 1094 5128 quidem,
1122 5058 1342 5114 Socrate
1373 5069 1423 5111 et
1455 5057 1970 5128 Suzomeuo__at_tcto-

385 5132 557 5196 ribus,
586 5132 788 5198 legatus
816 5121 1097 5193 miserunt,
1122 5129 1242 5196 quia
1279 5129 1538 5182 malorum
1562 5125 1663 5181 sibi
1692 5142 1718 5174 ει
1748 5121 1973 5198 vallante

386 5203 519 5274 imp.
545 5190 605 5274 et
640 5190 894 5256 'Eudoxio
931 5190 1352 5274 impetnlieutiutn
1384 5206 1528 5274 metu
1567 5193 1878 5274 perterriti,
1907 5190 1974 5245 ad

386 5263 817 5329 Valentinianum
847 5274 974 5342 imp.
1008 5263 1072 5328 'et
1097 5272 1368 5342 Liberium
1417 5269 1515 5323 sibi
1557 5263 1974 5342 confugiendum

391 5343 678 5402 duxerunt.
710 5343 891 5399 Basilii
926 5335 1054 5400 vero
1090 5345 1250 5414 epist.
1289 5341 1361 5398 82
1390 5339 1656 5397 sententia
1694 5335 1806 5403 est,
1841 5335 1980 5389 hanc

729 5889 1005 5952 ΡΑτιιοι..
1057 5883 1220 5949 Vlll.

2074 4636 2168 4679 eos
2196 4617 2530 4688 excogitasse
2557 4615 2723 4675 viam.
2754 4621 2816 4668 ut
2842 4606 3108 4688 maculam
3137 4604 3402 4688 eluet-ent.
3431 4598 3663 4688 ξογεὶβῆ

2075 4671 2306 4760 remque
2334 4671 2578 4751 "mm,
2635 4671 2799 4760 quam
2851 4693 2998 4760 torno
3045 4679 3113 4732 ah
3143 4674 3405 4760 ‘Eud‘nxii
3439 4671 3673 4760 factione

2828 4753 3178 4831 admiserant,
3204 4746 3289 4800 vcl
3315 4744 3498 4827 etiam,
3524 4738 3670 4831 quod

2076 4817 2217 4890 idem
2251 4833 2658 4897 Basilitts,eptst
2699 4829 2788 4890 74,
2817 4827 2885 4879 de
2910 4820 3190 4897 Eustnlhio
3221 4817 3532 4897 nominatim
3563 4821 3675 4897 tra-

2076 4883 2426 4969 miliaad;
2449 4883 2677 4971 «lepos-iii
2727 4883 2786 4950 iu
2804 4911 2929 4971 suis
2951 4892 3108 4947 sedes
3134 4891 3563 4971 restituerent‘un
3593 4883 3671 4938 Eo

2080 4956 2727 5044 pacto'l'sihcrius'petitis
2755 4965 2942 5021 annuit
2973 4979 3164 5044 __Oltt‘ltl_
3186 4961 3447 5044 adversus
3469 4956 3671 5039 Valen-

2084 5028 2152 5102 tis
2189 5028 2242 5099 et
2277 5043 2499 5099 Eudoxii
2541 5028 2853 5095 vexationes
2903 5035 3226 5101 pollicendo,
3271 5029 3446 5102 ιιιιμίε
3479 5028 3675 5102 imper-

2084 5095 2565 5182 tiendu—paCetn—et
2594 5095 3053 5182 communiumin,
3079 5115 3133 5160 et
3162 5095 3414 5182 ertptllsoﬁ
3437 5100 3503 5182 in.

2086 5166 2770 5243 suas—restituendo.Sane
2802 5176 3162 5238 Eusmthium,
3191 5166 3371 5228 statim
3402 5177 3458 5221 ut
3483 5166 3683 5220 Liberii

2087 5259 2370 5330 epistolam
2397 5255 2674 5330 _Ty.-mens_i
2699 5251 2905 5330 synodo
2934 5246 3284 5330 eshibuittin
3315 5243 3496 5330 locum
3525 5249 3685 5291 suum

2085 5313 2255 5387 fuisse
2269 5313 2608 5394 restitutum,
2640 5313 2891 5389 Basilius,
2910 5320 3068 5393 epist.
3100 5318 3191 5386 74,
3213 5313 3398 5371 tradit.

3233 5856 3311 5918 [ιιι
