4106 6184
593 175 730 232 1587

1965 188 2282 252 LIBERIUS
2317 193 2517 264 PAPA.

3686 231 3788 296 1588

749 369 754 378 '
891 363 900 372 ’
1095 353 1101 360 ’
1937 415 2576 508 APPENDIX.

1719 551 2008 618 GESTA
2061 557 2425 632 LIBERII
2477 569 2764 636 ΡΑΡΛΕ.

922 741 1213 806 annoan
1241 757 1294 800 ut
1322 759 1492 802 essu
1523 763 1845 814 SEQUENTIA.

1054 835 1236 898 (Calai.
1259 838 1503 904 4pm.,
1531 855 1579 928 pt
1615 841 1724 906 87.)
2175 925 2178 928 Α

661 915 702 972 1.
753 915 1004 976 Silvestri
1033 921 1532 990 pseudoconstituto
1568 926 1620 980 in
1660 928 1832 984 veleri
1869 925 2190 1002 collectione

586 1005 1008 1080 Langobardicis
1051 1013 1246 1068 litteris
1289 1025 1506 1072 exarata
1544 1021 1788 1088 proxime
1827 1022 2188 1090 subjiciuntur

589 1097 750 1158 Gesta
796 1102 1198 1174 subsequentia.
1235 1107 1430 1163 Eorum
1475 1109 1666 1167 artifex
1707 1127 1829 1171 sese
1867 1116 1936 1170 ab
1963 1119 2188 1174 exordio

585 1193 904 1254 mendacem
923 1197 1102 1265 prodit
1125 1199 1628 1271 atqueimperitum,
1655 1205 1746 1261 ubi
1777 1205 2185 1280 imperatorem,

587 1285 676 1353 qui
707 1285 924 1342 Liberio
944 1289 1198 1358 pontifice
1223 1289 1408 1346 Romae
1432 1293 1710 1364 regnabat,
1736 1311 1842 1352 non
1867 1300 2029 1357 modo
2048 1299 2188 1357 Con-

583 1381 879 1444 stantinum
901 1423 914 1448 ,
957 1382 1336 1450 Constantem,
1369 1387 1850 1462 Constantiumque
1881 1395 2188 1463 promiscue

585 1483 740 1530 vocat
765 1515 780 1540 ,
817 1474 910 1534 sed
951 1485 1006 1530 et
1045 1491 1170 1532 eum
1201 1479 1442 1548 appellat
1474 1499 1494 1533 ‹
1523 1483 1861 1538 Constantini
1891 1485 2066 1558 Magni
2092 1504 2189 1544 ne-

581 1575 786 1640 potem,
819 1585 842 1626 t
883 1583 1004 1630 cum
1035 1568 1378 1640 imperatoris
1405 1573 1566 1644 hujus
1607 1577 1772 1632 illium
1809 1575 2185 1674 Constantium

583 1671 712 1732 tunc
735 1661 920 1722 Romae
951 1664 1246 1734 imperasse
1271 1677 1504 1722 constet.
1539 1669 1744 1726 Deinde
1774 1674 1918 1742 quod
1948 1674 2016 1748 de
2047 1667 2187 1730 Con;

581 1755 806 1816 stantini
859 1755 1008 1826 lepra
1063 1758 1290 1828 ejusque
1341 1760 1607 1830 baptismo
1645 1763 1698 1817 in
1749 1765 1994 1822 Silvestri
2037 1783 2185 1839 papa:

579 1845 736 1912 falsis
775 1848 944 1917 gestis
1005 1865 1068 1904 ac
1116 1852 1618 1920 pseudoconstituto
1665 1857 1919 1929 ﬁngitur,
1965 1863 2182 1932 repetit.

581 1938 736 2012 Quod
761 1948 942 2000 autem
977 1941 1242 2002 Eusebius
1267 1943 1618 2002 Caesariensis
1643 1943 1928 2019 episcopus
1953 1951 2020 2007 de
2045 1953 2188 2028 Con—

580 2035 804 2094 stantini
835 2035 1008 2106 Magni
1034 2037 1304 2108 baptismo
1343 2035 1672 2106 Nicomediae
1696 2043 1764 2098 ab
1801 2044 2035 2126 Eusebio
2056 2047 2184 2102 civis

579 2127 706 2188 tatis
747 2126 906 2197 hujus
939 2131 1176 2198 praesule
1209 2139 1460 2202 suscepto
1507 2134 1688 2200 tradit,
1717 2137 1786 2191 de
1819 2137 1990 2193 lletitii
2026 2139 2184 2211 hujus

579 2220 792 2287 nepotis
815 2220 1082 2292 baptismo
1117 2223 1317 2280 stolide
1345 2227 1752 2298 interpretatur.
1789 2229 1978 2302 Neque
2005 2235 2184 2314 minus

576 2308 716 2368 falso
741 2310 1050 2374 bmretieam
1091 2316 1164 2390 de
1206 2317 1465 2386 pluribus
1495 2319 1674 2375 Mat-im
1706 2315 1838 2378 filiis
1871 2311 2183 2394 opinionem

578 2403 895 2459 Constantio
945 2408 1209 2462 attribuit.
1247 2411 1377 2474 Quis
1401 2427 1529 2466 vero
1552 2429 1674 2468 eum
1704 2417 1928 2485 turpiter
1955 2419 2180 2474 balinei?-

577 2495 694 2556 nari
725 2509 833 2554 non
857 2497 1086 2562 sentiat,
1119 2499 1212 2560 tibi
1233 2501 1384 2568 exilii
1409 2503 1606 2558 Liberii
1637 2507 1720 2560 vel
1744 2503 1960 2564 causam
1989 2497 2072 2565 vel
2100 2513 2178 2566 Io-

578 2601 704 2646 cum
748 2589 1006 2658 exponit?
1050 2589 1296 2656 Liberius
1337 2595 1484 2650 enim
1511 2611 1540 2650 a
1579 2597 1904 2655 constantia
1923 2595 2028 2660 non
2061 2606 2182 2662 ideo

576 2679 848 2749 relegatus
879 2689 982 2746 est.
1013 2684 1142 2752 quia
1163 2698 1288 2742 eum
1315 2685 1568 2746 deris‘erit
1593 2699 1686 2745 aut
1707 2696 1998 2762 accusarit,
2025 2699 2182 2770 eique"

579 2769 808 2830 dixerit:
839 2789 857 2824 ι
891 2771 1014 2828 Non
1042 2774 1146 2828 erit
1169 2783 1318 2830 tuum
1349 2791 1594 2848 regnum,
1625 2783 1750 2851 quia
1773 2801 1876 2840 non
1897 2781 2056 2843 times
2075 2769 2183 2845 lio-

575 2862 818 2930 minum;
853 2883 872 2916 ι
906 2864 1000 2920 sed
1025 2868 1150 2936 quia
1174 2868 1452 2928 Athanasii
1481 2872 1816 2934 damnationi
1837 2873 2180 2940 subscribere

575 2956 832 3033 noluerit.
877 2957 1022 3012 lstud
1053 2974 1270 3030 quoque
1307 2962 1518 3032 ignorat
1545 2981 1708 3023 nemo
1731 3011 1745 3036 ,
1787 2973 2038 3030 eumdem
2070 2963 2178 3034 non

573 3031 782 3112 Noellae
815 3049 868 3104 in
896 3051 1212 3108 cmrneterio
1239 3053 1408 3110 tribus
1437 3063 1644 3114 tantum
1677 3031 1914 3118 millibus
1939 3061 2010 3120 ab
2035 3065 2178 3126 Urbe

574 3138 816 3206 distanti,
847 3141 944 3200 sed
975 3141 1179 3202 Herm
1211 3145 1266 3198 in
1291 3145 1444 3216 Syria
1476 3151 1744 3210 exulasse.
1777 3155 2046 3216 Praeterea
2097 3163 2176 3218 sic

573 3246 696 3294 eum
725 3232 778 3292 in
816 3233 919 3292 hoc
947 3237 1260 3294 cmmetenio
1287 3249 1534 3308 agentem
1563 3243 1763 3302 inducit
1785 3290 1798 3314 ,
1829 3253 1984 3320 quasi
2031 3251 2174 3310 Feli-

571 3339 692 3380 cem
739 3325 857 3380 loco
901 3325 1020 3396 ejus
1049 3328 1394 3400 subrogatum
1443 3336 1669 3394 neseiat.
1719 3339 2006 3398 Damasum
2043 3361 2178 3401 vero

571 3426 723 3486 tum,
766 3432 887 3478 cum
938 3419 1186 3480 Liberius
1234 3423 1287 3476 in
1331 3425 1552 3484 exilium
1587 3430 1756 3499 abiit,
1800 3437 2170 3508 presbyterum

2214 761 2270 824 A
2293 765 2574 836 confinxit,
2601 786 2710 828 non
2737 773 2902 832 alium
2926 792 3050 836 esse
3071 785 3427 858 suspicamur;
3451 791 3591 866 idque
3606 801 3798 874 suadent,

2292 871 2414 914 cum
2445 860 2594 917 locus
2623 879 2782 936 quem
2813 871 2868 926 in
2904 876 3306 946 exemplaribus
3331 895 3482 941 manu
3516 897 3709 951 exaratis
3730 860 3800 953 ob:

2295 949 2488 1018 tinent,
2537 963 2646 1014 tum
2695 958 2925 1020 barbara
2973 965 3224 1037 loquendi
3269 975 3418 1040 ratio,
3447 985 3660 1050 quamvis
3681 949 3802 1057 paulo

2293 1045 2653 1114 tolerabilior,
2685 1059 2796 1108 tum
2841 1055 3008 1112 etiam
3061 1060 3116 1116 iu
3169 1045 3524 1136 excogitandis
3575 1045 3802 1137 mendaciis

2291 1134 2564 1206 imperitia
2603 1157 2715 1212 par,
2746 1152 2803 1202 et
2827 1147 2879 1202 in
2911 1149 2977 1206 iis
3005 1134 3340 1221 proferendis
3363 1163 3568 1232 aequalis
3591 1134 3804 1238 impuden;

2293 1227 2385 1282 tia.
2417 1229 2682 1299 Quocirca
2712 1248 2768 1294 et
2805 1255 2869 1296 ea
2913 1245 3185 1312 praedictis
3215 1227 3496 1324 adjungere
3537 1227 3697 1318 inutile
3725 1281 3800 1321 non

2291 1321 2414 1378 erit.
2448 1324 2530 1382 Ad
2559 1327 2660 1384 hoc
2697 1342 2846 1388 certe
2875 1337 3178 1406 proficient,
3213 1321 3290 1398 uti
3317 1321 3454 1403 unde
3495 1351 3600 1406 vita
3645 1354 3804 1415 Damasi

2292 1426 2322 1468 e
2361 1429 2463 1469 ms.
2514 1417 2704 1476 codice
2731 1425 2936 1482 arebivi
2983 1429 3378 1492 Canonicorum
3405 1437 3461 1494 S.
3489 1440 3614 1498 Petri
3637 1461 3663 1500 a
3699 1447 3803 1504 Con-

2291 1507 2526 1564 stantino
2556 1509 2815 1582 Cajetano
2843 1518 3038 1578 abbate
3065 1528 3368 1598 exscripta,
3415 1541 3466 1586 et
3488 1532 3676 1594 Parisiis
3704 1555 3807 1598 anno

2293 1596 2433 1656 1672
2461 1603 2603 1672 apud
2633 1605 2767 1664 Lud.
2820 1609 3052 1672 Billaine
3078 1631 3200 1674 cum
3231 1596 3438 1679 caeteris
3483 1625 3666 1686 Damasi
3694 1596 3805 1702 papae

2291 1694 2569 1764 operibus,
2605 1713 2661 1770 p.
2698 1700 2790 1768 21,
2815 1718 3030 1764 excusa:
3059 1709 3208 1766 initia
3235 1724 3444 1786 sumpta
3478 1719 3594 1786 sint,
3620 1694 3811 1794 seraper-

2293 1789 2403 1838 tum
2435 1786 2716 1846 habeatur.
2751 1793 2918 1864 Hujus
2965 1801 3164 1872 quippe
3193 1805 3320 1860 vitae
3359 1810 3594 1880 scriptor,
3621 1786 3808 1884 quamvis

2290 1892 2391 1932 nec
2419 1885 2688 1940 sermonis
2711 1902 2814 1944 nec
2853 1893 3171 1952 eruditionis
3199 1902 3420 1958 omnino
3446 1918 3646 1978 expers,
3671 1913 3808 1982 negari

2291 1982 2468 2030 tamen
2499 1981 2704 2048 nequit,
2733 1993 3008 2052 gestorum
3041 1990 3260 2050 illorum
3287 1995 3442 2052 dictis
3475 2015 3570 2055 non
3606 2003 3712 2058 satis
3732 1981 3810 2060 cir-

2287 2079 2600 2140 cumspecte
2647 2073 2959 2138 adhaesisse.
2995 2081 3153 2140 Plura
3196 2087 3414 2156 quidem
3463 2095 3710 2165 castigavit
3742 2097 3812 2154 rb-

2213 2162 2261 2223 B
2288 2159 2450 2220 surda
2480 2170 2536 2218 et
2573 2163 2808 2236 absona;
2841 2175 3107 2232 nonnulla
3134 2193 3375 2250 quoque,
3405 2183 3472 2237 ab
3499 2159 3710 2244 historica
3741 2205 3809 2245 ve-

2289 2260 2450 2314 ritate
2475 2259 2844 2332 abhorrentia,
2877 2267 2943 2326 ad
2973 2271 3094 2339 ejus
3133 2289 3382 2332 nentiam
3425 2283 3702 2336 revocavit:
3741 2284 3808 2340 sed

2287 2363 2394 2402 non
2428 2351 2498 2405 ita
2525 2356 2759 2410 correxit
2797 2362 2976 2416 omnia
3027 2373 3086 2418 ut
3125 2365 3260 2420 nihil
3299 2371 3648 2441 corrigendum
3685 2374 3806 2430 relin-

2285 2453 2492 2512 queret.
2527 2445 2640 2502 Non
2671 2449 2816 2506 enim
2843 2454 3152 2512 emendavit
3179 2459 3328 2532 quod
3357 2461 3408 2516 in
3439 2461 3516 2516 his
3534 2465 3652 2520 actis
3674 2466 3727 2520 de
3747 2465 3809 2521 Li-

2284 2531 2419 2586 berii
2453 2535 2614 2590 exilio
2645 2538 2700 2592 in
2733 2545 3050 2604 cremeterio
3071 2531 3282 2606 Noellat
3313 2551 3468 2606 tertio
3491 2553 3556 2607 ab
3582 2553 3700 2610 Urbe
3723 2555 3808 2609 mih

2282 2617 2438 2677 liario
2465 2623 2685 2684 distanti
2706 2629 2919 2702 legitur.
2941 2634 3273 2706 thuamvis
3297 2639 3525 2702 Felicem
3541 2645 3584 2698 ei
3609 2645 3810 2714 subroga-

2289 2721 2399 2767 tum
2415 2731 2534 2771 esse
2553 2734 2657 2772 non
2678 2725 2956 2789 taceat,sic
2971 2733 3149 2784 tamen
3165 2741 3515 2800 repraesentat
3527 2733 3811 2800 Liberium,ut

2279 2807 2368 2876 qui
2399 2807 2624 2865 Damaso
2639 2811 2782 2868 vices
2803 2820 3106 2878 committat
3132 2837 3364 2898 suasque
3381 2826 3622 2884 subinde:
3646 2845 3811 2886 totum

2279 2901 2530 2960 catholici
2551 2907 2749 2976 gradus
2770 2909 3170 2974 ecclesiasticos
3196 2933 3217 2970 ι
3247 2917 3314 2972 ad
3337 2934 3396 2974 se
3417 2930 3670 2988 convocet,
3685 2922 3814 2992 iisque

2279 2995 2638 3062 praesentibus
2683 2998 3008 3070 baptismum
3037 3009 3222 3066 multis
3251 3011 3490 3068 millibus
3527 3015 3674 3070 semel
3695 3023 3815 3070 etse-

2277 3084 2455 3137 cundo
2485 3087 2749 3143 conferat.
2781 3091 3040 3152 Mittimus
3078 3102 3334 3158 eumdem
3365 3105 3660 3174 scriptorem
3699 3105 3815 3162 Luci-

2279 3171 2376 3229 feri
2430 3179 2668 3250 episcopi
2718 3177 3035 3257 Calaritaui,
3071 3190 3346 3250 Pancratii
3389 3171 3542 3265 atque
3583 3197 3738 3254 Hilarii
3767 3197 3816 3254 ad

2277 3261 2652 3326 Constantium
2683 3273 3040 3344 legationem,
3073 3297 3174 3338 nec
3206 3299 3316 3340 non
3349 3261 3578 3356 ejusdem
3603 3288 3816 3354 Luciferi,

2278 3354 2498 3422 Eusebii
2548 3361 2951 3438 Vercellensis,
3007 3381 3170 3443 atque
3227 3354 3398 3448 ipsius
3447 3378 3634 3440 Liberii
3677 3380 3815 3444 exilia,

2277 3461 2396 3519 quae
2426 3454 2711 3511 concilium
2760 3459 3088 3520 arimineuse
3133 3465 3306 3526 tribus
3345 3473 3430 3530 vel
3475 3487 3682 3546 quatuor
3703 3473 3816 3530 annis

2294 3509 2310 3519 .
2609 3509 2612 3510 ν
2667 3509 2710 3511 η,
2761 3509 3088 3520 ..-η--.-ινς--ν
3133 3509 3306 3526 σιεινυῖ
3352 3509 3430 3530 Iul.
3513 3509 3676 3532 υιιιινι
3703 3509 3816 3530 τι...

575 3509 760 3580 fuisse,
820 3523 980 3584 atque
1009 3528 1038 3570 a
1071 3514 1308 3584 Liberio,
1341 3519 1648 3590 priusquam
1677 3523 1846 3582 Roma
1873 3531 2068 3596 exiret,
2089 3531 2164 3585 'vi.
2199 3541 2244 3604 (ζ
2279 3553 2694 3615 praecesserunt,
2729 3549 2828 3605 hac
2853 3555 3061 3626 synodo
3091 3564 3398 3628 posteriora
3442 3509 3816 3632 c:cdidisse;ﬂi-

571 3603 775 3672 corium
811 3619 964 3672 suum
993 3618 1232 3664 creatum
1260 3625 1382 3670 esse
1405 3614 1975 3688 mentitur;'quamvis

574 3707 702 3764 tunc
728 3708 932 3762 tantum
962 3702 1270 3772 diaconum,
1303 3715 1466 3775 atque
1497 3707 1696 3770 Liberii
1734 3712 1984 3770 abeuntis
2010 3715 2178 3773 comis

573 3796 684 3856 tetu
717 3791 972 3850 extitisse.
991 3795 1332 3864 exploratum
1372 3799 1444 3854 sit
1487 3815 1552 3858 ex
1595 3801 1886 3860 Marcellini
1915 3819 1968 3862 et
2008 3809 2176 3866 Faus-

572 3883 670 3952 tini
720 3884 788 3940 ad
841 3885 1193 3954 imperatores
1225 3889 1678 3962 Valentinianum,
1719 3898 2081 3959 Theodosium
2121 3899 2176 3962 ei

569 3975 860 4038 Arcadium
907 3977 1174 4046 precibus.
1219 3979 1294 4038 Ibi
1345 3985 1510 4050 enim,
1559 4003 1677 4058 pag.
1727 3990 1781 4052 ἢ,
1831 3991 2010 4064 legere
2033 4007 2118 4053 est
2159 4017 2172 4053 :

576 4067 760 4130 (Cum
811 4069 1026 4126 Liberio
1067 4073 1330 4130 D.-unasus
1371 4077 1491 4147 ejus
1535 4080 1798 4140 diaconus
1847 4102 1908 4143 se
1955 4091 2176 4150 simulat

570 4160 840 4228 proficisci
869 4178 880 4214 :
915 4163 1056 4218 unde
1081 4164 1294 4236 fugiens
1323 4169 1394 4224 de
1431 4170 1626 4230 itinere
1655 4174 1882 4232 Ruinam
1923 4181 2105 4238 rediit.
2149 4204 2172 4237 ι

573 4249 718 4314 sine
757 4267 884 4306 non
917 4257 1296 4322 proﬁciscendi
1337 4271 1432 4316 aut
1477 4264 1684 4320 saltem
1709 4269 1868 4326 citius
1909 4273 2177 4331 redeundi

569 4340 810 4411 legitima
857 4345 905 4396 ei
951 4349 1218 4402 extitisset
1259 4365 1446 4428 causa,
1487 4355 1538 4420 si
1581 4358 1786 4422 Liberii
1823 4363 2064 4426 vicarius
2105 4369 2180 4425 ab

568 4431 803 4502 ipsemet
831 4435 1108 4493 ittstitutus
1132 4439 1342 4496 fuisset.
1370 4443 1475 4499 Sed
1500 4455 1554 4501 et
1576 4449 1720 4504 aliud
1747 4456 1968 4509 omnino
1990 4473 2169 4528 sonat,

569 4528 711 4597 quod
759 4531 808 4582 in
862 4531 1054 4586 iisdem
1099 4536 1351 4605 precibus
1391 4541 1572 4594 statim
1622 4545 1999 4606 subnectitur:
2037 4571 2058 4605 ι
2095 4555 2174 4609 Eo

569 4621 678 4687 die,
711 4637 820 4692 quo
846 4623 1094 4680 Liberius
1134 4628 1202 4682 ad
1231 4629 1454 4686 exilium
1497 4637 1958 4706 proﬁciscebatur,
1993 4647 2172 4704 clerus

571 4717 770 4777 omnis,
803 4719 852 4771 id
885 4729 970 4772 est
1005 4722 1333 4792 presbyteri,
1379 4735 1432 4780 et
1456 4729 1873 4792 archidiaconus
1911 4737 2088 4810 Felix,
2118 4753 2174 4800 et

567 4805 690 4878 ipse
723 4810 980 4868 Damasus
1022 4815 1353 4874 diaconus...
1399 4822 1497 4877 sub
1536 4824 1892 4894 jurejurando
1921 4833 2171 4892 [irritave-

2023 3623 2174 3679 illum

565 4909 696 4958 runt
717 4917 796 4967 se,
814 4904 1274 4977 viventeLiberio,
1296 4913 1601 4980 pontificem
1622 4921 1848 4977 alterum
1871 4927 2179 4986 nullatenus
2204 4930 2257 4990 D

565 4993 867 5049 habituros.
899 4999 1002 5054 Sed
1033 5001 1213 5057 clerus
1239 5015 1426 5059 contra
1457 5007 1606 5066 fas...
1640 5011 1878 5072 Felicem
1901 5021 2172 5080 archidia-

567 5100 765 5142 conum
813 5089 1116 5148 ordinatum
1163 5096 1218 5150 in
1263 5097 1440 5156 locum
1481 5101 1682 5162 Liberii
1729 5123 2106 5182 susceperunt.
2145 5137 2166 5172 ι

569 5178 702 5236 Tam
733 5185 938 5252 apertis
963 5195 1144 5242 autem
1173 5192 1470 5248 mendaciis
1501 5199 1799 5258 refutandis
1828 5178 2025 5264 diutius
2065 5213 2167 5267 im-

568 5274 765 5328 morari
799 5275 963 5332 tazdet
989 5297 1000 5330 :
1027 5284 1325 5350 praesertim
1355 5301 1476 5342 cum
1502 5300 1696 5350 caetera
1723 5299 1807 5352 vel
1853 5299 2044 5358 fabulis
2075 5323 2168 5378 pa-

566 5365 700 5418 riter
744 5379 1016 5437 constent,
1065 5373 1147 5427 vel
1196 5377 1360 5444 gestis
1407 5394 1691 5450 perperam
1732 5391 2043 5462 intellectis,
2075 5365 2165 5455 vel

570 5468 901 5524 pt‘;t-poslere
930 5463 1134 5517 relatis.

643 5555 706 5612 ll.
741 5558 945 5616 [lorum
972 5575 1248 5634 gestorum
1301 5571 1654 5632 architectum
1686 5581 1754 5635 ab
1784 5598 1850 5637 eo
1880 5587 1969 5656 qui
2000 5606 2164 5662 supe-

564 5649 707 5705 riora
739 5651 1030 5709 Marcellini
1057 5669 1204 5727 gesta
1239 5671 1290 5716 et
1319 5663 1566 5722 Silvestri
1601 5649 2156 5740 pseudoconstitutitm

2277 3629 2468 3688 larium
2516 3637 2895 3706 pictavicnsem
2959 3649 3276 3724 episcopum
3343 3672 3466 3716 cum
3523 3659 3704 3718 Hilario
3739 3659 3818 3714 dia-

2280 3738 2442 3792 cono,
2466 3731 2554 3798 qui
2587 3731 2928 3792 Luciferiano
2956 3743 3234 3802 schismati
3264 3749 3514 3823 adhaesit,
3535 3752 3818 3816 cotan

2277 3827 2332 3872 et
2361 3819 2464 3874 alia
2495 3825 2688 3880 similia
2719 3825 2787 3884 de
2816 3832 3010 3901 quibus
3053 3837 3208 3906 plura
3237 3819 3514 3902 disserere.
3539 3861 3638 3902 non
3661 3857 3730 3902 est
3753 3846 3821 3900 hu»

2273 3907 2362 3978 jus
2391 3914 2515 3968 loci.
2547 3913 2645 3970 llic
2673 3932 2966 3980 annotasse
2991 3929 3124 4012 says
3148 3932 3252 4000 sit,
3280 3937 3594 4008 scriptorem
3617 3939 3742 3996 ilum
3761 3937 3820 3992 lli!

2278 4003 2480 4070 gestis,
2525 4023 2647 4076 qua:
2687 4013 2902 4070 meliori
2947 4003 3123 4076 forma
3166 4003 3482 4096 exprimere
3509 4042 3714 4098 conatus
3731 4040 3820 4096 est.

2278 4096 2568 4154 manifeste
2599 4109 2958 4176 recentiorem
2990 4129 3280 4186 apparere.

2491 4209 2835 4274 lNCIPlUNT
2875 4219 3102 4284 GESTA
3139 4228 3404 4290 LIBERI!
3442 4236 3658 4294 PAPE.

2449 4301 2509 4390 ‘_‘
2536 4387 2546 4390 _
2583 4389 2592 4390 ί
2829 4313 3124 4384 (Indidem,
3145 4337 3198 4390 ρ.
3223 4325 3338 4390 89.)

2352 4385 2402 4438 t.
2443 4383 2594 4440 Fidei
2632 4397 2910 4462 confessio.
2943 4429 2986 4439 -
3036 4383 3195 4460 Anno
3237 4383 3398 4484 regni
3435 4413 3823 4486 Constantina)

2276 4476 2419 4545 regis
2451 4484 2664 4550 nepotis
2694 4483 3032 4550 Constantini
3063 4502 3245 4570 magni
3277 4503 3381 4558 viri
3409 4518 3527 4562 erat
3551 4509 3742 4578 quidam
3763 4521 3825 4562 sa-

2275 4571 2468 4638 cerdos
2515 4573 2678 4632 Urbis
2721 4584 2940 4642 nomine
2983 4589 3274 4664 Liberius,
3319 4599 3444 4668 pius
3479 4571 3828 4672 praisuleris-

2279 4669 2388 4716 tum
2435 4668 2766 4737 praedicans,
2809 4674 2947 4732 sicut
2975 4691 3030 4736 et
3054 4683 3249 4744 doctus
3277 4689 3456 4746 fuerat
3480 4668 3534 4748 va
3565 4693 3726 4752 Marco
3745 4693 3829 4762 epi-

2275 4761 2614 4826 sc0pourbis
2657 4761 2874 4838 Romm,
2927 4775 3014 4843 qui
3059 4793 3184 4832 cum
3216 4783 3494 4842 ordinavit
3517 4786 3768 4844 diaconum
3791 4785 3828 4840 in

2275 4847 2494 4904 civitate
2528 4853 2580 4906 in
2611 4861 2818 4926 gremio
2848 4863 3088 4924 basilicae
3128 4869 3623 4946 Constantiniana,
3659 4892 3828 4949 semper

2284 4941 2338 4998 in
2369 4943 2632 5004 Trinitate
2661 4949 2822 5021 fixus,
2852 4957 3064 5015 Patrem
3091 4973 3147 5018 et
3173 4965 3372 5024 Filium
3401 4982 3456 5028 et
3479 4971 3714 5044 Spiritum
3738 4987 3830 5026 san-

2277 5042 2426 5092 ctum
2455 5039 2778 5109 prmdicans,
2809 5057 2868 5102 et.
2899 5050 3124 5110 laudans
3143 5075 3162 5108 ι
3186 5057 3357 5115 Deum
3385 5061 3454 5118 de
3487 5039 3592 5122 D-eo
3615 5076 3664 5122 et
3688 5063 3828 5118 lumen

2275 5127 2344 5182 de
2372 5128 2596 5199 lumine,
2630 5143 2798 5192 totum
2832 5154 2862 5195 a
2893 5151 3028 5211 toto,
3055 5147 3274 5218 plenum
3305 5168 3336 5208 a
3366 5155 3556 5224 pleno;
3585 5173 3682 5216 non
3707 5169 3826 5212 crea-

2273 5226 2419 5286 tum,
2469 5223 2566 5278 sed
2609 5230 2884 5298 genitum;
2937 5253 3046 5294 non
3093 5255 3162 5298 ex
3209 5223 3418 5312 nihilo,
3461 5249 3555 5304 sed
3591 5263 3654 5304 ex
3683 5247 3826 5322 Patre,

2346 5336 2614 5435 (ξλρςηηιο
2643 5345 2843 5435 (ξῌινὶειί
2872 5351 2998 5435 ὃᾷῖ,
3031 5362 3377 5435 consulatum
3409 5365 3576 5435 gessit
3599 5365 3671 5419 Fl.
3701 5362 3826 5435 little-

2272 5407 2386 5506 rius
2406 5407 2842 5506 lucusta-utilius,
2877 5424 2955 5506 ile
2985 5407 3680 5506 'qoo;
3711 5407 3826 5489 lion-

2269 5483 2507 5538 stautino
2539 5487 2722 5569 frater,
2765 5483 2835 5575 ari
2873 5483 3055 5574 fratris
3081 5483 3221 5557 filius
3237 5483 3412 5559 Ῑέιξιῖἰῖ
3439 5525 3452 5559 :
3480 5483 3580 5562 god
3619 5507 3660 5562 is
3695 5518 3826 5575 αἴης)

2268 5564 2557 5648 gumquani
2593 5561 2791 5648 potitus
2819 5564 3042 5648 legitpr:
3075 5585 3138 5626 ac
3167 5583 3379 5648 certum
3409 5587 3492 5632 est
3515 5561 3594 5644 id,
3621 5561 3825 5648 quod?ab

2264 5620 2900 5718 df:_baptismo
2933 5620 3498 5718 Consian'tiiii-
3515 5620 3822 5706 nomine:

2265 5691 2518 5752 traditum
2553 5709 2656 5768 est,
2689 5691 2968 5775 perperam
2997 5691 3235 5771 adlidi};
3259 5691 3733 5789 nepote-iitiefcrri.
