4106 6184
572 146 709 203 1591

1958 135 2276 195 LIBEBIUS
2313 135 2516 193 PAPA.

3658 165 3762 225 1399.

572 263 663 332 ﬁat
691 256 1009 333 major(i).s
1041 253 1343 326 Respondit
1370 252 1595 311 Siricius
1621 251 1877 308 diaconus
1906 261 1961 308 et
1989 253 2124 309 dixit
2156 271 2170 308 :
2200 260 2255 320 Α
2277 254 2367 311 bet
2394 262 2711 325 potestatem
2740 254 2792 310 in
2821 254 2993 325 patrui
3019 256 3104 312 sui
3131 256 3261 315 dare
3300 269 3553 326 sententia.
3589 274 3694 334 Nam
3727 296 3768 341 ει

578 372 599 405 s
625 353 759 408 .luba
800 366 897 407 ore
942 363 1063 405 meo
1104 349 1331 419 praesul,
1382 358 1435 403 et
1475 346 1696 402 infunde
1734 347 1940 402 favore.
1988 347 2177 402 Patres

575 443 750 500 nostri
781 443 831 495 in
867 452 997 514 typo
1028 440 1279 510 baptismi
1314 438 1641 495 transierunt
1670 454 1767 509 per
1796 438 2031 495 medium
2064 454 2179 493 tua-

574 553 657 593 re.
687 535 822 592 Nam
852 534 906 590 in
937 533 1250 589 ﬂuminibus
1277 541 1329 589 et
1370 533 1422 588 in
1468 532 1752 603 paludibus
1791 540 2006 603 oportet
2049 531 2179 602 bap-

574 630 749 686 tizari.
777 647 797 683 ι
826 628 964 684 Dicit
989 627 1237 686 Liberius
1265 627 1583 697 episcopus:
1609 645 1629 679 ι
1647 625 1798 682 Juste
1820 626 2029 682 locutus
2058 640 2171 681 es.»

575 721 708 778 Erat
736 720 881 776 enim
912 702 985 777 ibi
1017 734 1121 776 uon
1153 719 1312 790 longe
1345 733 1373 772 a
1402 718 1688 790 cymiterio
1715 716 1916 772 Noclla:
1955 716 2181 787 cymite-

575 813 693 869 rius
720 811 1038 877 Ostrianus,
1069 810 1160 866 ubi
1190 810 1384 867 Petrus
1412 811 1692 878 apostolus
1721 808 2034 880 baptizavit.
2073 808 2180 865 Eo-

577 904 701 962 dem
731 912 976 973 tempore
1004 902 1225 959 Pascha:
1248 902 1539 974 baptizavit
1565 901 1856 974 promiscui
1886 915 2048 958 sexus
2075 916 2179 957 nu-

577 1015 733 1056 mero
761 1008 996 1067 quatuor
1024 995 1187 1053 millia
1220 995 1539 1052 duodecim:
1584 996 1674 1068 qui
1718 1010 1910 1052 omnes
1950 995 2182 1052 Romani

579 1092 668 1147 vel
699 1106 728 1145 a
762 1090 950 1163 lange,
985 1090 1075 1146 alii
1103 1088 1264 1146 vicini
1294 1087 1664 1145 Romanorum
1694 1087 2081 1145 desiderabant
2113 1090 2183 1145 ab

580 1185 775 1243 eodem
804 1184 1085 1255 baptizari.

652 1282 706 1338 6.
740 1279 1026 1345 Constantii
1051 1279 1310 1348 expeditio
1337 1295 1494 1351 super
1521 1278 1839 1334 Danubium.
1862 1278 2185 1336 —-Veniens

581 1387 761 1434 autem
797 1374 875 1448 (Ξ)
917 1376 1108 1432 eodem
1154 1383 1397 1445 tempore
1438 1373 1639 1429 bellum
1680 1388 1844 1443 super
1882 1372 2182 1429 Danubium

579 1469 942 1541 ingestissima
970 1469 1057 1540 (au
1087 1466 1480 1537 ingentissima)
1501 1481 1625 1537 pars
1651 1466 2001 1522 barbarorum
2033 1465 2184 1537 quasi

578 1563 719 1619 intra
769 1570 1083 1617 octavarum
1141 1557 1380 1615 Pasohw.
1438 1558 1506 1613 Et
1534 1556 1761 1613 audiens
1789 1557 1895 1613 hoc
1918 1556 2187 1612 Constans

2277 363 2415 418 aqua
2442 349 2510 403 ibi
2541 365 2647 404 non
2670 358 2905 405 emanat.
2935 350 3192 408 Homines
3217 355 3350 411 enim
3377 367 3622 429 promiscui
3645 389 3770 433 sexus

2279 443 2489 497 renasci
2520 441 2862 507 desiderant,
2905 458 3013 497 non
3053 446 3189 499 mori
3215 460 3421 518 propter
3443 472 3518 513 me
3544 459 3769 533 singulum.

2277 532 2578 606 Respondit
2610 535 2895 608 Dionysius
2921 536 3222 609 presbyter,
3263 550 3312 594 et
3345 542 3496 601 dixit:
3530 532 3775 615 Renascan.

2282 635 2403 691 tur;
2443 636 2498 683 et
2526 629 2572 684 si
2603 630 2801 685 mortui
2833 628 3034 686 fuerint
3060 640 3183 702 post
3210 631 3537 710 baptismum,
3561 643 3606 699 iu
3629 661 3776 709 cruore

2280 720 2475 776 melius
2504 720 2708 777 vivent.

2352 812 2407 868 8.
2441 812 2699 870 Damasus
2740 816 3011 887 pollicetur
3047 816 3233 888 fontes.
3279 818 3493 880 Liberius
3531 827 3711 897 baptisat
3740 837 3780 891 in

2284 905 2606 965 Pentecoste.
2628 939 2700 950 —
2720 908 3018 981 Respondit
3045 911 3327 979 Damasus,
3352 927 3403 972 et
3422 918 3544 976 dixit
3564 923 3654 995 (l):
3671 926 3781 985 thn

2293 1001 2535 1059 tristetur
2571 1019 2667 1059 cor
2704 1013 2885 1068 tuum,
2929 1007 3124 1077 praesul
3166 1025 3399 1067 summe:
3426 1014 3536 1083 quia
3572 1018 3685 1075 dabo
3713 1023 3785 1079 tibi

2287 1110 2479 1152 venam
2510 1097 2672 1153 fontis
2695 1109 3058 1155 emanantem.
3073 1118 3091 1153 ι
3112 1099 3317 1158 Caudio
3340 1107 3615 1164 consolatus
3636 1122 3702 1167 est
3718 1113 3785 1168 Li-

2284 1188 2466 1246 berius
2504 1190 2558 1246 in
2588 1191 2733 1247 hunc
2759 1207 3100 1261 sermonem,
3141 1202 3196 1251 et
3233 1194 3359 1252 dicit
3392 1199 3466 1254 ei:
3486 1218 3503 1252 ι
3525 1200 3674 1270 Vade,
3694 1220 3787 1261 eon-

2294 1289 2444 1337 strue
2467 1281 2728 1339 aiﬂuente
2754 1283 2988 1355 Spiritu:
3020 1297 3073 1342 et
3103 1301 3204 1357 ego
3229 1289 3442 1344 veniens
3465 1307 3572 1346 cum
3597 1292 3788 1353 fratribus

2293 1380 2352 1429 et
2392 1372 2631 1430 adorabo
2667 1375 2818 1431 illum
2859 1392 3020 1446 quem
3062 1378 3221 1434 nobis
3248 1379 3439 1437 dimisit
3463 1381 3697 1451 Christus,
3727 1390 3791 1459 qui

2290 1482 2389 1538 pro
2419 1468 2576 1524 nobis
2604 1476 2688 1523 est
2715 1478 2917 1540 pastor.
2946 1490 2965 1523 ι
2992 1469 3064 1526 Et
3092 1472 3251 1528 tertio
3279 1472 3363 1529 die
3398 1476 3532 1530 venit
3567 1478 3789 1548 Damasus,

2292 1564 2442 1617 venit
2483 1562 2708 1619 Siricius
2729 1605 2744 1630 ,
2784 1564 2937 1620 venit
2973 1564 3352 1637 innocentius,
3387 1570 3525 1625 venit
3556 1570 3729 1628 Priscus
3755 1584 3795 1630 et

585 1653 746 1726 (Leg.
798 1648 1176 1723 Constantius)
1231 1650 1397 1705 dixit:
1419 1648 1641 1704 «Videte
1665 1648 1807 1704 hunc
1831 1649 2182 1720 sacrilegum,
2216 1655 2264 1715 Β
2290 1653 2538 1710 Urbanus
2566 1655 2775 1713 diaconi
2804 1656 2870 1711 ad
2900 1658 3108 1713 beatum
3131 1658 3346 1714 Petrum
3372 1662 3652 1731 apostolum.
3674 1665 3797 1721 εηιιι

581 1746 708 1818 quia
733 1743 877 1817 quod
907 1757 1198 1813 numquam
1222 1742 1423 1798 factum
1450 1750 1566 1807 est,
1596 1741 1721 1797 fecit
1749 1743 2190 1813 superstitionem

582 1838 855 1895 vanitatis.
892 1836 1020 1893 Ideo
1076 1835 1193 1891 tunc
1237 1836 1394 1907 plaga
1435 1834 1798 1890 multitudinis
1841 1835 2191 1891 barbarorum

583 1932 776 2004 ingens
796 1930 945 1987 venit
968 1944 1132 2001 super
1147 1928 1411 1985 Romania
1429 1944 1444 1994 ;
1459 1948 1478 1982 ι
1500 1937 1555 1985 et
1573 1929 1862 1984 ambulavit
1882 1929 1948 1984 ad
1968 1929 2191 1999 bellum,

585 2033 642 2081 et
665 2023 942 2097 profectus
970 2032 1056 2079 est
1082 2036 1204 2078 cum
1231 2021 1422 2092 grandi
1454 2020 1836 2087 amaritudine,
1870 2030 1926 2076 et
1954 2021 2189 2091 dicebat,

584 2116 715 2172 dum
744 2115 920 2172 exiret
946 2124 1152 2185 portam
1183 2113 1449 2169 civitatis:
1475 2130 1495 2163 ‹
1520 2112 1852 2185 Sacrilegum
1882 2113 2154 2169 Liberium
2175 2155 2191 2181 ,

589 2208 685 2280 qui
711 2208 849 2263 dixit
876 2217 1123 2278 patruum
1153 2222 1330 2262 meum
1359 2204 1526 2261 fuisse
1555 2204 1862 2277 leprosum,
1886 2214 1940 2261 et
1958 2205 2197 2274 baptisa-

586 2309 702 2355 tum
730 2315 760 2354 a
788 2298 1050 2357 Silvestro
1073 2296 1350 2369 episcopo.
1381 2307 1438 2353 et
1468 2296 1810 2363 mandatum,
1852 2297 1980 2352 dum
2010 2297 2196 2352 abiero

590 2408 758 2463 super
796 2392 1178 2463 quadrupedes
1219 2388 1476 2459 Danubii,
1505 2399 1557 2446 et
1584 2389 1874 2445 concidero
1900 2388 2194 2457 barbaros,

589 2488 811 2545 rediens
836 2486 903 2542 ad
930 2487 1121 2542 urbem
1151 2485 1377 2539 Romam
1398 2525 1413 2548 ,
1446 2482 1756 2538 volucribus
1781 2482 1905 2538 cmli
1932 2491 1986 2537 et
2014 2483 2198 2540 bestiis

588 2591 753 2638 terra:
772 2593 962 2635 carnes
985 2576 1102 2648 ejus
1121 2576 1452 2641 intmolabo;
1500 2574 1676 2645 ipsum
1700 2576 1874 2630 solum
1898 2574 2195 2645 Liberium,

590 2687 703 2729 tum
736 2671 880 2727 enim
913 2669 1081 2725 alios:
1116 2684 1183 2723 ne
1212 2667 1394 2723 dicant
1422 2677 1478 2722 et
1505 2666 1780 2723 aflirment
1806 2684 1893 2723 me
1919 2683 2042 2725 esse
2072 2684 2196 2738 per-

594 2771 961 2820 secutorem.)
990 2760 1124 2815 Dutn
1174 2768 1321 2814 esset
1369 2767 1550 2814 autem
1603 2760 1657 2814 in
1710 2775 1886 2831 pugna
1931 2759 2194 2827 Danubii,

593 2854 862 2911 Constans
891 2851 1102 2907 fortiter
1128 2850 1439 2920 urgebatur.

666 2948 718 3002 7.
741 2945 975 3001 Liberius
988 2954 1042 2998 ut
1067 2945 1121 2999 in
1143 2942 1357 2998 basilica
1375 2942 1437 2999 S.
1472 2942 1618 2999 Petri
1635 2943 1853 3017 baptizet
1882 2953 2113 3016 rogatur.
2131 2975 2199 2986 -—

2295 1746 2439 1803 enim
2468 1747 2539 1804 ibi
2570 1749 2899 1806 monimenta
2924 1790 2939 1816 ,
2966 1758 3024 1807 et
3047 1765 3211 1822 super
3237 1767 3369 1824 aqua
3398 1752 3665 1811 denatabat.
3690 1757 3798 1814 Fecit

2296 1849 2474 1897 autem
2516 1843 2667 1913 quasi
2711 1858 2831 1899 cum
2874 1859 2968 1899 eos
3010 1842 3174 1917 (Leg.
3207 1845 3322 1916 eis)
3363 1847 3616 1903 consilium
3654 1848 3797 1903 Dama-

2295 1948 2410 2001 sus,
2440 1944 2496 1991 et
2518 1935 2681 1991 dixit:
2705 1954 2723 1988 ι
2746 1936 2876 1992 Date
2900 1936 3030 1992 mibi
3062 1953 3225 2008 opera
3255 1939 3483 2011 mysterii
3509 1939 3799 2012 (ministerii),

2296 2035 2357 2081 ut
2384 2025 2500 2083 haec
2527 2042 2662 2098 aqua
2693 2028 2981 2085 mundetur
3000 2030 3235 2101 desuper
3259 2030 3504 2087 cadavera
3525 2032 3763 2088 hominum.
3783 2051 3797 2086 ι

2298 2118 2449 2176 Fecit
2498 2130 2678 2177 autem
2736 2122 3015 2179 cuniculos
3061 2123 3237 2190 duos,
3286 2134 3341 2181 et
3380 2126 3641 2182 exinanivit
3676 2128 3803 2183 locum

2295 2211 2445 2266 illum
2489 2213 2579 2284 qui
2629 2221 2713 2269 est
2761 2229 2791 2267 a
2843 2202 3032 2270 dextra
3078 2217 3466 2272 introeuntibus
3507 2218 3553 2271 in
3592 2218 3802 2273 basilicam

2296 2303 2440 2360 beati
2488 2304 2630 2361 Petri
2677 2307 2928 2376 apostoli.
2978 2306 3222 2364 Habebat
3266 2310 3405 2365 enim
3448 2310 3622 2366 ibidem
3659 2312 3804 2366 fontem

2300 2414 2422 2467 qutc
2452 2399 2587 2470 (leg.
2633 2398 2764 2473 qui)
2799 2417 2905 2456 non
2938 2402 3262 2459 sufﬁciebat.
3309 2403 3375 2459 Et
3412 2404 3599 2460 carcidit
3631 2415 3805 2460 montem

2301 2491 2563 2549 Damasus
2582 2510 2744 2550 manu
2767 2511 2882 2551 sua.
2908 2496 2973 2552 Et
2997 2498 3234 2554 introivit
3263 2501 3379 2571 plus
3399 2515 3544 2572 quam
3568 2510 3806 2556 consuetum

2298 2593 2401 2640 est.
2436 2584 2504 2640 Et
2532 2589 2836 2644 construxit
2863 2589 3085 2647 fontem.
3117 2591 3187 2647 Et
3218 2594 3581 2649 nuntiaverunt
3603 2592 3647 2647 lti
3670 2606 3806 2647 omnes

2300 2676 2517 2733 Liberio
2557 2679 2813 2752 episcopo
2853 2682 2981 2750 quid
3020 2692 3198 2740 actum
3231 2684 3437 2742 fuisset.
3469 2685 3532 2740 Et
3559 2686 3690 2756 jussit
3718 2701 3809 2740 cou-

2300 2772 2487 2827 vcnire
2528 2788 2721 2830 omnes
2768 2777 3114 2849 presbyteros
3136 2819 3151 2845 ,
3198 2779 3478 2849 clerosquc
3512 2787 3562 2834 et
3597 2781 3808 2833 universos

2305 2863 2324 2935 (
2343 2865 2387 2934 Ῑ.
2418 2881 2484 2920 cx
2515 2868 2817 2935 universis)
2844 2870 3100 2940 gradibus
3134 2873 3223 2928 vel
3256 2872 3460 2929 ﬁdeles.
3499 2871 3559 2927 Et
3583 2887 3688 2928 voce
3707 2870 3810 2926 clara

2301 2955 2469 3012 dixit:
2506 2977 2524 3010 ι
2552 2958 2725 3015 Vocat
2769 2960 2965 3018 Petrus
3001 2978 3131 3020 oves
3166 2978 3317 3020 suas.
3360 2964 3495 3021 Ecce
3528 2964 3664 3021 homo
3699 2963 3810 3018 [idem

596 3041 834 3099 Veniens
880 3047 1059 3096 autem
1105 3038 1222 3095 dies
1266 3038 1645 3105 Pentecosteu,
1695 3040 1826 3095 satis
1875 3049 2201 3111 protestatus
2228 3042 2273 3106 C
2306 3066 2527 3107 servans
2550 3093 2565 3117 ,
2597 3050 2870 3109 Christum
2900 3056 3121 3112 audiens
3151 3069 3207 3112 ει
3238 3074 3327 3114 me
3363 3066 3699 3130 ρρρωιοτεηι,
3729 3053 3815 3110 Ieci;

600 3149 766 3191 sexus
800 3132 1140 3204 promiscuus
1169 3130 1458 3201 urgebatur
1484 3131 1550 3185 ad
1604 3131 1927 3197 baptismum
1980 3142 2200 3204 propter

595 3242 801 3285 metum
830 3226 1241 3297 persecutionis.
1270 3225 1410 3279 Dicit
1429 3233 1608 3280 autem
1634 3223 1715 3295 (5)
1739 3225 2024 3298 Dionysius
2052 3241 2201 3294 pres-

598 3319 1001 3393 byter:Quare
1051 3333 1157 3372 non
1211 3314 1452 3386 lraptizas
1491 3316 1559 3371 ad
1609 3317 1838 3386 priurum
1890 3316 2198 3387 pontificem

598 3426 843 3473 nostrum
887 3415 1102 3470 Petrum
1145 3411 1491 3483 aposmlunt‘l
1532 3411 1831 3483 Respondit
1862 3411 2118 3468 Damasus
2146 3421 2201 3469 et

598 3508 734 3565 dixit
772 3525 786 3562 :
830 3505 969 3570 Fac;
1006 3514 1123 3561 erat
1147 3504 1291 3560 enim
1340 3504 1604 3560 obscurus
1652 3517 1844 3558 sensus
1865 3502 2200 3574 Liberiiepi-

596 3602 748 3672 scopi
772 3600 962 3656 dicens
989 3616 1003 3655 :
1035 3598 1264 3654 Patruus
1293 3595 1397 3670 (lu
1425 3596 1556 3650 actis
1589 3594 1833 3663 Damasi,
1859 3600 2046 3668 pater)
2083 3596 2202 3669 ejus

599 3691 883 3749 fabricavit
901 3689 1187 3749 ecclesiam
1211 3688 1369 3758 hanc,
1394 3696 1451 3745 et
1468 3689 1787 3744 construxit.
1810 3689 2076 3757 Quoniam
2102 3688 2200 3744 lia-

675 3873 843 3950 (l)_lu
872 3871 1082 3950 Damasi
1112 3870 1218 3950 vita
1250 3868 1490 3950 istud‘ila
1516 3870 1835 3940 explicatur,
1864 3877 1924 3950 ut
1947 3870 2205 3950 vaticino-

604 3938 696 4002 ιιιὲ
722 3938 966 4001 Liberius
995 3942 1132 4013 quod
1159 3940 1337 3995 beatus
1371 3938 1626 4013 Damasus
1662 3958 1756 4011 pro
1795 3943 2068 3997 eminentia
2106 3944 2206 3998 Itu-

604 4017 840 4073 militatis
869 4026 915 4071 et
944 4012 1246 4077 viailautiw,
1273 4013 1342 4066 ad
1364 4012 1563 4067 culmen
1587 4013 1725 4066 sedis
1749 4013 2049 4085 apostolica
2073 4025 2205 4070 esset

603 4090 908 4161 quandoque
932 4085 1306 4161 proueltendus.

679 4160 762 4229 (2)
805 4153 943 4213 umc'
968 4159 1043 4229 ita
1078 4154 1387 4229 emendavit
1422 4153 1549 4209 vita:
1592 4155 1803 4229 Damasi
1843 4156 2102 4225 scriptor:
2137 4157 2204 4214 In

606 4225 785 4286 diebus
810 4229 917 4283 illis
940 4225 1573 4298 multitudobarbarorum
1591 4243 1747 4298 super
1767 4225 2063 4283 Danubium
2083 4246 2206 4285 con-

606 4309 826 4373 gregata
844 4309 947 4363 est,
977 4308 1030 4349 ut
1059 4298 1184 4373 lines
1214 4295 1564 4373 Roumnorum
1586 4295 1901 4373 inuaderent.
1932 4298 2083 4364 Quod
2107 4318 2203 4356 au-

609 4364 778 4437 diens,
809 4364 1088 4452 imperator
1116 4364 1449 4452 Constantius
1478 4366 1590 4420 ait:
1626 4365 1801 4452 Videte
1828 4368 1972 4452 hunc
1991 4372 2203 4452 sacrile-

607 4432 773 4514 gum,
791 4432 1075 4514 quiaquod
1104 4453 1384 4507 numquam
1414 4439 1608 4508 factum
1635 4448 1739 4500 est.
1769 4439 1888 4514 fecit
1906 4484 1918 4500 ,
1942 4441 2069 4514 (ideo
2095 4443 2203 4498 haec
2232 4432 2281 4492 D

609 4509 765 4585 plaga
792 4509 1133 4585 utuldtudinis
1159 4524 1312 4571 super
1328 4523 1542 4585 regnum
1566 4518 1814 4564 nostrum.
1841 4509 1906 4585 Et
1932 4512 2070 4581 infra
2095 4515 2204 4569 dies

608 4578 876 4655 paschales
909 4583 1167 4655 profectus
1211 4589 1286 4655 est
1426 4578 1641 4639 bellum,
1684 4578 2002 4655 comminans
2029 4626 2042 4648 ,
2088 4602 2203 4640 cum

610 4649 1035 4723 proﬁcisceretur.
1072 4649 1275 4723 Liberio
1304 4650 1564 4723 episcopo.
1598 4657 1735 4721 quod
1761 4652 1920 4707 vietor
1948 4667 2203 4721 revertens

609 4720 787 4779 carnes
816 4726 924 4793 eius
954 4721 1246 4777 volucribus
1275 4720 1387 4775 coeli
1416 4729 1651 4793 etAterra:
1691 4723 1865 4778 bestiis
1891 4725 2200 4783 immolaret.

706 4796 762 4868 3)
801 4790 855 4849 In
884 4797 993 4848 vita
1023 4794 1237 4868 Damasi
1270 4792 1432 4868 ipsius
1466 4790 1674 4868 Damasi
1709 4793 1822 4848 luuc
1849 4808 1971 4850 sunt
2002 4798 2198 4865 verba;

611 4866 665 4921 in
693 4862 837 4919 hunc
863 4868 1005 4920 enim
1038 4863 1253 4919 modum
1287 4863 1436 4916 locus
1468 4862 1568 4915 iste
1595 4874 1952 4921 restauratur:
1992 4862 2203 4924 Valente

609 4947 780 4991 autem
810 4934 1013 5013 biberio
1041 4935 1095 4989 in
1120 4934 1423 5013 pt'wnscripto
1450 4934 1728 5013 cantiterio
1757 4935 2000 5013 Ostriano
2040 4942 2203 5013 bapti-

609 5023 751 5071 zare,
780 5005 850 5058 ait
881 5006 947 5057 ad
973 5022 1088 5059 eum
1115 5004 1179 5060 Β.
1203 5004 1456 5057 Damasus
1475 5020 1493 5057 :
1510 5004 1684 5071 Quare
1710 5010 2091 5074 opportunitate
2102 5004 2204 5066 ἀο-

608 5088 757 5141 cepta
786 5092 888 5129 non
917 5075 1145 5146 baptisas
1175 5075 1244 5129 ad
1276 5075 1504 5146 primum
1523 5087 1755 5131 nostrum
1785 5084 2070 5146 pontiﬁcem
2107 5082 2205 5137 Pe-

610 5159 748 5202 trum
771 5146 1099 5221 apostolum?
1125 5145 1404 5221 llespundit
1424 5144 1676 5221 Liberius.
1702 5148 1836 5217 Quia
1862 5144 2034 5205 dubito
2062 5153 2203 5221 (nam

609 5231 755 5294 pater
781 5218 894 5289 ejus
923 5217 1188 5294 fabricavit
1218 5217 1352 5270 hanc
1374 5219 1670 5294 ecclesiam,
1696 5231 1744 5294 et
1793 5217 2100 5294 construxit)
2139 5242 2202 5279 ne

608 5287 672 5345 ea:
700 5287 983 5343 hoc‘tratus
1024 5291 1155 5354 {erat
1188 5287 1507 5342 sententiam.
1550 5287 1797 5344 ﬂamines
1831 5295 1965 5347 enim
1998 5287 2203 5351 renasci

608 5360 929 5418 desiderant.
962 5374 1063 5412 non
1091 5358 1240 5410 mori.
1271 5360 1429 5422 Quasi
1458 5373 1586 5412 vero
1614 5359 1656 5412 si
1686 5359 1902 5418 Liberio
1930 5364 1996 5418 ad
2025 5367 2201 5421 eccle-

606 5431 743 5486 siam
777 5430 834 5484 Β.
870 5431 1011 5485 Petri
1041 5428 1300 5483 act-edere
1330 5427 1553 5483 liberum
1595 5430 1810 5497 fuisset,
1854 5434 1969 5489 ltmc
2008 5437 2198 5492 idonea

607 5509 754 5558 esset
784 5502 919 5574 ratio
946 5517 1042 5574 cur
1069 5499 1138 5574 ab
1170 5501 1234 5555 iis
1261 5498 1348 5570 qui
1382 5500 1707 5574 baptismum
1738 5507 2091 5574 expetebant,
2127 5509 2198 5565 ibi

605 5571 944 5643 baptizandis
967 5571 1290 5639 abstineret,
1311 5570 1435 5644 quia
1460 5569 1577 5628 haec
1597 5569 1825 5631 ecclesia
1846 5589 1876 5630 a
1903 5569 2202 5637 Constantii

603 5653 760 5718 patre
785 5649 1091 5702 constructa
1116 5650 1283 5703 esset.

2299 3144 2443 3200 ovile
2471 3146 2651 3200 ovium
2676 3188 2689 3211 ,
2721 3156 2777 3204 et
2803 3148 2951 3204 dedit
2981 3150 3200 3222 eloquio
3233 3168 3357 3208 meo
3391 3150 3689 3208 dulcedinem
3718 3148 3813 3202 mel-

2299 3237 2399 3293 lis:
2435 3247 2656 3309 propter
2684 3241 2826 3312 quod
2858 3258 2958 3313 ego
2986 3244 3220 3314 gaudeo,
3255 3246 3378 3317 quia
3420 3261 3518 3300 non
3555 3243 3724 3299 dimisit
3747 3239 3817 3295 Pe-

2303 3341 2417 3387 trus
2445 3332 2669 3391 introire
2705 3334 2919 3406 lupum,
2954 3347 3008 3392 et
3043 3337 3333 3395 devastare
3371 3354 3497 3394 oves
3529 3337 3645 3407 ejus.
3678 3332 3814 3388 Sciatis

2303 3426 2625 3497 baptismum
2658 3445 2743 3485 nte
2772 3431 3069 3500 praedicare
3099 3432 3152 3487 in
3184 3433 3405 3489 basilica
3432 3432 3566 3489 Petri
3593 3428 3813 3500 apostoli.»

2301 3518 2415 3575 Hoc
2442 3535 2632 3577 omnes
2646 3537 2769 3578 cum
2789 3523 2981 3591 gaudio
2997 3537 3377 3597 susceperunt.
3396 3526 3519 3581 Erat
3540 3524 3663 3581 enim
3683 3519 3817 3592 proxi-

2303 3626 2421 3667 mus
2467 3611 2582 3668 dies
2613 3613 2993 3672 Pentecosten.
3052 3616 3206 3674 Fecit
3262 3619 3545 3675 convenire
3570 3611 3817 3673 monasteria

2301 3712 2357 3759 et
2386 3704 2598 3774 plebem
2629 3716 2871 3764 sanctam
2914 3709 3368 3767 Christianorum.
3414 3711 3481 3767 Et
3514 3725 3622 3765 cum
3657 3708 3817 3761 latens:

2303 3793 2575 3869 (litaniis)
2605 3799 2751 3853 venit
2781 3799 2849 3853 ad
2877 3800 3095 3857 beatum
3130 3802 3353 3859 Petrum
3383 3803 3681 3874 apostolum.
3712 3794 3822 3853 Dedit

2302 3896 2482 3944 autem
2502 3929 2516 3955 ,
2548 3889 2674 3944 dum
2707 3888 3013 3961 introisset,
3048 3894 3186 3950 hanc
3214 3897 3514 3953 orationem
3535 3912 3548 3951 :
3568 3914 3586 3949 ε
3608 3893 3736 3958 Deus,
3761 3886 3821 3957 (ιυί

2304 3980 2498 4038 misisti
2538 3982 2735 4039 Filium
2764 3994 2938 4055 tuum,
2981 3999 3036 4045 et
3081 3991 3368 4049 ostendisti
3407 4000 3652 4049 creatura:
3674 3994 3825 4044 creato-

2378 4161 2457 4234 (4)
2491 4163 2556 4219 Et
2584 4162 2681 4218 iSta
2713 4166 2836 4221 vitae
2878 4167 3094 4226 Damasi
3135 4182 3327 4229 auctor
3368 4173 3447 4229 sic
3486 4169 3711 4228 mutavit:
3740 4162 3825 4220 Nos

2307 4237 2537 4312 turbetur
2558 4246 2655 4312 cor
2682 4246 2829 4312 tuum
2846 4281 2860 4303 ,
2891 4242 3123 4312 pontifex
3150 4260 3380 4312 summe,
3413 4255 3458 4299 et
3483 4245 3525 4298 si
3551 4246 3825 4312 coronauit-

2307 4321 2404 4384 pus
2434 4306 2661 4384 advenit.
2692 4307 2798 4384 Sed
2826 4320 2874 4365 et
2892 4305 2967 4365 de
2992 4305 3127 4381 aqua
3156 4333 3220 4370 ne
3245 4318 3319 4371 sis
3346 4305 3617 4372 sollicitus:
3640 4327 3715 4384 ego
3736 4305 3825 4384 άαέθ

2426 4394 2605 4456 ranam
2630 4382 2793 4456 fontis
2830 4377 3169 4456 emanaritem.
3214 4385 3284 4443 Et
3326 4377 3826 4452 corroboratusvgtttulio

2307 4444 2544 4528 l‘siberius
2571 4444 2646 4528 ad
2665 4454 2870 4507 verbum
2893 4454 3004 4525 ejus
3022 4498 3036 4521 ,
3066 4458 3140 4511 ait
3167 4459 3247 4513 ei:
3277 4459 3426 4514 Vade
3449 4461 3631 4528 itaque,
3655 4444 3827 4528 96W

2312 4519 2504 4603 [autem
2530 4522 2828 4603 afﬂuentem
2849 4519 2949 4603 ,__ut
2976 4519 3312 4603 renascantur
3340 4546 3510 4603 omnes
3528 4519 3627 4594 'qui
3652 4521 3828 4581 Εαιεεὶι

2312 4590 2406 4671 lilii
2437 4606 2545 4645 esse
2565 4590 2921 4671 cupiunt.__Et
2959 4598 3041 4671 die
3076 4603 3223 4655 tertio
3251 4605 3455 4656 veniens
3487 4590 3711 4654 Damasus
3731 4606 3831 4671 pm:

2311 4658 2452 4731 byter
2478 4658 2922 4742 cumdiaconibus
2949 4668 3018 4723 ad
3045 4674 3311 4742 ecclesiam
3339 4675 3402 4729 S.
3431 4672 3597 4735 Petri,
3622 4658 3831 4742 comam:

2310 4743 2424 4811 cato
2466 4736 2721 4811 οςοξεὶιὶο.Δ
2745 4740 2875 4793 dixit
2901 4742 3010 4795 eis:
3054 4740 3188 4796 Date
3231 4744 3361 4798 mihi
3399 4761 3598 4811 operam
3632 4736 3832 4811 minutal"?

2309 4802 2481 4883 hujus.
2527 4803 2812 4883 Providens
2852 4822 3018 4866 autem
3060 4815 3279 4883 expiauit
3322 4802 3491 4870 locum
3525 4816 3658 4869 illum
3688 4810 3757 4883 (1ιὶ
3783 4810 3833 4858 ⁸⁸⁸

2310 4876 2377 4953 ad
2391 4875 2662 4953 dexteram
2686 4881 3054 4953 introeuntibus
3078 4875 3341 4940 basilicam
3361 4886 3425 4939 Β.
3453 4885 3619 4953 Petri,
3634 4881 3833 4953 elisum!!!

2310 4944 2595 5030 indeomni
2620 4952 2937 5030 putredine,
2951 4958 3338 5026 construxitque
3372 4962 3568 5030 fontes,
3605 4944 3653 5011 et

2311 5027 2529 5072 montem
2572 5024 2861 5080 proximum
2900 5025 3153 5081 Damasus
3190 5024 3349 5083 manu
3372 5024 3482 5084 ’δια
3502 5071 3513 5082 .
3536 5071 3550 5085 .
3572 5068 3585 5081 .
3604 5039 3648 5084 et
3666 5024 3836 5081 manu“!

2311 5103 2444 5172 aqua
2456 5089 2801 5172 abundanter,
2827 5106 2882 5151 ut
2902 5097 3117 5172 repleret
3140 5101 3308 5172 fontes
3327 5117 3455 5166 quos
3478 5102 3582 5172 ipse
3600 5106 3837 5171 construi;

2310 5170 2411 5212 rat.
2432 5158 2669 5242 Cavistis
2707 5158 2877 5242 autem
2912 5158 2976 5223 ea:
3014 5170 3110 5224 hoc
3140 5158 3381 5226 'Liberius
3413 5158 3567 5240 jussit
3600 5160 3836 5242 corrng

2308 5231 2624 5313 presbyteros
2660 5247 2709 5291 et
2748 5239 2880 5294 alios
2919 5241 3288 5297 ecclesiasticos
3330 5231 3540 5311 gradus.
3579 5231 3836 5297 Veniens-Ii

2306 5300 2570 5384 basilicam
2593 5319 2924 5384 prwnotatam
2940 5353 2954 5374 ,
2977 5329 3092 5367 cum
3114 5300 3574 5384 appropinquat”
3588 5316 3650 5371 σά
3665 5316 3835 5384 Ml“!

2307 5371 2443 5454 dedit
2480 5378 2758 5457 orationem
2797 5371 3123 5454 hujusmodi:
3148 5371 3303 5439 'D'eus
3340 5371 3743 5457 omnipotensma'
3770 5371 3835 5433 πάλ

2305 5450 2441 5527 sisti,
2462 5453 2593 5512 etc.,
2620 5450 2785 5527 ﬁlium
2811 5450 3037 5527 tu'um,et
3063 5457 3329 5511 ostendisti
3350 5450 3575 5516 omnium
3596 5450 3837 5517 creath

2306 5525 2499 5600 respice
2537 5535 2691 5600 super
2731 5525 2929 5600 vineam
2969 5526 3120 5600 istam
3144 5570 3159 5595 ,
3204 5544 3360 5600 quam
3400 5533 3641 5600 ριαηωνει
3676 5530 3838 5600 dm

2303 5593 2802 5716 Ξέῗᾶὠηζναοιυηι
2827 5598 3073 5668 veritatis,
3095 5592 3183 5671 qui
3207 5592 3335 5656 rivis
3358 5592 3412 5657 ei
3432 5617 3610 5677 regnas
3630 5602 3680 5658 iu
3695 5592 3836 5657 ml“
