  <div class='ocr_page' id='page_1' title='image "/cluster/home/n/w/nwhite01/storage/ocr_20150623/8/hvd.32044096580360/710.png"; bbox 0 0 4106 6184; ppageno 0'>
   <div class='ocr_carea' id='block_1_1' title="bbox 396 261 533 319">
    <p class='ocr_par' dir='ltr' id='par_1_1' title="bbox 396 261 533 319">
     <span class='ocr_line' id='line_1_1' title="bbox 396 261 533 319; baseline 0.015 -3"><span class='ocrx_word' id='word_1_1' title='bbox 396 261 533 319; x_wconf 77' lang='grc'><strong>1595</strong></span> 
     </span>
    </p>
   </div>
   <div class='ocr_carea' id='block_1_2' title="bbox 1351 262 2687 327">
    <p class='ocr_par' dir='ltr' id='par_1_2' title="bbox 1351 262 2687 327">
     <span class='ocr_line' id='line_1_2' title="bbox 1351 262 2687 327; baseline 0.005 -7"><span class='ocrx_word' id='word_1_2' title='bbox 1351 263 1675 322; x_wconf 79' lang='lat' dir='ltr'><strong>CENSURA</strong></span> <span class='ocrx_word' id='word_1_3' title='bbox 1705 262 2063 320; x_wconf 69' lang='lat' dir='ltr'><strong>EPISTOLIE</strong></span> <span class='ocrx_word' id='word_1_4' title='bbox 2101 263 2194 319; x_wconf 89' lang='lat' dir='ltr'><strong>AD</strong></span> <span class='ocrx_word' id='word_1_5' title='bbox 2233 263 2687 327; x_wconf 80' lang='lat' dir='ltr'><strong>OBIENTALES.</strong></span> 
     </span>
    </p>
   </div>
   <div class='ocr_carea' id='block_1_3' title="bbox 3554 273 3694 330">
    <p class='ocr_par' dir='ltr' id='par_1_3' title="bbox 3554 273 3694 330">
     <span class='ocr_line' id='line_1_3' title="bbox 3554 273 3694 330; baseline -0.007 0"><span class='ocrx_word' id='word_1_6' title='bbox 3554 273 3694 330; x_wconf 63' lang='grc'><strong>1591,</strong></span> 
     </span>
    </p>
   </div>
   <div class='ocr_carea' id='block_1_4' title="bbox 389 377 3697 452">
    <p class='ocr_par' dir='ltr' id='par_1_4' title="bbox 389 377 3697 452">
     <span class='ocr_line' id='line_1_4' title="bbox 389 377 3697 452; baseline 0.004 -20"><span class='ocrx_word' id='word_1_7' title='bbox 389 392 539 443; x_wconf 88' lang='lat' dir='ltr'><strong>rem,</strong></span> <span class='ocrx_word' id='word_1_8' title='bbox 572 377 779 446; x_wconf 84' lang='lat' dir='ltr'><strong>respice</strong></span> <span class='ocrx_word' id='word_1_9' title='bbox 811 392 973 448; x_wconf 87' lang='lat' dir='ltr'><strong>super</strong></span> <span class='ocrx_word' id='word_1_10' title='bbox 1005 377 1215 432; x_wconf 87' lang='lat' dir='ltr'><strong>vineam</strong></span> <span class='ocrx_word' id='word_1_11' title='bbox 1251 379 1406 433; x_wconf 90' lang='lat' dir='ltr'><strong>istam</strong></span> <span class='ocrx_word' id='word_1_12' title='bbox 1427 420 1440 442; x_wconf 91' lang='lat'><strong>,</strong></span> <span class='ocrx_word' id='word_1_13' title='bbox 1476 387 1531 433; x_wconf 90' lang='lat' dir='ltr'><strong>et</strong></span> <span class='ocrx_word' id='word_1_14' title='bbox 1570 379 1801 433; x_wconf 86' lang='lat' dir='ltr'><strong>emunita</strong></span> <span class='ocrx_word' id='word_1_15' title='bbox 1834 379 1902 434; x_wconf 88' lang='lat' dir='ltr'><strong>ab</strong></span> <span class='ocrx_word' id='word_1_16' title='bbox 1931 393 1995 433; x_wconf 87' lang='lat' dir='ltr'><strong>ea</strong></span> <span class='ocrx_word' id='word_1_17' title='bbox 2025 380 2071 438; x_wconf 89' lang='lat' dir='ltr'><strong>A</strong></span> <span class='ocrx_word' id='word_1_18' title='bbox 2100 393 2289 434; x_wconf 89' lang='lat' dir='ltr'><strong>omnes</strong></span> <span class='ocrx_word' id='word_1_19' title='bbox 2331 391 2593 450; x_wconf 90' lang='lat' dir='ltr'><strong>paterent.</strong></span> <span class='ocrx_word' id='word_1_20' title='bbox 2624 403 2641 436; x_wconf 72' lang='grc' dir='ltr'><strong><em>ι</em></strong></span> <span class='ocrx_word' id='word_1_21' title='bbox 2679 382 2812 452; x_wconf 84' lang='lat' dir='ltr'><strong>Quis</strong></span> <span class='ocrx_word' id='word_1_22' title='bbox 2836 387 2981 443; x_wconf 88' lang='lat' dir='ltr'><strong>enim</strong></span> <span class='ocrx_word' id='word_1_23' title='bbox 3011 385 3135 443; x_wconf 84' lang='lat' dir='ltr'><strong>huic</strong></span> <span class='ocrx_word' id='word_1_24' title='bbox 3181 388 3464 443; x_wconf 73' lang='lat' dir='ltr'><strong>calumnia:</strong></span> <span class='ocrx_word' id='word_1_25' title='bbox 3506 388 3697 446; x_wconf 90' lang='lat' dir='ltr'><strong>fuisset</strong></span> 
     </span>
    </p>
   </div>
   <div class='ocr_carea' id='block_1_5' title="bbox 389 468 1996 540">
    <p class='ocr_par' dir='ltr' id='par_1_5' title="bbox 389 468 1996 540">
     <span class='ocr_line' id='line_1_5' title="bbox 389 468 1996 540; baseline 0.001 -19"><span class='ocrx_word' id='word_1_26' title='bbox 389 468 576 537; x_wconf 85' lang='lat' dir='ltr'><strong>spinas</strong></span> <span class='ocrx_word' id='word_1_27' title='bbox 604 477 660 524; x_wconf 91' lang='lat' dir='ltr'><strong>et</strong></span> <span class='ocrx_word' id='word_1_28' title='bbox 689 469 948 535; x_wconf 84' lang='lat' dir='ltr'><strong>tribulos,</strong></span> <span class='ocrx_word' id='word_1_29' title='bbox 982 481 1034 524; x_wconf 89' lang='lat' dir='ltr'><strong>et</strong></span> <span class='ocrx_word' id='word_1_30' title='bbox 1065 471 1267 539; x_wconf 87' lang='lat' dir='ltr'><strong>proiliic</strong></span> <span class='ocrx_word' id='word_1_31' title='bbox 1300 472 1548 540; x_wconf 74' lang='lat' dir='ltr'><strong>palmites</strong></span> <span class='ocrx_word' id='word_1_32' title='bbox 1590 471 1706 540; x_wconf 89' lang='lat' dir='ltr'><strong>ejus</strong></span> <span class='ocrx_word' id='word_1_33' title='bbox 1751 471 1802 524; x_wconf 89' lang='lat' dir='ltr'><strong>iii</strong></span> <span class='ocrx_word' id='word_1_34' title='bbox 1844 470 1996 524; x_wconf 86' lang='lat' dir='ltr'><strong>forti-</strong></span> 
     </span>
    </p>
   </div>
   <div class='ocr_carea' id='block_1_6' title="bbox 393 563 1997 634">
    <p class='ocr_par' dir='ltr' id='par_1_6' title="bbox 393 563 1997 634">
     <span class='ocr_line' id='line_1_6' title="bbox 393 563 1997 634; baseline -0.001 -16"><span class='ocrx_word' id='word_1_35' title='bbox 393 563 666 630; x_wconf 91' lang='lat' dir='ltr'><strong>tudinem,</strong></span> <span class='ocrx_word' id='word_1_36' title='bbox 703 576 757 618; x_wconf 93' lang='lat' dir='ltr'><strong>et</strong></span> <span class='ocrx_word' id='word_1_37' title='bbox 786 564 926 618; x_wconf 84' lang='lat' dir='ltr'><strong>dena</strong></span> <span class='ocrx_word' id='word_1_38' title='bbox 956 565 1036 618; x_wconf 90' lang='lat' dir='ltr'><strong>eis</strong></span> <span class='ocrx_word' id='word_1_39' title='bbox 1068 565 1298 618; x_wconf 87' lang='lat' dir='ltr'><strong>fructum</strong></span> <span class='ocrx_word' id='word_1_40' title='bbox 1332 564 1578 618; x_wconf 87' lang='lat' dir='ltr'><strong>veritatis</strong></span> <span class='ocrx_word' id='word_1_41' title='bbox 1607 579 1701 634; x_wconf 88' lang='lat' dir='ltr'><strong>per</strong></span> <span class='ocrx_word' id='word_1_42' title='bbox 1734 563 1900 618; x_wconf 88' lang='lat' dir='ltr'><strong>Deum</strong></span> <span class='ocrx_word' id='word_1_43' title='bbox 1943 570 1997 617; x_wconf 88' lang='lat' dir='ltr'><strong>et</strong></span> 
     </span>
    </p>
   </div>
   <div class='ocr_carea' id='block_1_7' title="bbox 393 654 1996 727">
    <p class='ocr_par' dir='ltr' id='par_1_7' title="bbox 393 654 1996 727">
     <span class='ocr_line' id='line_1_7' title="bbox 393 654 1996 727; baseline 0 -17"><span class='ocrx_word' id='word_1_44' title='bbox 393 655 679 710; x_wconf 90' lang='lat' dir='ltr'><strong>Dominum</strong></span> <span class='ocrx_word' id='word_1_45' title='bbox 709 664 952 710; x_wconf 88' lang='lat' dir='ltr'><strong>nostrum</strong></span> <span class='ocrx_word' id='word_1_46' title='bbox 978 655 1161 710; x_wconf 82' lang='lat' dir='ltr'><strong>Jesuin</strong></span> <span class='ocrx_word' id='word_1_47' title='bbox 1187 654 1461 711; x_wconf 77' lang='lat' dir='ltr'><strong>Christum</strong></span> <span class='ocrx_word' id='word_1_48' title='bbox 1484 665 1538 711; x_wconf 91' lang='lat' dir='ltr'><strong>et</strong></span> <span class='ocrx_word' id='word_1_49' title='bbox 1561 656 1817 727; x_wconf 82' lang='lat' dir='ltr'><strong>Spiritum</strong></span> <span class='ocrx_word' id='word_1_50' title='bbox 1841 671 1996 710; x_wconf 90' lang='lat' dir='ltr'><strong>sanc-</strong></span> 
     </span>
    </p>
   </div>
   <div class='ocr_carea' id='block_1_8' title="bbox 393 749 1995 818">
    <p class='ocr_par' dir='ltr' id='par_1_8' title="bbox 393 749 1995 818">
     <span class='ocr_line' id='line_1_8' title="bbox 393 749 1995 818; baseline 0.002 -17"><span class='ocrx_word' id='word_1_51' title='bbox 393 758 502 802; x_wconf 91' lang='lat' dir='ltr'><strong>tiim</strong></span> <span class='ocrx_word' id='word_1_52' title='bbox 525 789 538 812; x_wconf 91' lang='lat'><strong>,</strong></span> <span class='ocrx_word' id='word_1_53' title='bbox 571 749 663 818; x_wconf 93' lang='lat' dir='ltr'><strong>qui</strong></span> <span class='ocrx_word' id='word_1_54' title='bbox 694 749 820 803; x_wconf 80' lang='lat' dir='ltr'><strong>vivit</strong></span> <span class='ocrx_word' id='word_1_55' title='bbox 851 763 972 804; x_wconf 90' lang='lat' dir='ltr'><strong>cuin</strong></span> <span class='ocrx_word' id='word_1_56' title='bbox 1006 750 1114 804; x_wconf 91' lang='lat' dir='ltr'><strong>Deo</strong></span> <span class='ocrx_word' id='word_1_57' title='bbox 1144 749 1300 804; x_wconf 80' lang='lat' dir='ltr'><strong>Patre</strong></span> <span class='ocrx_word' id='word_1_58' title='bbox 1326 750 1694 818; x_wconf 82' lang='lat' dir='ltr'><strong>omnipotente</strong></span> <span class='ocrx_word' id='word_1_59' title='bbox 1723 765 1751 804; x_wconf 92' lang='lat' dir='ltr'><strong>a</strong></span> <span class='ocrx_word' id='word_1_60' title='bbox 1781 751 1995 805; x_wconf 71' lang='lat' dir='ltr'><strong>saeculis</strong></span> 
     </span>
    </p>
   </div>
   <div class='ocr_carea' id='block_1_9' title="bbox 393 843 1998 913">
    <p class='ocr_par' dir='ltr' id='par_1_9' title="bbox 393 843 1998 913">
     <span class='ocr_line' id='line_1_9' title="bbox 393 843 1998 913; baseline 0.001 -17"><span class='ocrx_word' id='word_1_61' title='bbox 393 848 448 896; x_wconf 88' lang='lat' dir='ltr'><strong>et</strong></span> <span class='ocrx_word' id='word_1_62' title='bbox 474 856 620 895; x_wconf 92' lang='lat' dir='ltr'><strong>nunc</strong></span> <span class='ocrx_word' id='word_1_63' title='bbox 650 851 704 896; x_wconf 92' lang='lat' dir='ltr'><strong>et</strong></span> <span class='ocrx_word' id='word_1_64' title='bbox 733 857 902 913; x_wconf 86' lang='lat' dir='ltr'><strong>usque</strong></span> <span class='ocrx_word' id='word_1_65' title='bbox 930 843 981 896; x_wconf 90' lang='lat' dir='ltr'><strong>iii</strong></span> <span class='ocrx_word' id='word_1_66' title='bbox 1011 843 1206 897; x_wconf 69' lang='lat' dir='ltr'><strong>saecula</strong></span> <span class='ocrx_word' id='word_1_67' title='bbox 1236 843 1578 897; x_wconf 74' lang='lat' dir='ltr'><strong>szrciiliiritiii.</strong></span> <span class='ocrx_word' id='word_1_68' title='bbox 1597 843 1690 897; x_wconf 75' lang='lat' dir='ltr'><strong>iEt</strong></span> <span class='ocrx_word' id='word_1_69' title='bbox 1717 843 1998 913; x_wconf 84' lang='lat' dir='ltr'><strong>reSpondit</strong></span> 
     </span>
    </p>
   </div>
   <div class='ocr_carea' id='block_1_10' title="bbox 393 933 1997 1003">
    <p class='ocr_par' dir='ltr' id='par_1_10' title="bbox 393 933 1997 1003">
     <span class='ocr_line' id='line_1_10' title="bbox 393 933 1997 1003; baseline 0.001 -16"><span class='ocrx_word' id='word_1_70' title='bbox 393 933 642 988; x_wconf 89' lang='lat' dir='ltr'><strong>universa</strong></span> <span class='ocrx_word' id='word_1_71' title='bbox 668 934 852 1003; x_wconf 89' lang='lat' dir='ltr'><strong>plebs:</strong></span> <span class='ocrx_word' id='word_1_72' title='bbox 883 952 902 986; x_wconf 89' lang='grc'><em>‹</em></span> <span class='ocrx_word' id='word_1_73' title='bbox 924 933 1152 988; x_wconf 63' lang='lat' dir='ltr'><strong>Amen.»</strong></span> <span class='ocrx_word' id='word_1_74' title='bbox 1176 935 1241 988; x_wconf 83' lang='lat' dir='ltr'><strong>Et</strong></span> <span class='ocrx_word' id='word_1_75' title='bbox 1271 935 1594 989; x_wconf 88' lang='lat' dir='ltr'><strong>introierunt</strong></span> <span class='ocrx_word' id='word_1_76' title='bbox 1615 935 1836 989; x_wconf 86' lang='lat' dir='ltr'><strong>sabbato</strong></span> <span class='ocrx_word' id='word_1_77' title='bbox 1861 935 1997 989; x_wconf 78' lang='lat' dir='ltr'><strong>l’en-</strong></span> 
     </span>
    </p>
   </div>
   <div class='ocr_carea' id='block_1_11' title="bbox 395 1027 1998 1098">
    <p class='ocr_par' dir='ltr' id='par_1_11' title="bbox 395 1027 1998 1098">
     <span class='ocr_line' id='line_1_11' title="bbox 395 1027 1998 1098; baseline 0.002 -18"><span class='ocrx_word' id='word_1_78' title='bbox 395 1034 668 1094; x_wconf 88' lang='lat' dir='ltr'><strong>tecosteo,</strong></span> <span class='ocrx_word' id='word_1_79' title='bbox 701 1037 756 1082; x_wconf 91' lang='lat' dir='ltr'><strong>et</strong></span> <span class='ocrx_word' id='word_1_80' title='bbox 785 1028 986 1098; x_wconf 82' lang='lat' dir='ltr'><strong>placuit</strong></span> <span class='ocrx_word' id='word_1_81' title='bbox 1013 1027 1229 1084; x_wconf 70' lang='lat' dir='ltr'><strong>Liberio</strong></span> <span class='ocrx_word' id='word_1_82' title='bbox 1258 1027 1396 1086; x_wconf 88' lang='lat' dir='ltr'><strong>fons.</strong></span> <span class='ocrx_word' id='word_1_83' title='bbox 1424 1038 1477 1083; x_wconf 91' lang='lat' dir='ltr'><strong>et</strong></span> <span class='ocrx_word' id='word_1_84' title='bbox 1516 1029 1711 1098; x_wconf 87' lang='lat' dir='ltr'><strong>gaudio</strong></span> <span class='ocrx_word' id='word_1_85' title='bbox 1755 1029 1998 1098; x_wconf 78' lang='lat' dir='ltr'><strong>plorabat</strong></span> 
     </span>
    </p>
   </div>
   <div class='ocr_carea' id='block_1_12' title="bbox 394 1121 1992 1187">
    <p class='ocr_par' dir='ltr' id='par_1_12' title="bbox 394 1121 1992 1187">
     <span class='ocr_line' id='line_1_12' title="bbox 394 1121 1992 1187; baseline 0 -12"><span class='ocrx_word' id='word_1_86' title='bbox 394 1121 613 1175; x_wconf 87' lang='lat' dir='ltr'><strong>omnino</strong></span> <span class='ocrx_word' id='word_1_87' title='bbox 647 1136 752 1175; x_wconf 92' lang='lat' dir='ltr'><strong>non</strong></span> <span class='ocrx_word' id='word_1_88' title='bbox 792 1137 1006 1187; x_wconf 89' lang='lat' dir='ltr'><strong>amare,</strong></span> <span class='ocrx_word' id='word_1_89' title='bbox 1049 1122 1141 1176; x_wconf 72' lang='lat' dir='ltr'><strong>sed</strong></span> <span class='ocrx_word' id='word_1_90' title='bbox 1186 1123 1360 1176; x_wconf 84' lang='lat' dir='ltr'><strong>favum</strong></span> <span class='ocrx_word' id='word_1_91' title='bbox 1400 1123 1650 1177; x_wconf 86' lang='lat' dir='ltr'><strong>omnibus</strong></span> <span class='ocrx_word' id='word_1_92' title='bbox 1691 1122 1992 1177; x_wconf 72' lang='lat' dir='ltr'><strong>videbatur.</strong></span> 
     </span>
    </p>
   </div>
   <div class='ocr_carea' id='block_1_13' title="bbox 392 1213 1994 1288">
    <p class='ocr_par' dir='ltr' id='par_1_13' title="bbox 392 1213 1994 1288">
     <span class='ocr_line' id='line_1_13' title="bbox 392 1213 1994 1288; baseline 0.001 -20"><span class='ocrx_word' id='word_1_93' title='bbox 392 1213 477 1268; x_wconf 90' lang='lat' dir='ltr'><strong>Ab</strong></span> <span class='ocrx_word' id='word_1_94' title='bbox 502 1214 632 1266; x_wconf 91' lang='lat' dir='ltr'><strong>liora</strong></span> <span class='ocrx_word' id='word_1_95' title='bbox 654 1228 796 1266; x_wconf 90' lang='lat' dir='ltr'><strong>nona</strong></span> <span class='ocrx_word' id='word_1_96' title='bbox 816 1213 1166 1269; x_wconf 86' lang='lat' dir='ltr'><strong>catechizavit</strong></span> <span class='ocrx_word' id='word_1_97' title='bbox 1183 1229 1393 1280; x_wconf 88' lang='lat' dir='ltr'><strong>omnes,</strong></span> <span class='ocrx_word' id='word_1_98' title='bbox 1419 1227 1470 1269; x_wconf 90' lang='lat' dir='ltr'><strong>et</strong></span> <span class='ocrx_word' id='word_1_99' title='bbox 1493 1217 1559 1270; x_wconf 88' lang='lat' dir='ltr'><strong>ab</strong></span> <span class='ocrx_word' id='word_1_100' title='bbox 1579 1215 1710 1269; x_wconf 91' lang='lat' dir='ltr'><strong>hora</strong></span> <span class='ocrx_word' id='word_1_101' title='bbox 1732 1215 1882 1285; x_wconf 85' lang='lat' dir='ltr'><strong>quasi</strong></span> <span class='ocrx_word' id='word_1_102' title='bbox 1915 1214 1994 1288; x_wconf 86' lang='lat' dir='ltr'>(l)</span> 
     </span>
    </p>
   </div>
   <div class='ocr_carea' id='block_1_14' title="bbox 387 1305 1996 1378">
    <p class='ocr_par' dir='ltr' id='par_1_14' title="bbox 387 1305 1996 1378">
     <span class='ocr_line' id='line_1_14' title="bbox 387 1305 1996 1378; baseline 0.002 -20"><span class='ocrx_word' id='word_1_103' title='bbox 387 1305 498 1374; x_wconf 89' lang='lat' dir='ltr'><strong>jain</strong></span> <span class='ocrx_word' id='word_1_104' title='bbox 554 1305 621 1359; x_wconf 90' lang='lat' dir='ltr'><strong>ad</strong></span> <span class='ocrx_word' id='word_1_105' title='bbox 674 1321 926 1361; x_wconf 84' lang='lat' dir='ltr'><strong>occasum</strong></span> <span class='ocrx_word' id='word_1_106' title='bbox 987 1322 1155 1378; x_wconf 89' lang='lat' dir='ltr'><strong>usque</strong></span> <span class='ocrx_word' id='word_1_107' title='bbox 1211 1309 1261 1362; x_wconf 92' lang='lat' dir='ltr'><strong>in</strong></span> <span class='ocrx_word' id='word_1_108' title='bbox 1305 1308 1576 1363; x_wconf 88' lang='lat' dir='ltr'><strong>Doniiuiea</strong></span> <span class='ocrx_word' id='word_1_109' title='bbox 1638 1309 1996 1364; x_wconf 86' lang='lat' dir='ltr'><strong>Pentecosten</strong></span> 
     </span>
    </p>
   </div>
   <div class='ocr_carea' id='block_1_15' title="bbox 397 1399 1998 1472">
    <p class='ocr_par' dir='ltr' id='par_1_15' title="bbox 397 1399 1998 1472">
     <span class='ocr_line' id='line_1_15' title="bbox 397 1399 1998 1472; baseline 0.001 -20"><span class='ocrx_word' id='word_1_110' title='bbox 397 1413 503 1452; x_wconf 89' lang='lat' dir='ltr'><strong>non</strong></span> <span class='ocrx_word' id='word_1_111' title='bbox 549 1401 783 1453; x_wconf 81' lang='lat' dir='ltr'><strong>cessavit</strong></span> <span class='ocrx_word' id='word_1_112' title='bbox 828 1399 1122 1468; x_wconf 85' lang='lat' dir='ltr'><strong>baptizare.</strong></span> <span class='ocrx_word' id='word_1_113' title='bbox 1170 1399 1320 1454; x_wconf 81' lang='lat' dir='ltr'><strong>Multi</strong></span> <span class='ocrx_word' id='word_1_114' title='bbox 1364 1401 1506 1454; x_wconf 90' lang='lat' dir='ltr'><strong>enim</strong></span> <span class='ocrx_word' id='word_1_115' title='bbox 1553 1400 1875 1470; x_wconf 76' lang='lat' dir='ltr'><strong>urgebantur</strong></span> <span class='ocrx_word' id='word_1_116' title='bbox 1915 1399 1998 1472; x_wconf 74' lang='lat'>(2)</span> 
     </span>
    </p>
   </div>
   <div class='ocr_carea' id='block_1_16' title="bbox 396 1489 1998 1561">
    <p class='ocr_par' dir='ltr' id='par_1_16' title="bbox 396 1489 1998 1561">
     <span class='ocr_line' id='line_1_16' title="bbox 396 1489 1998 1561; baseline 0 -17"><span class='ocrx_word' id='word_1_117' title='bbox 396 1489 709 1561; x_wconf 85' lang='lat' dir='ltr'><strong>baptizare:</strong></span> <span class='ocrx_word' id='word_1_118' title='bbox 761 1491 832 1544; x_wconf 91' lang='lat' dir='ltr'><strong>ita</strong></span> <span class='ocrx_word' id='word_1_119' title='bbox 881 1499 938 1544; x_wconf 91' lang='lat' dir='ltr'><strong>ut</strong></span> <span class='ocrx_word' id='word_1_120' title='bbox 993 1490 1327 1545; x_wconf 90' lang='lat' dir='ltr'><strong>Dominicum</strong></span> <span class='ocrx_word' id='word_1_121' title='bbox 1379 1491 1734 1546; x_wconf 87' lang='lat' dir='ltr'><strong>Pcntecosten</strong></span> <span class='ocrx_word' id='word_1_122' title='bbox 1789 1491 1998 1545; x_wconf 88' lang='lat' dir='ltr'><strong>sabbati</strong></span> 
     </span>
    </p>
   </div>
   <div class='ocr_carea' id='block_1_17' title="bbox 394 1581 2000 1653">
    <p class='ocr_par' dir='ltr' id='par_1_17' title="bbox 394 1581 2000 1653">
     <span class='ocr_line' id='line_1_17' title="bbox 394 1581 2000 1653; baseline 0.001 -17"><span class='ocrx_word' id='word_1_123' title='bbox 394 1582 588 1637; x_wconf 81' lang='lat' dir='ltr'><strong>Missas</strong></span> <span class='ocrx_word' id='word_1_124' title='bbox 618 1583 1021 1638; x_wconf 87' lang='lat' dir='ltr'><strong>celebrarentur</strong></span> <span class='ocrx_word' id='word_1_125' title='bbox 1049 1582 1181 1637; x_wconf 89' lang='lat' dir='ltr'><strong>hora</strong></span> <span class='ocrx_word' id='word_1_126' title='bbox 1211 1583 1361 1653; x_wconf 80' lang='lat' dir='ltr'><strong>quasi</strong></span> <span class='ocrx_word' id='word_1_127' title='bbox 1391 1593 1600 1637; x_wconf 90' lang='lat' dir='ltr'><strong>octava.</strong></span> <span class='ocrx_word' id='word_1_128' title='bbox 1645 1583 1710 1636; x_wconf 87' lang='lat' dir='ltr'><strong>Et</strong></span> <span class='ocrx_word' id='word_1_129' title='bbox 1739 1581 2000 1652; x_wconf 88' lang='lat' dir='ltr'><strong>baptizati</strong></span> 
     </span>
    </p>
   </div>
   <div class='ocr_carea' id='block_1_18' title="bbox 399 1659 1996 1747">
    <p class='ocr_par' dir='ltr' id='par_1_18' title="bbox 399 1659 1996 1747">
     <span class='ocr_line' id='line_1_18' title="bbox 399 1659 1996 1747; baseline 0.002 -18"><span class='ocrx_word' id='word_1_130' title='bbox 399 1659 526 1729; x_wconf 77' lang='lat' dir='ltr'><strong>sniit</strong></span> <span class='ocrx_word' id='word_1_131' title='bbox 555 1676 846 1743; x_wconf 84' lang='lat' dir='ltr'><strong>promiscui</strong></span> <span class='ocrx_word' id='word_1_132' title='bbox 877 1691 1038 1730; x_wconf 74' lang='lat' dir='ltr'><strong>sevus</strong></span> <span class='ocrx_word' id='word_1_133' title='bbox 1071 1676 1181 1729; x_wconf 87' lang='lat' dir='ltr'><strong>fere</strong></span> <span class='ocrx_word' id='word_1_134' title='bbox 1209 1685 1332 1731; x_wconf 88' lang='lat' dir='ltr'><strong>octo</strong></span> <span class='ocrx_word' id='word_1_135' title='bbox 1359 1676 1525 1730; x_wconf 88' lang='lat' dir='ltr'><strong>millia</strong></span> <span class='ocrx_word' id='word_1_136' title='bbox 1565 1676 1859 1747; x_wconf 88' lang='lat' dir='ltr'><strong>oetingenli</strong></span> <span class='ocrx_word' id='word_1_137' title='bbox 1898 1677 1996 1732; x_wconf 87' lang='lat' dir='ltr'><strong>de-</strong></span> 
     </span>
    </p>
   </div>
   <div class='ocr_carea' id='block_1_19' title="bbox 2099 470 3694 550">
    <p class='ocr_par' dir='ltr' id='par_1_19' title="bbox 2099 470 3694 550">
     <span class='ocr_line' id='line_1_19' title="bbox 2099 470 3694 550; baseline 0.008 -27"><span class='ocrx_word' id='word_1_138' title='bbox 2099 470 2265 537; x_wconf 87' lang='lat' dir='ltr'><strong>lociis,</strong></span> <span class='ocrx_word' id='word_1_139' title='bbox 2291 471 2335 528; x_wconf 92' lang='lat' dir='ltr'><strong>si</strong></span> <span class='ocrx_word' id='word_1_140' title='bbox 2361 472 2411 526; x_wconf 91' lang='lat' dir='ltr'><strong>id</strong></span> <span class='ocrx_word' id='word_1_141' title='bbox 2440 475 2637 544; x_wconf 80' lang='lat' dir='ltr'><strong>egisset</strong></span> <span class='ocrx_word' id='word_1_142' title='bbox 2672 493 2729 531; x_wconf 91' lang='lat' dir='ltr'><strong>re</strong></span> <span class='ocrx_word' id='word_1_143' title='bbox 2757 493 2902 544; x_wconf 80' lang='lat' dir='ltr'><strong>vera,</strong></span> <span class='ocrx_word' id='word_1_144' title='bbox 2929 479 3069 548; x_wconf 89' lang='lat' dir='ltr'><strong>quod</strong></span> <span class='ocrx_word' id='word_1_145' title='bbox 3102 483 3201 534; x_wconf 91' lang='lat' dir='ltr'><strong>hac</strong></span> <span class='ocrx_word' id='word_1_146' title='bbox 3235 481 3461 550; x_wconf 79' lang='lat' dir='ltr'><strong>epistola</strong></span> <span class='ocrx_word' id='word_1_147' title='bbox 3501 482 3694 537; x_wconf 75' lang='lat' dir='ltr'><strong>fecisse</strong></span> 
     </span>
    </p>
   </div>
   <div class='ocr_carea' id='block_1_20' title="bbox 2099 563 3695 640">
    <p class='ocr_par' dir='ltr' id='par_1_20' title="bbox 2099 563 3695 640">
     <span class='ocr_line' id='line_1_20' title="bbox 2099 563 3695 640; baseline 0.008 -25"><span class='ocrx_word' id='word_1_148' title='bbox 2099 574 2365 616; x_wconf 87' lang='lat' dir='ltr'><strong>narratur.</strong></span> <span class='ocrx_word' id='word_1_149' title='bbox 2397 563 2537 620; x_wconf 88' lang='lat' dir='ltr'><strong>Sane</strong></span> <span class='ocrx_word' id='word_1_150' title='bbox 2571 566 2725 636; x_wconf 86' lang='lat' dir='ltr'><strong>hujus</strong></span> <span class='ocrx_word' id='word_1_151' title='bbox 2748 569 3189 637; x_wconf 67' lang='lat' dir='ltr'><strong>expostulationis</strong></span> <span class='ocrx_word' id='word_1_152' title='bbox 3239 571 3576 640; x_wconf 84' lang='lat' dir='ltr'><strong>iniquitatem</strong></span> <span class='ocrx_word' id='word_1_153' title='bbox 3599 572 3695 627; x_wconf 90' lang='lat' dir='ltr'><strong>de-</strong></span> 
     </span>
    </p>
   </div>
   <div class='ocr_carea' id='block_1_21' title="bbox 2098 658 3697 731">
    <p class='ocr_par' dir='ltr' id='par_1_21' title="bbox 2098 658 3697 731">
     <span class='ocr_line' id='line_1_21' title="bbox 2098 658 3697 731; baseline 0.005 -21"><span class='ocrx_word' id='word_1_154' title='bbox 2098 666 2399 712; x_wconf 84' lang='lat' dir='ltr'><strong>monstrare</strong></span> <span class='ocrx_word' id='word_1_155' title='bbox 2418 658 2469 712; x_wconf 92' lang='lat' dir='ltr'><strong>in</strong></span> <span class='ocrx_word' id='word_1_156' title='bbox 2491 669 2736 730; x_wconf 87' lang='lat' dir='ltr'><strong>promptu</strong></span> <span class='ocrx_word' id='word_1_157' title='bbox 2757 661 2938 717; x_wconf 77' lang='lat' dir='ltr'><strong>fuisset</strong></span> <span class='ocrx_word' id='word_1_158' title='bbox 2956 663 3172 719; x_wconf 90' lang='lat' dir='ltr'><strong>Liberio</strong></span> <span class='ocrx_word' id='word_1_159' title='bbox 3189 706 3204 731; x_wconf 92' lang='lat'><strong>,</strong></span> <span class='ocrx_word' id='word_1_160' title='bbox 3223 669 3266 719; x_wconf 89' lang='lat' dir='ltr'><strong>sl</strong></span> <span class='ocrx_word' id='word_1_161' title='bbox 3289 665 3484 719; x_wconf 87' lang='lat' dir='ltr'><strong>litteris</strong></span> <span class='ocrx_word' id='word_1_162' title='bbox 3505 663 3697 719; x_wconf 90' lang='lat' dir='ltr'><strong>Orien-</strong></span> 
     </span>
    </p>
   </div>
   <div class='ocr_carea' id='block_1_22' title="bbox 2099 749 3694 821">
    <p class='ocr_par' dir='ltr' id='par_1_22' title="bbox 2099 749 3694 821">
     <span class='ocr_line' id='line_1_22' title="bbox 2099 749 3694 821; baseline 0.006 -21"><span class='ocrx_word' id='word_1_163' title='bbox 2099 749 2281 803; x_wconf 87' lang='lat' dir='ltr'><strong>talium</strong></span> <span class='ocrx_word' id='word_1_164' title='bbox 2313 761 2605 820; x_wconf 90' lang='lat' dir='ltr'><strong>permotns,</strong></span> <span class='ocrx_word' id='word_1_165' title='bbox 2626 752 2850 809; x_wconf 81' lang='lat' dir='ltr'><strong>Romam</strong></span> <span class='ocrx_word' id='word_1_166' title='bbox 2874 766 3120 811; x_wconf 90' lang='lat' dir='ltr'><strong>vocasset</strong></span> <span class='ocrx_word' id='word_1_167' title='bbox 3140 756 3512 821; x_wconf 81' lang='lat' dir='ltr'><strong>Athanasium,</strong></span> <span class='ocrx_word' id='word_1_168' title='bbox 3540 771 3694 812; x_wconf 90' lang='lat' dir='ltr'><strong>enm-</strong></span> 
     </span>
    </p>
   </div>
   <div class='ocr_carea' id='block_1_23' title="bbox 2098 846 3691 919">
    <p class='ocr_par' dir='ltr' id='par_1_23' title="bbox 2098 846 3691 919">
     <span class='ocr_line' id='line_1_23' title="bbox 2098 846 3691 919; baseline 0.008 -29"><span class='ocrx_word' id='word_1_169' title='bbox 2098 856 2202 910; x_wconf 86' lang='lat' dir='ltr'><strong>que</strong></span> <span class='ocrx_word' id='word_1_170' title='bbox 2230 857 2349 896; x_wconf 81' lang='lat' dir='ltr'><strong>mox</strong></span> <span class='ocrx_word' id='word_1_171' title='bbox 2378 858 2407 896; x_wconf 91' lang='lat' dir='ltr'><strong>a</strong></span> <span class='ocrx_word' id='word_1_172' title='bbox 2433 846 2812 901; x_wconf 83' lang='lat' dir='ltr'><strong>communione</strong></span> <span class='ocrx_word' id='word_1_173' title='bbox 2839 863 2932 902; x_wconf 93' lang='lat' dir='ltr'><strong>sua</strong></span> <span class='ocrx_word' id='word_1_174' title='bbox 2981 859 3336 919; x_wconf 78' lang='lat' dir='ltr'><strong>segregasset.</strong></span> <span class='ocrx_word' id='word_1_175' title='bbox 3382 847 3513 903; x_wconf 89' lang='lat' dir='ltr'><strong>Inde</strong></span> <span class='ocrx_word' id='word_1_176' title='bbox 3542 849 3691 904; x_wconf 92' lang='lat' dir='ltr'><strong>enim</strong></span> 
     </span>
    </p>
   </div>
   <div class='ocr_carea' id='block_1_24' title="bbox 2099 938 3696 1010">
    <p class='ocr_par' dir='ltr' id='par_1_24' title="bbox 2099 938 3696 1010">
     <span class='ocr_line' id='line_1_24' title="bbox 2099 938 3696 1010; baseline 0.004 -25"><span class='ocrx_word' id='word_1_177' title='bbox 2099 943 2452 1001; x_wconf 86' lang='lat' dir='ltr'><strong>sequeretur,</strong></span> <span class='ocrx_word' id='word_1_178' title='bbox 2506 945 2560 989; x_wconf 92' lang='lat' dir='ltr'><strong>tit</strong></span> <span class='ocrx_word' id='word_1_179' title='bbox 2615 952 2714 991; x_wconf 90' lang='lat' dir='ltr'><strong>nec</strong></span> <span class='ocrx_word' id='word_1_180' title='bbox 2755 939 3181 1008; x_wconf 60' lang='lat' dir='ltr'><strong>suppressisset,</strong></span> <span class='ocrx_word' id='word_1_181' title='bbox 3243 954 3341 994; x_wconf 92' lang='lat' dir='ltr'><strong>nec</strong></span> <span class='ocrx_word' id='word_1_182' title='bbox 3395 938 3696 1010; x_wconf 84' lang='lat' dir='ltr'><strong>sprevisset</strong></span> 
     </span>
    </p>
   </div>
   <div class='ocr_carea' id='block_1_25' title="bbox 2099 1026 3695 1090">
    <p class='ocr_par' dir='ltr' id='par_1_25' title="bbox 2099 1026 3695 1090">
     <span class='ocr_line' id='line_1_25' title="bbox 2099 1026 3695 1090; baseline 0.004 -10"><span class='ocrx_word' id='word_1_183' title='bbox 2099 1040 2286 1080; x_wconf 90' lang='lat' dir='ltr'><strong>eorum</strong></span> <span class='ocrx_word' id='word_1_184' title='bbox 2331 1026 2558 1090; x_wconf 88' lang='lat' dir='ltr'><strong>litteras.</strong></span> <span class='ocrx_word' id='word_1_185' title='bbox 2600 1029 2693 1084; x_wconf 90' lang='lat' dir='ltr'><strong>sed</strong></span> <span class='ocrx_word' id='word_1_186' title='bbox 2738 1035 3024 1086; x_wconf 80' lang='lat' dir='ltr'><strong>maximam</strong></span> <span class='ocrx_word' id='word_1_187' title='bbox 3073 1047 3257 1087; x_wconf 89' lang='lat' dir='ltr'><strong>earum</strong></span> <span class='ocrx_word' id='word_1_188' title='bbox 3302 1031 3566 1088; x_wconf 68' lang='lat' dir='ltr'><strong>rationem</strong></span> <span class='ocrx_word' id='word_1_189' title='bbox 3597 1033 3695 1087; x_wconf 81' lang='lat' dir='ltr'><strong>ba-</strong></span> 
     </span>
    </p>
   </div>
   <div class='ocr_carea' id='block_1_26' title="bbox 2102 1119 3696 1194">
    <p class='ocr_par' dir='ltr' id='par_1_26' title="bbox 2102 1119 3696 1194">
     <span class='ocr_line' id='line_1_26' title="bbox 2102 1119 3696 1194; baseline 0.004 -19"><span class='ocrx_word' id='word_1_190' title='bbox 2102 1119 2321 1175; x_wconf 86' lang='lat' dir='ltr'><strong>buisset.</strong></span> <span class='ocrx_word' id='word_1_191' title='bbox 2366 1120 2565 1177; x_wconf 78' lang='lat' dir='ltr'><strong>Verum</strong></span> <span class='ocrx_word' id='word_1_192' title='bbox 2608 1124 2852 1179; x_wconf 86' lang='lat' dir='ltr'><strong>Liberius</strong></span> <span class='ocrx_word' id='word_1_193' title='bbox 2889 1126 2988 1180; x_wconf 93' lang='lat' dir='ltr'><strong>sibi</strong></span> <span class='ocrx_word' id='word_1_194' title='bbox 3037 1127 3293 1181; x_wconf 84' lang='lat' dir='ltr'><strong>eonseiiis</strong></span> <span class='ocrx_word' id='word_1_195' title='bbox 3337 1142 3365 1180; x_wconf 94' lang='lat' dir='ltr'><strong>a</strong></span> <span class='ocrx_word' id='word_1_196' title='bbox 3408 1143 3467 1182; x_wconf 89' lang='lat' dir='ltr'><strong>se</strong></span> <span class='ocrx_word' id='word_1_197' title='bbox 3506 1127 3696 1194; x_wconf 87' lang='lat' dir='ltr'><strong>procul</strong></span> 
     </span>
    </p>
   </div>
   <div class='ocr_carea' id='block_1_27' title="bbox 2100 1214 3696 1283">
    <p class='ocr_par' dir='ltr' id='par_1_27' title="bbox 2100 1214 3696 1283">
     <span class='ocr_line' id='line_1_27' title="bbox 2100 1214 3696 1283; baseline 0.006 -19"><span class='ocrx_word' id='word_1_198' title='bbox 2100 1225 2223 1265; x_wconf 86' lang='lat' dir='ltr'><strong>esse</strong></span> <span class='ocrx_word' id='word_1_199' title='bbox 2253 1214 2389 1268; x_wconf 89' lang='lat' dir='ltr'><strong>hanc</strong></span> <span class='ocrx_word' id='word_1_200' title='bbox 2418 1216 2647 1283; x_wconf 82' lang='lat' dir='ltr'><strong>culpam,</strong></span> <span class='ocrx_word' id='word_1_201' title='bbox 2695 1225 2752 1269; x_wconf 93' lang='lat' dir='ltr'><strong>iit</strong></span> <span class='ocrx_word' id='word_1_202' title='bbox 2781 1230 2872 1271; x_wconf 90' lang='lat' dir='ltr'><strong>aut</strong></span> <span class='ocrx_word' id='word_1_203' title='bbox 2900 1225 3104 1272; x_wconf 83' lang='lat' dir='ltr'><strong>temere</strong></span> <span class='ocrx_word' id='word_1_204' title='bbox 3142 1218 3425 1272; x_wconf 81' lang='lat' dir='ltr'><strong>damnaret</strong></span> <span class='ocrx_word' id='word_1_205' title='bbox 3455 1217 3696 1273; x_wconf 88' lang='lat' dir='ltr'><strong>Athana-</strong></span> 
     </span>
    </p>
   </div>
   <div class='ocr_carea' id='block_1_28' title="bbox 2103 1305 3692 1384">
    <p class='ocr_par' dir='ltr' id='par_1_28' title="bbox 2103 1305 3692 1384">
     <span class='ocr_line' id='line_1_28' title="bbox 2103 1305 3692 1384; baseline 0.007 -26"><span class='ocrx_word' id='word_1_206' title='bbox 2103 1305 2263 1371; x_wconf 77' lang='lat' dir='ltr'><strong>sium,</strong></span> <span class='ocrx_word' id='word_1_207' title='bbox 2289 1317 2378 1361; x_wconf 90' lang='lat' dir='ltr'><strong>aut</strong></span> <span class='ocrx_word' id='word_1_208' title='bbox 2405 1308 2608 1364; x_wconf 73' lang='lat' dir='ltr'><strong>litteras</strong></span> <span class='ocrx_word' id='word_1_209' title='bbox 2634 1311 2736 1365; x_wconf 88' lang='lat' dir='ltr'><strong>sibi</strong></span> <span class='ocrx_word' id='word_1_210' title='bbox 2761 1312 2829 1365; x_wconf 90' lang='lat' dir='ltr'><strong>ab</strong></span> <span class='ocrx_word' id='word_1_211' title='bbox 2846 1310 3207 1367; x_wconf 84' lang='lat' dir='ltr'><strong>Orientalibus</strong></span> <span class='ocrx_word' id='word_1_212' title='bbox 3224 1315 3452 1382; x_wconf 91' lang='lat' dir='ltr'><strong>scriptas</strong></span> <span class='ocrx_word' id='word_1_213' title='bbox 3477 1315 3692 1384; x_wconf 89' lang='lat' dir='ltr'><strong>suppri-</strong></span> 
     </span>
    </p>
   </div>
   <div class='ocr_carea' id='block_1_29' title="bbox 2104 1401 3703 1472">
    <p class='ocr_par' dir='ltr' id='par_1_29' title="bbox 2104 1401 3703 1472">
     <span class='ocr_line' id='line_1_29' title="bbox 2104 1401 3703 1472; baseline 0.005 -20"><span class='ocrx_word' id='word_1_214' title='bbox 2104 1407 2302 1464; x_wconf 89' lang='lat' dir='ltr'><strong>meret;</strong></span> <span class='ocrx_word' id='word_1_215' title='bbox 2346 1401 2520 1470; x_wconf 90' lang='lat' dir='ltr'><strong>printo</strong></span> <span class='ocrx_word' id='word_1_216' title='bbox 2547 1403 2762 1472; x_wconf 89' lang='lat' dir='ltr'><strong>quidem</strong></span> <span class='ocrx_word' id='word_1_217' title='bbox 2794 1419 2854 1460; x_wconf 93' lang='lat' dir='ltr'><strong>se</strong></span> <span class='ocrx_word' id='word_1_218' title='bbox 2890 1424 2908 1457; x_wconf 74' lang='grc' dir='ltr'>ι</span> <span class='ocrx_word' id='word_1_219' title='bbox 2943 1404 3296 1460; x_wconf 80' lang='lat' dir='ltr'><strong>Orientalium</strong></span> <span class='ocrx_word' id='word_1_220' title='bbox 3334 1406 3541 1460; x_wconf 87' lang='lat' dir='ltr'><strong>litteras</strong></span> <span class='ocrx_word' id='word_1_221' title='bbox 3575 1406 3703 1461; x_wconf 90' lang='lat' dir='ltr'><strong>inti-</strong></span> 
     </span>
    </p>
   </div>
   <div class='ocr_carea' id='block_1_30' title="bbox 2102 1496 3701 1572">
    <p class='ocr_par' dir='ltr' id='par_1_30' title="bbox 2102 1496 3701 1572">
     <span class='ocr_line' id='line_1_30' title="bbox 2102 1496 3701 1572; baseline 0.006 -27"><span class='ocrx_word' id='word_1_222' title='bbox 2102 1507 2300 1557; x_wconf 82' lang='lat' dir='ltr'><strong>masse,</strong></span> <span class='ocrx_word' id='word_1_223' title='bbox 2341 1496 2532 1572; x_wconf 88' lang='lat' dir='ltr'><strong>legisse</strong></span> <span class='ocrx_word' id='word_1_224' title='bbox 2571 1498 2838 1562; x_wconf 68' lang='lat' dir='ltr'><strong>ecclesiae,</strong></span> <span class='ocrx_word' id='word_1_225' title='bbox 2881 1499 3077 1570; x_wconf 86' lang='lat' dir='ltr'><strong>legisse</strong></span> <span class='ocrx_word' id='word_1_226' title='bbox 3110 1500 3344 1554; x_wconf 89' lang='lat' dir='ltr'><strong>concilio</strong></span> <span class='ocrx_word' id='word_1_227' title='bbox 3379 1512 3542 1570; x_wconf 89' lang='lat' dir='ltr'><strong>atque</strong></span> <span class='ocrx_word' id='word_1_228' title='bbox 3575 1502 3701 1571; x_wconf 76' lang='lat' dir='ltr'><strong>ipsis</strong></span> 
     </span>
    </p>
   </div>
   <div class='ocr_carea' id='block_1_31' title="bbox 2102 1592 3703 1662">
    <p class='ocr_par' dir='ltr' id='par_1_31' title="bbox 2102 1592 3703 1662">
     <span class='ocr_line' id='line_1_31' title="bbox 2102 1592 3703 1662; baseline 0 -14"><span class='ocrx_word' id='word_1_229' title='bbox 2102 1594 2469 1648; x_wconf 87' lang='lat' dir='ltr'><strong>Orientalibus</strong></span> <span class='ocrx_word' id='word_1_230' title='bbox 2495 1592 2838 1662; x_wconf 80' lang='lat' dir='ltr'><strong>respondisse</strong></span> <span class='ocrx_word' id='word_1_231' title='bbox 2860 1611 2878 1644; x_wconf 77' lang='grc' dir='ltr'><strong><em>ι</em></strong></span> <span class='ocrx_word' id='word_1_232' title='bbox 2906 1602 3161 1657; x_wconf 61' lang='lat' dir='ltr'><strong>testatur;</strong></span> <span class='ocrx_word' id='word_1_233' title='bbox 3192 1603 3304 1647; x_wconf 92' lang='lat' dir='ltr'><strong>tum</strong></span> <span class='ocrx_word' id='word_1_234' title='bbox 3327 1608 3423 1648; x_wconf 91' lang='lat' dir='ltr'><strong>cur</strong></span> <span class='ocrx_word' id='word_1_235' title='bbox 3447 1593 3513 1648; x_wconf 91' lang='lat' dir='ltr'><strong>iis</strong></span> <span class='ocrx_word' id='word_1_236' title='bbox 3537 1597 3703 1648; x_wconf 85' lang='lat' dir='ltr'><strong>Attia-</strong></span> 
     </span>
    </p>
   </div>
   <div class='ocr_carea' id='block_1_32' title="bbox 2104 1686 3699 1760">
    <p class='ocr_par' dir='ltr' id='par_1_32' title="bbox 2104 1686 3699 1760">
     <span class='ocr_line' id='line_1_32' title="bbox 2104 1686 3699 1760; baseline 0.001 -17"><span class='ocrx_word' id='word_1_237' title='bbox 2104 1691 2238 1743; x_wconf 79' lang='lat' dir='ltr'><strong>tiasii</strong></span> <span class='ocrx_word' id='word_1_238' title='bbox 2263 1689 2661 1744; x_wconf 89' lang='lat' dir='ltr'><strong>damnationem</strong></span> <span class='ocrx_word' id='word_1_239' title='bbox 2691 1686 3054 1757; x_wconf 83' lang='lat' dir='ltr'><strong>ﬂagitantibus</strong></span> <span class='ocrx_word' id='word_1_240' title='bbox 3098 1704 3383 1744; x_wconf 79' lang='lat' dir='ltr'><strong>assensum</strong></span> <span class='ocrx_word' id='word_1_241' title='bbox 3429 1699 3699 1760; x_wconf 81' lang='lat' dir='ltr'><strong>negasset,</strong></span> 
     </span>
    </p>
   </div>
   <div class='ocr_carea' id='block_1_33' title="bbox 393 1766 3701 1852">
    <p class='ocr_par' dir='ltr' id='par_1_33' title="bbox 393 1766 3701 1852">
     <span class='ocr_line' id='line_1_33' title="bbox 393 1766 3701 1852; baseline 0 -14"><span class='ocrx_word' id='word_1_242' title='bbox 393 1781 510 1820; x_wconf 67' lang='lat' dir='ltr'><strong>cem</strong></span> <span class='ocrx_word' id='word_1_243' title='bbox 543 1766 646 1838; x_wconf 69' lang='grc'>(5)·</span> <span class='ocrx_word' id='word_1_244' title='bbox 683 1766 830 1821; x_wconf 64' lang='lat' dir='ltr'><strong>MM”</strong></span> <span class='ocrx_word' id='word_1_245' title='bbox 859 1768 1050 1823; x_wconf 66' lang='grc' dir='ltr'><strong>οοδοιη</strong></span> <span class='ocrx_word' id='word_1_246' title='bbox 1086 1779 1328 1839; x_wconf 56' lang='lat' dir='ltr'><strong>tempore</strong></span> <span class='ocrx_word' id='word_1_247' title='bbox 1359 1769 1741 1825; x_wconf 65' lang='grc' dir='ltr'><strong>ἀθείάθνίώίηη</strong></span> <span class='ocrx_word' id='word_1_248' title='bbox 1780 1779 1999 1842; x_wconf 69' lang='lat' dir='ltr'><strong>tangere</strong></span> <span class='ocrx_word' id='word_1_249' title='bbox 2030 1783 2078 1842; x_wconf 88' lang='lat' dir='ltr'><strong>B</strong></span> <span class='ocrx_word' id='word_1_250' title='bbox 2105 1785 2242 1840; x_wconf 89' lang='lat' dir='ltr'><strong>lianc</strong></span> <span class='ocrx_word' id='word_1_251' title='bbox 2280 1783 2456 1839; x_wconf 84' lang='lat' dir='ltr'><strong>reddit</strong></span> <span class='ocrx_word' id='word_1_252' title='bbox 2498 1784 2760 1838; x_wconf 83' lang='lat' dir='ltr'><strong>ratiOiiem</strong></span> <span class='ocrx_word' id='word_1_253' title='bbox 2788 1799 2800 1835; x_wconf 91' lang='lat'><strong>:</strong></span> <span class='ocrx_word' id='word_1_254' title='bbox 2827 1784 2946 1849; x_wconf 86' lang='lat' dir='ltr'><strong>quia</strong></span> <span class='ocrx_word' id='word_1_255' title='bbox 2982 1801 3001 1834; x_wconf 75' lang='lat' dir='ltr'><strong>t</strong></span> <span class='ocrx_word' id='word_1_256' title='bbox 3034 1783 3224 1838; x_wconf 91' lang='lat' dir='ltr'><strong>eodem</strong></span> <span class='ocrx_word' id='word_1_257' title='bbox 3270 1793 3512 1852; x_wconf 72' lang='lat' dir='ltr'><strong>tempore</strong></span> <span class='ocrx_word' id='word_1_258' title='bbox 3549 1792 3701 1838; x_wconf 86' lang='lat' dir='ltr'><strong>octo-</strong></span> 
     </span>
    </p>
   </div>
   <div class='ocr_carea' id='block_1_34' title="bbox 392 1861 1241 1933">
    <p class='ocr_par' dir='ltr' id='par_1_34' title="bbox 392 1861 1241 1933">
     <span class='ocr_line' id='line_1_34' title="bbox 392 1861 1241 1933; baseline 0.004 -19"><span class='ocrx_word' id='word_1_259' title='bbox 392 1863 714 1915; x_wconf 76' lang='lat' dir='ltr'><strong>Vestiinenta</strong></span> <span class='ocrx_word' id='word_1_260' title='bbox 746 1861 946 1917; x_wconf 89' lang='lat' dir='ltr'><strong>Liberii</strong></span> <span class='ocrx_word' id='word_1_261' title='bbox 977 1864 1241 1933; x_wconf 68' lang='lat' dir='ltr'><strong>episcoiii.</strong></span> 
     </span>
    </p>
   </div>
   <div class='ocr_carea' id='block_1_35' title="bbox 464 1953 2004 2026">
    <p class='ocr_par' dir='ltr' id='par_1_35' title="bbox 464 1953 2004 2026">
     <span class='ocr_line' id='line_1_35' title="bbox 464 1953 2004 2026; baseline 0.004 -16"><span class='ocrx_word' id='word_1_262' title='bbox 464 1953 518 2010; x_wconf 89' lang='lat'><strong>9.</strong></span> <span class='ocrx_word' id='word_1_263' title='bbox 554 1955 670 2008; x_wconf 87' lang='lat' dir='ltr'><strong>Alia</strong></span> <span class='ocrx_word' id='word_1_264' title='bbox 698 1967 876 2010; x_wconf 90' lang='lat' dir='ltr'><strong>autem</strong></span> <span class='ocrx_word' id='word_1_265' title='bbox 901 1957 1008 2022; x_wconf 90' lang='lat' dir='ltr'><strong>die,</strong></span> <span class='ocrx_word' id='word_1_266' title='bbox 1041 1975 1160 2026; x_wconf 78' lang='lat' dir='ltr'><strong>qua:</strong></span> <span class='ocrx_word' id='word_1_267' title='bbox 1185 1967 1269 2012; x_wconf 90' lang='lat' dir='ltr'><strong>est</strong></span> <span class='ocrx_word' id='word_1_268' title='bbox 1324 1958 1453 2014; x_wconf 88' lang='lat' dir='ltr'><strong>feria</strong></span> <span class='ocrx_word' id='word_1_269' title='bbox 1508 1959 1765 2026; x_wconf 88' lang='lat' dir='ltr'><strong>secunda,</strong></span> <span class='ocrx_word' id='word_1_270' title='bbox 1800 1961 2004 2016; x_wconf 81' lang='lat' dir='ltr'><strong>audivit</strong></span> 
     </span>
    </p>
   </div>
   <div class='ocr_carea' id='block_1_36' title="bbox 395 2046 2002 2123">
    <p class='ocr_par' dir='ltr' id='par_1_36' title="bbox 395 2046 2002 2123">
     <span class='ocr_line' id='line_1_36' title="bbox 395 2046 2002 2123; baseline 0.005 -24"><span class='ocrx_word' id='word_1_271' title='bbox 395 2046 643 2101; x_wconf 88' lang='lat' dir='ltr'><strong>universa</strong></span> <span class='ocrx_word' id='word_1_272' title='bbox 676 2047 849 2117; x_wconf 87' lang='lat' dir='ltr'><strong>plebs,</strong></span> <span class='ocrx_word' id='word_1_273' title='bbox 883 2049 1023 2118; x_wconf 87' lang='lat' dir='ltr'><strong>quod</strong></span> <span class='ocrx_word' id='word_1_274' title='bbox 1043 2049 1770 2120; x_wconf 88' lang='lat' dir='ltr'><strong>Constansadeptusquidem</strong></span> <span class='ocrx_word' id='word_1_275' title='bbox 1794 2051 2002 2123; x_wconf 59' lang='lat' dir='ltr'><strong>(il)vic-</strong></span> 
     </span>
    </p>
   </div>
   <div class='ocr_carea' id='block_1_37' title="bbox 398 2138 2002 2208">
    <p class='ocr_par' dir='ltr' id='par_1_37' title="bbox 398 2138 2002 2208">
     <span class='ocr_line' id='line_1_37' title="bbox 398 2138 2002 2208; baseline 0.004 -16"><span class='ocrx_word' id='word_1_276' title='bbox 398 2139 532 2194; x_wconf 91' lang='lat' dir='ltr'><strong>toria</strong></span> <span class='ocrx_word' id='word_1_277' title='bbox 588 2138 812 2208; x_wconf 77' lang='lat' dir='ltr'><strong>fecerat,</strong></span> <span class='ocrx_word' id='word_1_278' title='bbox 870 2140 1015 2196; x_wconf 88' lang='lat' dir='ltr'><strong>clara</strong></span> <span class='ocrx_word' id='word_1_279' title='bbox 1059 2157 1222 2196; x_wconf 89' lang='lat' dir='ltr'><strong>sensu</strong></span> <span class='ocrx_word' id='word_1_280' title='bbox 1263 2142 1441 2197; x_wconf 87' lang='lat' dir='ltr'><strong>alieno</strong></span> <span class='ocrx_word' id='word_1_281' title='bbox 1487 2141 1736 2197; x_wconf 88' lang='lat' dir='ltr'><strong>dicebat:</strong></span> <span class='ocrx_word' id='word_1_282' title='bbox 1773 2162 1791 2195; x_wconf 89' lang='grc'><em>‹</em></span> <span class='ocrx_word' id='word_1_283' title='bbox 1826 2144 1876 2197; x_wconf 94' lang='lat' dir='ltr'><strong>in</strong></span> <span class='ocrx_word' id='word_1_284' title='bbox 1906 2143 2002 2198; x_wconf 85' lang='lat' dir='ltr'><strong>Ni-</strong></span> 
     </span>
    </p>
   </div>
   <div class='ocr_carea' id='block_1_38' title="bbox 397 2233 1998 2306">
    <p class='ocr_par' dir='ltr' id='par_1_38' title="bbox 397 2233 1998 2306">
     <span class='ocr_line' id='line_1_38' title="bbox 397 2233 1998 2306; baseline 0.004 -19"><span class='ocrx_word' id='word_1_285' title='bbox 397 2233 700 2289; x_wconf 83' lang='lat' dir='ltr'><strong>comediam</strong></span> <span class='ocrx_word' id='word_1_286' title='bbox 721 2235 935 2299; x_wconf 87' lang='lat' dir='ltr'><strong>vadam,</strong></span> <span class='ocrx_word' id='word_1_287' title='bbox 965 2255 984 2288; x_wconf 84' lang='grc'><strong>›</strong></span> <span class='ocrx_word' id='word_1_288' title='bbox 1015 2245 1066 2290; x_wconf 91' lang='lat' dir='ltr'><strong>et</strong></span> <span class='ocrx_word' id='word_1_289' title='bbox 1093 2236 1342 2290; x_wconf 87' lang='lat' dir='ltr'><strong>transivit</strong></span> <span class='ocrx_word' id='word_1_290' title='bbox 1367 2235 1444 2306; x_wconf 81' lang='lat'>(5)</span> <span class='ocrx_word' id='word_1_291' title='bbox 1471 2251 1639 2306; x_wconf 90' lang='lat' dir='ltr'><strong>usque</strong></span> <span class='ocrx_word' id='word_1_292' title='bbox 1657 2236 1722 2290; x_wconf 91' lang='lat' dir='ltr'><strong>ad</strong></span> <span class='ocrx_word' id='word_1_293' title='bbox 1746 2236 1998 2293; x_wconf 87' lang='lat' dir='ltr'><strong>Nicome-</strong></span> 
     </span>
    </p>
   </div>
   <div class='ocr_carea' id='block_1_39' title="bbox 400 2327 2002 2400">
    <p class='ocr_par' dir='ltr' id='par_1_39' title="bbox 400 2327 2002 2400">
     <span class='ocr_line' id='line_1_39' title="bbox 400 2327 2002 2400; baseline 0.002 -18"><span class='ocrx_word' id='word_1_294' title='bbox 400 2327 565 2392; x_wconf 84' lang='lat' dir='ltr'><strong>diam,</strong></span> <span class='ocrx_word' id='word_1_295' title='bbox 593 2338 647 2383; x_wconf 93' lang='lat' dir='ltr'><strong>et</strong></span> <span class='ocrx_word' id='word_1_296' title='bbox 677 2329 727 2382; x_wconf 93' lang='lat' dir='ltr'><strong>in</strong></span> <span class='ocrx_word' id='word_1_297' title='bbox 754 2329 1022 2399; x_wconf 74' lang='lat' dir='ltr'><strong>Aquilone</strong></span> <span class='ocrx_word' id='word_1_298' title='bbox 1051 2331 1196 2393; x_wconf 89' lang='lat' dir='ltr'><strong>villa,</strong></span> <span class='ocrx_word' id='word_1_299' title='bbox 1231 2329 1319 2383; x_wconf 90' lang='lat' dir='ltr'><strong>tibi</strong></span> <span class='ocrx_word' id='word_1_300' title='bbox 1351 2329 1653 2400; x_wconf 86' lang='lat' dir='ltr'><strong>baptizatus</strong></span> <span class='ocrx_word' id='word_1_301' title='bbox 1682 2338 1767 2386; x_wconf 86' lang='lat' dir='ltr'><strong>est</strong></span> <span class='ocrx_word' id='word_1_302' title='bbox 1801 2330 1868 2384; x_wconf 88' lang='lat' dir='ltr'><strong>ab</strong></span> <span class='ocrx_word' id='word_1_303' title='bbox 1897 2333 2002 2386; x_wconf 86' lang='lat' dir='ltr'><strong>Eu-</strong></span> 
     </span>
    </p>
   </div>
   <div class='ocr_carea' id='block_1_40' title="bbox 398 2421 1998 2492">
    <p class='ocr_par' dir='ltr' id='par_1_40' title="bbox 398 2421 1998 2492">
     <span class='ocr_line' id='line_1_40' title="bbox 398 2421 1998 2492; baseline 0.003 -16"><span class='ocrx_word' id='word_1_304' title='bbox 398 2421 549 2476; x_wconf 89' lang='lat' dir='ltr'><strong>sebio</strong></span> <span class='ocrx_word' id='word_1_305' title='bbox 592 2421 1036 2489; x_wconf 81' lang='lat' dir='ltr'><strong>Nicomediense,</strong></span> <span class='ocrx_word' id='word_1_306' title='bbox 1073 2423 1124 2475; x_wconf 89' lang='lat' dir='ltr'><strong>iii</strong></span> <span class='ocrx_word' id='word_1_307' title='bbox 1159 2422 1477 2476; x_wconf 81' lang='lat' dir='ltr'><strong>Arianorum</strong></span> <span class='ocrx_word' id='word_1_308' title='bbox 1512 2423 1708 2492; x_wconf 83' lang='lat' dir='ltr'><strong>dogma</strong></span> <span class='ocrx_word' id='word_1_309' title='bbox 1739 2423 1998 2480; x_wconf 89' lang='lat' dir='ltr'><strong>declinat.</strong></span> 
     </span>
    </p>
   </div>
   <div class='ocr_carea' id='block_1_41' title="bbox 399 2513 1998 2590">
    <p class='ocr_par' dir='ltr' id='par_1_41' title="bbox 399 2513 1998 2590">
     <span class='ocr_line' id='line_1_41' title="bbox 399 2513 1998 2590; baseline 0.001 -20"><span class='ocrx_word' id='word_1_310' title='bbox 399 2515 603 2570; x_wconf 86' lang='lat' dir='ltr'><strong>Eodem</strong></span> <span class='ocrx_word' id='word_1_311' title='bbox 636 2515 755 2569; x_wconf 88' lang='lat' dir='ltr'><strong>loco</strong></span> <span class='ocrx_word' id='word_1_312' title='bbox 786 2524 1030 2569; x_wconf 90' lang='lat' dir='ltr'><strong>mortuus</strong></span> <span class='ocrx_word' id='word_1_313' title='bbox 1053 2524 1136 2569; x_wconf 88' lang='lat' dir='ltr'><strong>est</strong></span> <span class='ocrx_word' id='word_1_314' title='bbox 1162 2524 1213 2569; x_wconf 90' lang='lat' dir='ltr'><strong>et</strong></span> <span class='ocrx_word' id='word_1_315' title='bbox 1243 2514 1488 2584; x_wconf 88' lang='lat' dir='ltr'><strong>sepultus</strong></span> <span class='ocrx_word' id='word_1_316' title='bbox 1517 2513 1811 2570; x_wconf 88' lang='lat' dir='ltr'><strong>Constante</strong></span> <span class='ocrx_word' id='word_1_317' title='bbox 1832 2533 1889 2571; x_wconf 86' lang='grc' dir='ltr'><strong>ιιι</strong></span> <span class='ocrx_word' id='word_1_318' title='bbox 1920 2515 1998 2590; x_wconf 88' lang='grc'><strong>(6)</strong></span> 
     </span>
    </p>
   </div>
   <div class='ocr_carea' id='block_1_42' title="bbox 396 2606 2002 2678">
    <p class='ocr_par' dir='ltr' id='par_1_42' title="bbox 396 2606 2002 2678">
     <span class='ocr_line' id='line_1_42' title="bbox 396 2606 2002 2678; baseline 0.002 -15"><span class='ocrx_word' id='word_1_319' title='bbox 396 2618 451 2664; x_wconf 90' lang='lat' dir='ltr'><strong>et</strong></span> <span class='ocrx_word' id='word_1_320' title='bbox 478 2606 799 2662; x_wconf 87' lang='lat' dir='ltr'><strong>Constantio</strong></span> <span class='ocrx_word' id='word_1_321' title='bbox 823 2623 947 2678; x_wconf 83' lang='lat' dir='ltr'><strong>ang.</strong></span> <span class='ocrx_word' id='word_1_322' title='bbox 975 2617 1030 2662; x_wconf 92' lang='lat' dir='ltr'><strong>et</strong></span> <span class='ocrx_word' id='word_1_323' title='bbox 1058 2608 1226 2664; x_wconf 88' lang='lat' dir='ltr'><strong>Basso</strong></span> <span class='ocrx_word' id='word_1_324' title='bbox 1266 2608 1578 2662; x_wconf 89' lang='lat' dir='ltr'><strong>consulibus</strong></span> <span class='ocrx_word' id='word_1_325' title='bbox 1600 2651 1613 2670; x_wconf 91' lang='lat'><strong>,</strong></span> <span class='ocrx_word' id='word_1_326' title='bbox 1647 2625 1698 2663; x_wconf 75' lang='lat' dir='ltr'><strong>ix</strong></span> <span class='ocrx_word' id='word_1_327' title='bbox 1730 2609 2002 2666; x_wconf 86' lang='lat' dir='ltr'><strong>Kalendas</strong></span> 
     </span>
    </p>
   </div>
   <div class='ocr_carea' id='block_1_43' title="bbox 397 2697 1999 2773">
    <p class='ocr_par' dir='ltr' id='par_1_43' title="bbox 397 2697 1999 2773">
     <span class='ocr_line' id='line_1_43' title="bbox 397 2697 1999 2773; baseline 0.001 -17"><span class='ocrx_word' id='word_1_328' title='bbox 397 2700 585 2756; x_wconf 83' lang='lat' dir='ltr'><strong>Maias.</strong></span> <span class='ocrx_word' id='word_1_329' title='bbox 623 2699 690 2754; x_wconf 86' lang='lat' dir='ltr'><strong>Et</strong></span> <span class='ocrx_word' id='word_1_330' title='bbox 718 2700 858 2754; x_wconf 88' lang='lat' dir='ltr'><strong>sedit</strong></span> <span class='ocrx_word' id='word_1_331' title='bbox 885 2700 1132 2755; x_wconf 79' lang='lat' dir='ltr'><strong>eamdem</strong></span> <span class='ocrx_word' id='word_1_332' title='bbox 1161 2703 1344 2758; x_wconf 76' lang='lat' dir='ltr'><strong>sedem</strong></span> <span class='ocrx_word' id='word_1_333' title='bbox 1391 2697 1533 2754; x_wconf 87' lang='lat' dir='ltr'><strong>Petri</strong></span> <span class='ocrx_word' id='word_1_334' title='bbox 1565 2702 1793 2773; x_wconf 87' lang='lat' dir='ltr'><strong>apostoli</strong></span> <span class='ocrx_word' id='word_1_335' title='bbox 1826 2717 1999 2758; x_wconf 88' lang='lat' dir='ltr'><strong>annos</strong></span> 
     </span>
    </p>
   </div>
   <div class='ocr_carea' id='block_1_44' title="bbox 400 2791 2004 2867">
    <p class='ocr_par' dir='ltr' id='par_1_44' title="bbox 400 2791 2004 2867">
     <span class='ocr_line' id='line_1_44' title="bbox 400 2791 2004 2867; baseline 0.002 -20"><span class='ocrx_word' id='word_1_336' title='bbox 400 2795 486 2858; x_wconf 80' lang='lat' dir='ltr'><strong>l7,</strong></span> <span class='ocrx_word' id='word_1_337' title='bbox 514 2808 729 2849; x_wconf 89' lang='lat' dir='ltr'><strong>menses</strong></span> <span class='ocrx_word' id='word_1_338' title='bbox 755 2792 842 2859; x_wconf 76' lang='lat' dir='ltr'><strong>l5,</strong></span> <span class='ocrx_word' id='word_1_339' title='bbox 865 2791 983 2848; x_wconf 88' lang='lat' dir='ltr'><strong>dies</strong></span> <span class='ocrx_word' id='word_1_340' title='bbox 1010 2795 1062 2849; x_wconf 91' lang='lat'><strong>8.</strong></span> <span class='ocrx_word' id='word_1_341' title='bbox 1093 2795 1151 2849; x_wconf 82' lang='lat' dir='ltr'><strong>In</strong></span> <span class='ocrx_word' id='word_1_342' title='bbox 1197 2795 1315 2865; x_wconf 88' lang='lat' dir='ltr'><strong>ejus</strong></span> <span class='ocrx_word' id='word_1_343' title='bbox 1345 2804 1590 2867; x_wconf 87' lang='lat' dir='ltr'><strong>tempore</strong></span> <span class='ocrx_word' id='word_1_344' title='bbox 1624 2796 1882 2850; x_wconf 88' lang='lat' dir='ltr'><strong>fabricata</strong></span> <span class='ocrx_word' id='word_1_345' title='bbox 1919 2807 2004 2850; x_wconf 91' lang='lat' dir='ltr'><strong>est</strong></span> 
     </span>
    </p>
   </div>
   <div class='ocr_carea' id='block_1_45' title="bbox 399 2886 2004 2960">
    <p class='ocr_par' dir='ltr' id='par_1_45' title="bbox 399 2886 2004 2960">
     <span class='ocr_line' id='line_1_45' title="bbox 399 2886 2004 2960; baseline 0 -18"><span class='ocrx_word' id='word_1_346' title='bbox 399 2886 543 2943; x_wconf 79' lang='lat' dir='ltr'><strong>absis</strong></span> <span class='ocrx_word' id='word_1_347' title='bbox 581 2888 630 2942; x_wconf 93' lang='lat' dir='ltr'><strong>in</strong></span> <span class='ocrx_word' id='word_1_348' title='bbox 666 2887 796 2941; x_wconf 90' lang='lat' dir='ltr'><strong>urbe</strong></span> <span class='ocrx_word' id='word_1_349' title='bbox 836 2886 1004 2942; x_wconf 80' lang='lat' dir='ltr'><strong>Roma</strong></span> <span class='ocrx_word' id='word_1_350' title='bbox 1043 2886 1096 2941; x_wconf 89' lang='lat' dir='ltr'><strong>in</strong></span> <span class='ocrx_word' id='word_1_351' title='bbox 1142 2888 1362 2958; x_wconf 79' lang='lat' dir='ltr'><strong>regione</strong></span> <span class='ocrx_word' id='word_1_352' title='bbox 1401 2890 1610 2960; x_wconf 89' lang='lat' dir='ltr'><strong>quinta,</strong></span> <span class='ocrx_word' id='word_1_353' title='bbox 1653 2899 1704 2942; x_wconf 90' lang='lat' dir='ltr'><strong>et</strong></span> <span class='ocrx_word' id='word_1_354' title='bbox 1738 2887 2004 2958; x_wconf 88' lang='lat' dir='ltr'><strong>requievit</strong></span> 
     </span>
    </p>
   </div>
   <div class='ocr_carea' id='block_1_46' title="bbox 400 2993 619 3049">
    <p class='ocr_par' dir='ltr' id='par_1_46' title="bbox 400 2993 619 3049">
     <span class='ocr_line' id='line_1_46' title="bbox 400 2993 619 3049; baseline 0 -15"><span class='ocrx_word' id='word_1_355' title='bbox 400 2996 454 3035; x_wconf 89' lang='lat' dir='ltr'><strong>in</strong></span> <span class='ocrx_word' id='word_1_356' title='bbox 487 2993 619 3049; x_wconf 88' lang='lat' dir='ltr'><strong>pace</strong></span> 
     </span>
    </p>
   </div>
   <div class='ocr_carea' id='block_1_47' title="bbox 516 3094 1877 3155">
    <p class='ocr_par' dir='ltr' id='par_1_47' title="bbox 516 3094 1877 3155">
     <span class='ocr_line' id='line_1_47' title="bbox 516 3094 1877 3155; baseline 0 -5"><span class='ocrx_word' id='word_1_357' title='bbox 516 3094 830 3155; x_wconf 80' lang='lat' dir='ltr'><strong>CENSURA</strong></span> <span class='ocrx_word' id='word_1_358' title='bbox 875 3095 1244 3154; x_wconf 72' lang='lat' dir='ltr'><strong>EPISTOLAE</strong></span> <span class='ocrx_word' id='word_1_359' title='bbox 1287 3099 1378 3154; x_wconf 88' lang='lat' dir='ltr'><strong>AD</strong></span> <span class='ocrx_word' id='word_1_360' title='bbox 1417 3096 1877 3154; x_wconf 83' lang='lat' dir='ltr'><strong>ORIENTALES.</strong></span> 
     </span>
    </p>
   </div>
   <div class='ocr_carea' id='block_1_48' title="bbox 855 3188 1545 3253">
    <p class='ocr_par' dir='ltr' id='par_1_48' title="bbox 855 3188 1545 3253">
     <span class='ocr_line' id='line_1_48' title="bbox 855 3188 1545 3253; baseline -0.003 -15"><span class='ocrx_word' id='word_1_361' title='bbox 855 3188 1040 3252; x_wconf 72' lang='lat' dir='ltr'><strong>(emi.</strong></span> <span class='ocrx_word' id='word_1_362' title='bbox 1080 3191 1329 3253; x_wconf 76' lang='lat' dir='ltr'><strong>Append.,</strong></span> <span class='ocrx_word' id='word_1_363' title='bbox 1354 3205 1404 3253; x_wconf 73' lang='grc' dir='ltr'><strong>ν.</strong></span> <span class='ocrx_word' id='word_1_364' title='bbox 1439 3189 1545 3252; x_wconf 78' lang='lat'><strong>95.)</strong></span> 
     </span>
    </p>
   </div>
   <div class='ocr_carea' id='block_1_49' title="bbox 473 3291 2002 3364">
    <p class='ocr_par' dir='ltr' id='par_1_49' title="bbox 473 3291 2002 3364">
     <span class='ocr_line' id='line_1_49' title="bbox 473 3291 2002 3364; baseline 0 -16"><span class='ocrx_word' id='word_1_365' title='bbox 473 3293 512 3349; x_wconf 89' lang='grc' dir='ltr'><strong>Ι.</strong></span> <span class='ocrx_word' id='word_1_366' title='bbox 537 3293 796 3363; x_wconf 67' lang='lat' dir='ltr'><strong>Epistolm</strong></span> <span class='ocrx_word' id='word_1_367' title='bbox 823 3293 982 3363; x_wconf 92' lang='lat' dir='ltr'><strong>hujus</strong></span> <span class='ocrx_word' id='word_1_368' title='bbox 1000 3291 1372 3364; x_wconf 89' lang='lat' dir='ltr'><strong>antiquitatem</strong></span> <span class='ocrx_word' id='word_1_369' title='bbox 1400 3294 1627 3363; x_wconf 90' lang='lat' dir='ltr'><strong>probant</strong></span> <span class='ocrx_word' id='word_1_370' title='bbox 1657 3292 1812 3348; x_wconf 91' lang='lat' dir='ltr'><strong>nobis</strong></span> <span class='ocrx_word' id='word_1_371' title='bbox 1834 3300 2002 3348; x_wconf 83' lang='lat' dir='ltr'><strong>trans-</strong></span> 
     </span>
    </p>
   </div>
   <div class='ocr_carea' id='block_1_50' title="bbox 400 3383 1999 3456">
    <p class='ocr_par' dir='ltr' id='par_1_50' title="bbox 400 3383 1999 3456">
     <span class='ocr_line' id='line_1_50' title="bbox 400 3383 1999 3456; baseline -0.001 -16"><span class='ocrx_word' id='word_1_372' title='bbox 400 3385 566 3441; x_wconf 90' lang='lat' dir='ltr'><strong>missa</strong></span> <span class='ocrx_word' id='word_1_373' title='bbox 600 3385 785 3440; x_wconf 90' lang='lat' dir='ltr'><strong>Hilarii</strong></span> <span class='ocrx_word' id='word_1_374' title='bbox 812 3384 1134 3456; x_wconf 85' lang='lat' dir='ltr'><strong>fragmenta,</strong></span> <span class='ocrx_word' id='word_1_375' title='bbox 1168 3394 1222 3439; x_wconf 92' lang='lat' dir='ltr'><strong>et</strong></span> <span class='ocrx_word' id='word_1_376' title='bbox 1250 3385 1302 3438; x_wconf 87' lang='lat' dir='ltr'><strong>in</strong></span> <span class='ocrx_word' id='word_1_377' title='bbox 1332 3400 1448 3439; x_wconf 90' lang='lat' dir='ltr'><strong>eam</strong></span> <span class='ocrx_word' id='word_1_378' title='bbox 1489 3384 1717 3454; x_wconf 88' lang='lat' dir='ltr'><strong>subjecti</strong></span> <span class='ocrx_word' id='word_1_379' title='bbox 1758 3383 1999 3453; x_wconf 89' lang='lat' dir='ltr'><strong>ejusdem</strong></span> 
     </span>
    </p>
   </div>
   <div class='ocr_carea' id='block_1_51' title="bbox 400 3475 2001 3550">
    <p class='ocr_par' dir='ltr' id='par_1_51' title="bbox 400 3475 2001 3550">
     <span class='ocr_line' id='line_1_51' title="bbox 400 3475 2001 3550; baseline 0 -19"><span class='ocrx_word' id='word_1_380' title='bbox 400 3478 651 3550; x_wconf 68' lang='lat' dir='ltr'><strong>priesulis</strong></span> <span class='ocrx_word' id='word_1_381' title='bbox 719 3478 1118 3533; x_wconf 84' lang='lat' dir='ltr'><strong>commentarii.</strong></span> <span class='ocrx_word' id='word_1_382' title='bbox 1197 3475 1452 3546; x_wconf 89' lang='lat' dir='ltr'><strong>Ejusdem</strong></span> <span class='ocrx_word' id='word_1_383' title='bbox 1515 3492 1645 3532; x_wconf 92' lang='lat' dir='ltr'><strong>vero</strong></span> <span class='ocrx_word' id='word_1_384' title='bbox 1711 3475 2001 3531; x_wconf 82' lang='lat' dir='ltr'><strong>falsitatem</strong></span> 
     </span>
    </p>
   </div>
   <div class='ocr_carea' id='block_1_52' title="bbox 400 3569 1999 3641">
    <p class='ocr_par' dir='ltr' id='par_1_52' title="bbox 400 3569 1999 3641">
     <span class='ocr_line' id='line_1_52' title="bbox 400 3569 1999 3641; baseline 0 -18"><span class='ocrx_word' id='word_1_385' title='bbox 400 3573 570 3641; x_wconf 89' lang='lat' dir='ltr'><strong>prima</strong></span> <span class='ocrx_word' id='word_1_386' title='bbox 602 3571 745 3626; x_wconf 88' lang='lat' dir='ltr'><strong>illius</strong></span> <span class='ocrx_word' id='word_1_387' title='bbox 771 3573 934 3625; x_wconf 89' lang='lat' dir='ltr'><strong>verba</strong></span> <span class='ocrx_word' id='word_1_388' title='bbox 969 3569 1223 3640; x_wconf 89' lang='lat' dir='ltr'><strong>produnt.</strong></span> <span class='ocrx_word' id='word_1_389' title='bbox 1267 3571 1322 3623; x_wconf 90' lang='lat' dir='ltr'><strong>Si</strong></span> <span class='ocrx_word' id='word_1_390' title='bbox 1352 3571 1496 3625; x_wconf 91' lang='lat' dir='ltr'><strong>enim</strong></span> <span class='ocrx_word' id='word_1_391' title='bbox 1539 3569 1654 3625; x_wconf 65' lang='lat' dir='ltr'><strong>haec</strong></span> <span class='ocrx_word' id='word_1_392' title='bbox 1695 3569 1999 3634; x_wconf 89' lang='lat' dir='ltr'><strong>audiamus,</strong></span> 
     </span>
    </p>
   </div>
   <div class='ocr_carea' id='block_1_53' title="bbox 405 3659 2004 3733">
    <p class='ocr_par' dir='ltr' id='par_1_53' title="bbox 405 3659 2004 3733">
     <span class='ocr_line' id='line_1_53' title="bbox 405 3659 2004 3733; baseline 0 -18"><span class='ocrx_word' id='word_1_393' title='bbox 405 3661 658 3717; x_wconf 80' lang='lat' dir='ltr'><strong>Liberius</strong></span> <span class='ocrx_word' id='word_1_394' title='bbox 709 3663 1082 3733; x_wconf 85' lang='lat' dir='ltr'><strong>pontificatum</strong></span> <span class='ocrx_word' id='word_1_395' title='bbox 1139 3661 1344 3728; x_wconf 91' lang='lat' dir='ltr'><strong>iniens,</strong></span> <span class='ocrx_word' id='word_1_396' title='bbox 1393 3662 1484 3716; x_wconf 91' lang='lat' dir='ltr'><strong>ubi</strong></span> <span class='ocrx_word' id='word_1_397' title='bbox 1531 3659 1890 3716; x_wconf 88' lang='lat' dir='ltr'><strong>Orientalium</strong></span> <span class='ocrx_word' id='word_1_398' title='bbox 1935 3659 2004 3715; x_wconf 88' lang='lat' dir='ltr'><strong>de</strong></span> 
     </span>
    </p>
   </div>
   <div class='ocr_carea' id='block_1_54' title="bbox 402 3753 2004 3824">
    <p class='ocr_par' dir='ltr' id='par_1_54' title="bbox 402 3753 2004 3824">
     <span class='ocr_line' id='line_1_54' title="bbox 402 3753 2004 3824; baseline -0.001 -15"><span class='ocrx_word' id='word_1_399' title='bbox 402 3753 682 3809; x_wconf 81' lang='lat' dir='ltr'><strong>Athanasii</strong></span> <span class='ocrx_word' id='word_1_400' title='bbox 736 3755 951 3808; x_wconf 89' lang='lat' dir='ltr'><strong>nomine</strong></span> <span class='ocrx_word' id='word_1_401' title='bbox 1009 3755 1219 3809; x_wconf 88' lang='lat' dir='ltr'><strong>litteras</strong></span> <span class='ocrx_word' id='word_1_402' title='bbox 1277 3757 1505 3824; x_wconf 84' lang='lat' dir='ltr'><strong>accepit,</strong></span> <span class='ocrx_word' id='word_1_403' title='bbox 1579 3756 1760 3809; x_wconf 90' lang='lat' dir='ltr'><strong>statim</strong></span> <span class='ocrx_word' id='word_1_404' title='bbox 1824 3755 2004 3808; x_wconf 87' lang='lat' dir='ltr'><strong>missis</strong></span> 
     </span>
    </p>
   </div>
   <div class='ocr_carea' id='block_1_55' title="bbox 403 3844 2004 3916">
    <p class='ocr_par' dir='ltr' id='par_1_55' title="bbox 403 3844 2004 3916">
     <span class='ocr_line' id='line_1_55' title="bbox 403 3844 2004 3916; baseline 0 -16"><span class='ocrx_word' id='word_1_405' title='bbox 403 3845 787 3900; x_wconf 78' lang='lat' dir='ltr'><strong>Alexandriam</strong></span> <span class='ocrx_word' id='word_1_406' title='bbox 818 3844 1009 3916; x_wconf 88' lang='lat' dir='ltr'><strong>legatis</strong></span> <span class='ocrx_word' id='word_1_407' title='bbox 1036 3845 1392 3900; x_wconf 87' lang='lat' dir='ltr'><strong>Athanasium</strong></span> <span class='ocrx_word' id='word_1_408' title='bbox 1433 3847 1617 3900; x_wconf 84' lang='lat' dir='ltr'><strong>citavit</strong></span> <span class='ocrx_word' id='word_1_409' title='bbox 1645 3846 1872 3899; x_wconf 77' lang='lat' dir='ltr'><strong>Romam</strong></span> <span class='ocrx_word' id='word_1_410' title='bbox 1892 3888 1906 3912; x_wconf 92' lang='lat'><strong>,</strong></span> <span class='ocrx_word' id='word_1_411' title='bbox 1941 3861 2004 3901; x_wconf 89' lang='lat' dir='ltr'><strong>ac</strong></span> 
     </span>
    </p>
   </div>
   <div class='ocr_carea' id='block_1_56' title="bbox 403 3939 2004 3995">
    <p class='ocr_par' dir='ltr' id='par_1_56' title="bbox 403 3939 2004 3995">
     <span class='ocr_line' id='line_1_56' title="bbox 403 3939 2004 3995; baseline 0.001 -2"><span class='ocrx_word' id='word_1_412' title='bbox 403 3939 589 3993; x_wconf 91' lang='lat' dir='ltr'><strong>venire</strong></span> <span class='ocrx_word' id='word_1_413' title='bbox 631 3949 950 3994; x_wconf 90' lang='lat' dir='ltr'><strong>renuentem</strong></span> <span class='ocrx_word' id='word_1_414' title='bbox 991 3955 1020 3994; x_wconf 90' lang='lat' dir='ltr'><strong>a</strong></span> <span class='ocrx_word' id='word_1_415' title='bbox 1060 3956 1300 3995; x_wconf 84' lang='lat' dir='ltr'><strong>romana:</strong></span> <span class='ocrx_word' id='word_1_416' title='bbox 1348 3940 1592 3994; x_wconf 86' lang='lat' dir='ltr'><strong>ecclesiae</strong></span> <span class='ocrx_word' id='word_1_417' title='bbox 1622 3939 2004 3995; x_wconf 90' lang='lat' dir='ltr'><strong>communione</strong></span> 
     </span>
    </p>
   </div>
   <div class='ocr_carea' id='block_1_57' title="bbox 402 4030 2001 4104">
    <p class='ocr_par' dir='ltr' id='par_1_57' title="bbox 402 4030 2001 4104">
     <span class='ocr_line' id='line_1_57' title="bbox 402 4030 2001 4104; baseline -0.001 -17"><span class='ocrx_word' id='word_1_418' title='bbox 402 4031 850 4104; x_wconf 84' lang='lat' dir='ltr'><strong>separavit.Qiiod</strong></span> <span class='ocrx_word' id='word_1_419' title='bbox 864 4032 1000 4088; x_wconf 88' lang='lat' dir='ltr'><strong>adeo</strong></span> <span class='ocrx_word' id='word_1_420' title='bbox 1019 4033 1204 4087; x_wconf 87' lang='lat' dir='ltr'><strong>falsum</strong></span> <span class='ocrx_word' id='word_1_421' title='bbox 1222 4048 1340 4086; x_wconf 89' lang='lat' dir='ltr'><strong>esse</strong></span> <span class='ocrx_word' id='word_1_422' title='bbox 1354 4032 1550 4088; x_wconf 85' lang='lat' dir='ltr'><strong>evincit</strong></span> <span class='ocrx_word' id='word_1_423' title='bbox 1562 4030 1788 4102; x_wconf 84' lang='lat' dir='ltr'><strong>genuina</strong></span> <span class='ocrx_word' id='word_1_424' title='bbox 1807 4030 2001 4086; x_wconf 87' lang='lat' dir='ltr'><strong>Liberii</strong></span> 
     </span>
    </p>
   </div>
   <div class='ocr_carea' id='block_1_58' title="bbox 403 4124 2000 4196">
    <p class='ocr_par' dir='ltr' id='par_1_58' title="bbox 403 4124 2000 4196">
     <span class='ocr_line' id='line_1_58' title="bbox 403 4124 2000 4196; baseline -0.002 -16"><span class='ocrx_word' id='word_1_425' title='bbox 403 4125 626 4196; x_wconf 88' lang='lat' dir='ltr'><strong>epistola</strong></span> <span class='ocrx_word' id='word_1_426' title='bbox 648 4126 711 4180; x_wconf 85' lang='lat' dir='ltr'><strong>ad</strong></span> <span class='ocrx_word' id='word_1_427' title='bbox 735 4124 1052 4184; x_wconf 88' lang='lat' dir='ltr'><strong>Orientales.</strong></span> <span class='ocrx_word' id='word_1_428' title='bbox 1073 4125 1141 4180; x_wconf 89' lang='lat' dir='ltr'><strong>de</strong></span> <span class='ocrx_word' id='word_1_429' title='bbox 1160 4125 1310 4193; x_wconf 91' lang='lat' dir='ltr'><strong>cujus</strong></span> <span class='ocrx_word' id='word_1_430' title='bbox 1331 4125 1556 4179; x_wconf 87' lang='lat' dir='ltr'><strong>veritate</strong></span> <span class='ocrx_word' id='word_1_431' title='bbox 1571 4140 1730 4177; x_wconf 88' lang='lat' dir='ltr'><strong>nemo</strong></span> <span class='ocrx_word' id='word_1_432' title='bbox 1749 4138 2000 4193; x_wconf 88' lang='lat' dir='ltr'><strong>umquam</strong></span> 
     </span>
    </p>
   </div>
   <div class='ocr_carea' id='block_1_59' title="bbox 409 4215 2004 4286">
    <p class='ocr_par' dir='ltr' id='par_1_59' title="bbox 409 4215 2004 4286">
     <span class='ocr_line' id='line_1_59' title="bbox 409 4215 2004 4286; baseline 0 -16"><span class='ocrx_word' id='word_1_433' title='bbox 409 4217 691 4280; x_wconf 88' lang='lat' dir='ltr'><strong>dubitavit,</strong></span> <span class='ocrx_word' id='word_1_434' title='bbox 715 4228 771 4271; x_wconf 90' lang='lat' dir='ltr'><strong>ut</strong></span> <span class='ocrx_word' id='word_1_435' title='bbox 804 4217 903 4286; x_wconf 91' lang='lat' dir='ltr'><strong>ipsi</strong></span> <span class='ocrx_word' id='word_1_436' title='bbox 925 4215 1225 4272; x_wconf 87' lang='lat' dir='ltr'><strong>Orientales</strong></span> <span class='ocrx_word' id='word_1_437' title='bbox 1247 4216 1386 4285; x_wconf 87' lang='lat' dir='ltr'><strong>apud</strong></span> <span class='ocrx_word' id='word_1_438' title='bbox 1413 4215 1786 4271; x_wconf 89' lang='lat' dir='ltr'><strong>Constantium</strong></span> <span class='ocrx_word' id='word_1_439' title='bbox 1809 4230 2004 4285; x_wconf 84' lang='lat' dir='ltr'><strong>expos-</strong></span> 
     </span>
    </p>
   </div>
   <div class='ocr_carea' id='block_1_60' title="bbox 409 4307 2004 4380">
    <p class='ocr_par' dir='ltr' id='par_1_60' title="bbox 409 4307 2004 4380">
     <span class='ocr_line' id='line_1_60' title="bbox 409 4307 2004 4380; baseline -0.001 -17"><span class='ocrx_word' id='word_1_440' title='bbox 409 4309 652 4372; x_wconf 88' lang='lat' dir='ltr'><strong>tularint,</strong></span> <span class='ocrx_word' id='word_1_441' title='bbox 677 4309 817 4380; x_wconf 90' lang='lat' dir='ltr'><strong>quod</strong></span> <span class='ocrx_word' id='word_1_442' title='bbox 843 4309 1113 4379; x_wconf 86' lang='lat' dir='ltr'><strong>prioribus</strong></span> <span class='ocrx_word' id='word_1_443' title='bbox 1139 4307 1244 4362; x_wconf 91' lang='lat' dir='ltr'><strong>illis</strong></span> <span class='ocrx_word' id='word_1_444' title='bbox 1267 4307 1460 4362; x_wconf 88' lang='lat' dir='ltr'><strong>litteris</strong></span> <span class='ocrx_word' id='word_1_445' title='bbox 1481 4309 1591 4362; x_wconf 88' lang='lat' dir='ltr'><strong>suis</strong></span> <span class='ocrx_word' id='word_1_446' title='bbox 1617 4307 1864 4362; x_wconf 89' lang='lat' dir='ltr'><strong>Liberius</strong></span> <span class='ocrx_word' id='word_1_447' title='bbox 1887 4307 2004 4361; x_wconf 85' lang='lat' dir='ltr'><strong>ttul-</strong></span> 
     </span>
    </p>
   </div>
   <div class='ocr_carea' id='block_1_61' title="bbox 406 4403 2000 4473">
    <p class='ocr_par' dir='ltr' id='par_1_61' title="bbox 406 4403 2000 4473">
     <span class='ocr_line' id='line_1_61' title="bbox 406 4403 2000 4473; baseline 0 -14"><span class='ocrx_word' id='word_1_448' title='bbox 406 4405 510 4459; x_wconf 85' lang='lat' dir='ltr'><strong>lam</strong></span> <span class='ocrx_word' id='word_1_449' title='bbox 537 4404 814 4459; x_wconf 87' lang='lat' dir='ltr'><strong>habuisset</strong></span> <span class='ocrx_word' id='word_1_450' title='bbox 856 4403 1047 4466; x_wconf 89' lang='lat' dir='ltr'><strong>fidem.</strong></span> <span class='ocrx_word' id='word_1_451' title='bbox 1091 4418 1292 4473; x_wconf 85' lang='lat' dir='ltr'><strong>easque</strong></span> <span class='ocrx_word' id='word_1_452' title='bbox 1331 4417 1550 4471; x_wconf 87' lang='lat' dir='ltr'><strong>prorsus</strong></span> <span class='ocrx_word' id='word_1_453' title='bbox 1589 4404 2000 4472; x_wconf 51' lang='lat' dir='ltr'><strong>supprersisset,</strong></span> 
     </span>
    </p>
   </div>
   <div class='ocr_carea' id='block_1_62' title="bbox 412 4495 2000 4567">
    <p class='ocr_par' dir='ltr' id='par_1_62' title="bbox 412 4495 2000 4567">
     <span class='ocr_line' id='line_1_62' title="bbox 412 4495 2000 4567; baseline 0.001 -18"><span class='ocrx_word' id='word_1_454' title='bbox 412 4517 430 4549; x_wconf 84' lang='grc'><strong><em>‹</em></strong></span> <span class='ocrx_word' id='word_1_455' title='bbox 457 4513 525 4554; x_wconf 92' lang='lat' dir='ltr'><strong>ne</strong></span> <span class='ocrx_word' id='word_1_456' title='bbox 541 4498 762 4553; x_wconf 89' lang='lat' dir='ltr'><strong>crimina</strong></span> <span class='ocrx_word' id='word_1_457' title='bbox 783 4496 919 4566; x_wconf 89' lang='lat' dir='ltr'><strong>ejus,</strong></span> <span class='ocrx_word' id='word_1_458' title='bbox 937 4511 1095 4567; x_wconf 89' lang='lat' dir='ltr'><strong>quem</strong></span> <span class='ocrx_word' id='word_1_459' title='bbox 1111 4495 1425 4550; x_wconf 89' lang='lat' dir='ltr'><strong>dicebantur</strong></span> <span class='ocrx_word' id='word_1_460' title='bbox 1435 4495 1846 4561; x_wconf 87' lang='lat' dir='ltr'><strong>condemnasse,</strong></span> <span class='ocrx_word' id='word_1_461' title='bbox 1861 4496 2000 4566; x_wconf 91' lang='lat' dir='ltr'><strong>apud</strong></span> 
     </span>
    </p>
   </div>
   <div class='ocr_carea' id='block_1_63' title="bbox 479 4673 1718 4752">
    <p class='ocr_par' dir='ltr' id='par_1_63' title="bbox 479 4673 1718 4752">
     <span class='ocr_line' id='line_1_63' title="bbox 479 4673 1718 4752; baseline -0.005 -19"><span class='ocrx_word' id='word_1_462' title='bbox 479 4678 556 4752; x_wconf 87' lang='lat' dir='ltr'>(l)</span> <span class='ocrx_word' id='word_1_463' title='bbox 583 4678 640 4733; x_wconf 89' lang='lat' dir='ltr'><strong>ln</strong></span> <span class='ocrx_word' id='word_1_464' title='bbox 669 4678 778 4732; x_wconf 84' lang='lat' dir='ltr'><strong>vita</strong></span> <span class='ocrx_word' id='word_1_465' title='bbox 806 4675 1051 4740; x_wconf 89' lang='lat' dir='ltr'><strong>Damasi,</strong></span> <span class='ocrx_word' id='word_1_466' title='bbox 1078 4675 1224 4745; x_wconf 81' lang='lat' dir='ltr'><strong>quasi</strong></span> <span class='ocrx_word' id='word_1_467' title='bbox 1250 4673 1519 4728; x_wconf 81' lang='lat' dir='ltr'><strong>undecima</strong></span> <span class='ocrx_word' id='word_1_468' title='bbox 1542 4689 1718 4744; x_wconf 82' lang='lat' dir='ltr'><strong>usque.</strong></span> 
     </span>
    </p>
   </div>
   <div class='ocr_carea' id='block_1_64' title="bbox 481 4769 2012 4847">
    <p class='ocr_par' dir='ltr' id='par_1_64' title="bbox 481 4769 2012 4847">
     <span class='ocr_line' id='line_1_64' title="bbox 481 4769 2012 4847; baseline -0.001 -19"><span class='ocrx_word' id='word_1_469' title='bbox 481 4773 560 4847; x_wconf 69' lang='grc'>(9)</span> <span class='ocrx_word' id='word_1_470' title='bbox 589 4773 722 4828; x_wconf 86' lang='lat' dir='ltr'><strong>Ibid.</strong></span> <span class='ocrx_word' id='word_1_471' title='bbox 755 4773 1067 4847; x_wconf 64' lang='lat' dir='ltr'><strong>urgebantur</strong></span> <span class='ocrx_word' id='word_1_472' title='bbox 1093 4771 1161 4824; x_wconf 85' lang='lat' dir='ltr'><strong>ad</strong></span> <span class='ocrx_word' id='word_1_473' title='bbox 1188 4771 1524 4847; x_wconf 73' lang='lat' dir='ltr'><strong>baptismum,</strong></span> <span class='ocrx_word' id='word_1_474' title='bbox 1551 4779 1605 4824; x_wconf 79' lang='lat' dir='ltr'><strong>tit</strong></span> <span class='ocrx_word' id='word_1_475' title='bbox 1644 4771 1696 4824; x_wconf 83' lang='lat' dir='ltr'><strong>in</strong></span> <span class='ocrx_word' id='word_1_476' title='bbox 1737 4769 2012 4826; x_wconf 84' lang='lat' dir='ltr'><strong>Dominica</strong></span> 
     </span>
    </p>
   </div>
   <div class='ocr_carea' id='block_1_65' title="bbox 410 4841 1541 4900">
    <p class='ocr_par' dir='ltr' id='par_1_65' title="bbox 410 4841 1541 4900">
     <span class='ocr_line' id='line_1_65' title="bbox 410 4841 1541 4900; baseline -0.003 0"><span class='ocrx_word' id='word_1_477' title='bbox 410 4841 733 4900; x_wconf 20' lang='lat' dir='ltr'><strong>Peitl‘ecastes</strong></span> <span class='ocrx_word' id='word_1_478' title='bbox 761 4841 954 4897; x_wconf 76' lang='lat' dir='ltr'><strong>sabbati</strong></span> <span class='ocrx_word' id='word_1_479' title='bbox 986 4841 1149 4896; x_wconf 78' lang='lat' dir='ltr'><strong>Missa</strong></span> <span class='ocrx_word' id='word_1_480' title='bbox 1185 4843 1541 4897; x_wconf 77' lang='lat' dir='ltr'><strong>celebraretur.</strong></span> 
     </span>
    </p>
   </div>
   <div class='ocr_carea' id='block_1_66' title="bbox 481 4935 2012 5012">
    <p class='ocr_par' dir='ltr' id='par_1_66' title="bbox 481 4935 2012 5012">
     <span class='ocr_line' id='line_1_66' title="bbox 481 4935 2012 5012; baseline -0.002 -18"><span class='ocrx_word' id='word_1_481' title='bbox 481 4939 560 5012; x_wconf 75' lang='grc' dir='ltr'>(ὃ)</span> <span class='ocrx_word' id='word_1_482' title='bbox 607 4939 682 4992; x_wconf 84' lang='lat' dir='ltr'><strong>Ex</strong></span> <span class='ocrx_word' id='word_1_483' title='bbox 707 4937 795 5012; x_wconf 5' lang='lat' dir='ltr'><strong>(iis</strong></span> <span class='ocrx_word' id='word_1_484' title='bbox 833 4952 952 5012; x_wconf 85' lang='lat' dir='ltr'><strong>quae</strong></span> <span class='ocrx_word' id='word_1_485' title='bbox 993 4936 1249 5012; x_wconf 86' lang='lat' dir='ltr'><strong>deinceps</strong></span> <span class='ocrx_word' id='word_1_486' title='bbox 1286 4944 1606 5006; x_wconf 90' lang='lat' dir='ltr'><strong>sequuntur,</strong></span> <span class='ocrx_word' id='word_1_487' title='bbox 1636 4935 1759 4990; x_wconf 78' lang='lat' dir='ltr'><strong>vita:</strong></span> <span class='ocrx_word' id='word_1_488' title='bbox 1795 4935 2012 4994; x_wconf 89' lang='lat' dir='ltr'><strong>Damasi</strong></span> 
     </span>
    </p>
   </div>
   <div class='ocr_carea' id='block_1_67' title="bbox 409 5009 1067 5083">
    <p class='ocr_par' dir='ltr' id='par_1_67' title="bbox 409 5009 1067 5083">
     <span class='ocr_line' id='line_1_67' title="bbox 409 5009 1067 5083; baseline -0.008 -16"><span class='ocrx_word' id='word_1_489' title='bbox 409 5009 643 5083; x_wconf 83' lang='lat' dir='ltr'><strong>scriptor</strong></span> <span class='ocrx_word' id='word_1_490' title='bbox 669 5009 799 5064; x_wconf 91' lang='lat' dir='ltr'><strong>nihil</strong></span> <span class='ocrx_word' id='word_1_491' title='bbox 820 5009 1067 5079; x_wconf 88' lang='lat' dir='ltr'><strong>arripuit.</strong></span> 
     </span>
    </p>
   </div>
   <div class='ocr_carea' id='block_1_68' title="bbox 486 5099 1778 5178">
    <p class='ocr_par' dir='ltr' id='par_1_68' title="bbox 486 5099 1778 5178">
     <span class='ocr_line' id='line_1_68' title="bbox 486 5099 1778 5178; baseline -0.005 -18"><span class='ocrx_word' id='word_1_492' title='bbox 486 5105 566 5178; x_wconf 71' lang='lat'>(4)</span> <span class='ocrx_word' id='word_1_493' title='bbox 589 5104 753 5175; x_wconf 84' lang='lat' dir='ltr'><strong>Lege,</strong></span> <span class='ocrx_word' id='word_1_494' title='bbox 780 5102 1047 5156; x_wconf 80' lang='lat' dir='ltr'><strong>victoriam</strong></span> <span class='ocrx_word' id='word_1_495' title='bbox 1072 5104 1264 5172; x_wconf 81' lang='lat' dir='ltr'><strong>fuerat,</strong></span> <span class='ocrx_word' id='word_1_496' title='bbox 1296 5099 1439 5154; x_wconf 84' lang='lat' dir='ltr'><strong>clara</strong></span> <span class='ocrx_word' id='word_1_497' title='bbox 1468 5115 1588 5155; x_wconf 82' lang='lat' dir='ltr'><strong>voce</strong></span> <span class='ocrx_word' id='word_1_498' title='bbox 1608 5115 1778 5154; x_wconf 81' lang='lat' dir='ltr'><strong>sensu.</strong></span> 
     </span>
    </p>
   </div>
   <div class='ocr_carea' id='block_1_69' title="bbox 484 5195 2013 5278">
    <p class='ocr_par' dir='ltr' id='par_1_69' title="bbox 484 5195 2013 5278">
     <span class='ocr_line' id='line_1_69' title="bbox 484 5195 2013 5278; baseline -0.004 -20"><span class='ocrx_word' id='word_1_499' title='bbox 484 5205 562 5278; x_wconf 85' lang='lat'>(5)</span> <span class='ocrx_word' id='word_1_500' title='bbox 587 5201 980 5278; x_wconf 79' lang='lat' dir='ltr'><strong>Constantinus</strong></span> <span class='ocrx_word' id='word_1_501' title='bbox 1017 5197 1260 5269; x_wconf 85' lang='lat' dir='ltr'><strong>Magnus,</strong></span> <span class='ocrx_word' id='word_1_502' title='bbox 1293 5211 1401 5250; x_wconf 91' lang='lat' dir='ltr'><strong>non</strong></span> <span class='ocrx_word' id='word_1_503' title='bbox 1438 5195 1830 5278; x_wconf 44' lang='lat' dir='ltr'><strong>is_impe[a_t_i_ir.</strong></span> <span class='ocrx_word' id='word_1_504' title='bbox 1860 5195 2013 5278; x_wconf 81' lang='lat' dir='ltr'><strong>cujus</strong></span> 
     </span>
    </p>
   </div>
   <div class='ocr_carea' id='block_1_70' title="bbox 410 5266 2015 5347">
    <p class='ocr_par' dir='ltr' id='par_1_70' title="bbox 410 5266 2015 5347">
     <span class='ocr_line' id='line_1_70' title="bbox 410 5266 2015 5347; baseline -0.003 -20"><span class='ocrx_word' id='word_1_505' title='bbox 410 5266 561 5347; x_wconf 81' lang='lat' dir='ltr'><strong>jussu</strong></span> <span class='ocrx_word' id='word_1_506' title='bbox 587 5275 832 5347; x_wconf 76' lang='lat' dir='ltr'><strong>Liberius</strong></span> <span class='ocrx_word' id='word_1_507' title='bbox 851 5266 1126 5347; x_wconf 77' lang='lat' dir='ltr'><strong>relegatus</strong></span> <span class='ocrx_word' id='word_1_508' title='bbox 1146 5279 1254 5347; x_wconf 74' lang='lat' dir='ltr'><strong>est,</strong></span> <span class='ocrx_word' id='word_1_509' title='bbox 1282 5266 1650 5347; x_wconf 80' lang='lat' dir='ltr'><strong>anno_ChriSti</strong></span> <span class='ocrx_word' id='word_1_510' title='bbox 1673 5267 2015 5347; x_wconf 55' lang='lat' dir='ltr'><strong>55i,in_sub—</strong></span> 
     </span>
    </p>
   </div>
   <div class='ocr_carea' id='block_1_71' title="bbox 415 5337 2016 5409">
    <p class='ocr_par' dir='ltr' id='par_1_71' title="bbox 415 5337 2016 5409">
     <span class='ocr_line' id='line_1_71' title="bbox 415 5337 2016 5409; baseline -0.006 -7"><span class='ocrx_word' id='word_1_511' title='bbox 415 5337 633 5402; x_wconf 68' lang='lat' dir='ltr'><strong>lirhanis</strong></span> <span class='ocrx_word' id='word_1_512' title='bbox 657 5337 990 5399; x_wconf 58' lang='lat' dir='ltr'><strong>Nicomedia?</strong></span> <span class='ocrx_word' id='word_1_513' title='bbox 1017 5341 1336 5409; x_wconf 83' lang='lat' dir='ltr'><strong>baptizatus,</strong></span> <span class='ocrx_word' id='word_1_514' title='bbox 1376 5337 1682 5407; x_wconf 85' lang='lat' dir='ltr'><strong>ibidemque</strong></span> <span class='ocrx_word' id='word_1_515' title='bbox 1729 5340 1835 5391; x_wconf 87' lang='lat' dir='ltr'><strong>vita</strong></span> <span class='ocrx_word' id='word_1_516' title='bbox 1865 5339 2016 5393; x_wconf 89' lang='lat' dir='ltr'><strong>func-</strong></span> 
     </span>
    </p>
   </div>
   <div class='ocr_carea' id='block_1_72' title="bbox 414 5409 2012 5481">
    <p class='ocr_par' dir='ltr' id='par_1_72' title="bbox 414 5409 2012 5481">
     <span class='ocr_line' id='line_1_72' title="bbox 414 5409 2012 5481; baseline -0.006 -9"><span class='ocrx_word' id='word_1_517' title='bbox 414 5429 498 5472; x_wconf 86' lang='lat' dir='ltr'><strong>tus</strong></span> <span class='ocrx_word' id='word_1_518' title='bbox 520 5421 586 5472; x_wconf 92' lang='lat' dir='ltr'><strong>ab</strong></span> <span class='ocrx_word' id='word_1_519' title='bbox 619 5415 854 5471; x_wconf 89' lang='lat' dir='ltr'><strong>Eusebio</strong></span> <span class='ocrx_word' id='word_1_520' title='bbox 875 5415 927 5468; x_wconf 90' lang='lat' dir='ltr'><strong>iti</strong></span> <span class='ocrx_word' id='word_1_521' title='bbox 950 5413 1088 5468; x_wconf 90' lang='lat' dir='ltr'><strong>libro</strong></span> <span class='ocrx_word' id='word_1_522' title='bbox 1119 5428 1170 5466; x_wconf 87' lang='lat' dir='ltr'><strong>tv</strong></span> <span class='ocrx_word' id='word_1_523' title='bbox 1200 5411 1333 5466; x_wconf 77' lang='lat' dir='ltr'><strong>Vita:</strong></span> <span class='ocrx_word' id='word_1_524' title='bbox 1354 5412 1494 5481; x_wconf 88' lang='lat' dir='ltr'><strong>ejus,</strong></span> <span class='ocrx_word' id='word_1_525' title='bbox 1522 5423 1642 5479; x_wconf 80' lang='lat' dir='ltr'><strong>eap.</strong></span> <span class='ocrx_word' id='word_1_526' title='bbox 1671 5409 1736 5465; x_wconf 78' lang='grc'>61</span> <span class='ocrx_word' id='word_1_527' title='bbox 1759 5420 1811 5464; x_wconf 89' lang='lat' dir='ltr'><strong>et</strong></span> <span class='ocrx_word' id='word_1_528' title='bbox 1831 5424 2012 5481; x_wconf 86' lang='lat' dir='ltr'><strong>seqq.,</strong></span> 
     </span>
    </p>
   </div>
   <div class='ocr_carea' id='block_1_73' title="bbox 416 5498 688 5544">
    <p class='ocr_par' dir='ltr' id='par_1_73' title="bbox 416 5498 688 5544">
     <span class='ocr_line' id='line_1_73' title="bbox 416 5498 688 5544; baseline -0.018 0"><span class='ocrx_word' id='word_1_529' title='bbox 416 5498 688 5544; x_wconf 88' lang='lat' dir='ltr'><strong>narratur.</strong></span> 
     </span>
    </p>
   </div>
   <div class='ocr_carea' id='block_1_74' title="bbox 490 5574 2018 5653">
    <p class='ocr_par' dir='ltr' id='par_1_74' title="bbox 490 5574 2018 5653">
     <span class='ocr_line' id='line_1_74' title="bbox 490 5574 2018 5653; baseline -0.005 -16"><span class='ocrx_word' id='word_1_530' title='bbox 490 5584 571 5653; x_wconf 84' lang='lat'>(6)</span> <span class='ocrx_word' id='word_1_531' title='bbox 599 5579 910 5636; x_wconf 89' lang='lat' dir='ltr'><strong>Constantis</strong></span> <span class='ocrx_word' id='word_1_532' title='bbox 936 5578 1127 5633; x_wconf 90' lang='lat' dir='ltr'><strong>tertius</strong></span> <span class='ocrx_word' id='word_1_533' title='bbox 1152 5577 1462 5630; x_wconf 87' lang='lat' dir='ltr'><strong>consulatus</strong></span> <span class='ocrx_word' id='word_1_534' title='bbox 1493 5575 1546 5629; x_wconf 92' lang='lat' dir='ltr'><strong>in</strong></span> <span class='ocrx_word' id='word_1_535' title='bbox 1566 5590 1787 5653; x_wconf 87' lang='lat' dir='ltr'><strong>_annum</strong></span> <span class='ocrx_word' id='word_1_536' title='bbox 1815 5574 2018 5653; x_wconf 76' lang='lat' dir='ltr'><strong>Christi</strong></span> 
     </span>
    </p>
   </div>
   <div class='ocr_carea' id='block_1_75' title="bbox 419 5646 2010 5720">
    <p class='ocr_par' dir='ltr' id='par_1_75' title="bbox 419 5646 2010 5720">
     <span class='ocr_line' id='line_1_75' title="bbox 419 5646 2010 5720; baseline -0.009 -9"><span class='ocrx_word' id='word_1_537' title='bbox 419 5646 523 5712; x_wconf 72' lang='lat'><strong>546</strong></span> <span class='ocrx_word' id='word_1_538' title='bbox 555 5646 755 5709; x_wconf 50' lang='lat' dir='ltr'><strong>&#39;incidit</strong></span> <span class='ocrx_word' id='word_1_539' title='bbox 780 5670 794 5704; x_wconf 90' lang='lat'><strong>:</strong></span> <span class='ocrx_word' id='word_1_540' title='bbox 820 5653 872 5705; x_wconf 91' lang='lat' dir='ltr'><strong>in</strong></span> <span class='ocrx_word' id='word_1_541' title='bbox 911 5665 1068 5720; x_wconf 87' lang='lat' dir='ltr'><strong>quem</strong></span> <span class='ocrx_word' id='word_1_542' title='bbox 1103 5662 1520 5720; x_wconf 17' lang='grc' dir='ltr'><strong>ειιιηιιιηᾼηθειυε</strong></span> <span class='ocrx_word' id='word_1_543' title='bbox 1556 5646 1896 5720; x_wconf 75' lang='lat' dir='ltr'><strong>Consmntiiii</strong></span> <span class='ocrx_word' id='word_1_544' title='bbox 1929 5662 2010 5720; x_wconf 52' lang='lat' dir='ltr'><strong>pag</strong></span> 
     </span>
    </p>
   </div>
   <div class='ocr_carea' id='block_1_76' title="bbox 419 5717 2020 5806">
    <p class='ocr_par' dir='ltr' id='par_1_76' title="bbox 419 5717 2020 5806">
     <span class='ocr_line' id='line_1_76' title="bbox 419 5717 2020 5806; baseline -0.006 -22"><span class='ocrx_word' id='word_1_545' title='bbox 419 5732 534 5797; x_wconf 90' lang='lat' dir='ltr'><strong>tris,</strong></span> <span class='ocrx_word' id='word_1_546' title='bbox 569 5740 744 5795; x_wconf 88' lang='lat' dir='ltr'><strong>neque</strong></span> <span class='ocrx_word' id='word_1_547' title='bbox 773 5723 867 5806; x_wconf 75' lang='lat' dir='ltr'><strong>filii</strong></span> <span class='ocrx_word' id='word_1_548' title='bbox 895 5717 1012 5793; x_wconf 87' lang='lat' dir='ltr'><strong>ejus</strong></span> <span class='ocrx_word' id='word_1_549' title='bbox 1037 5717 1358 5785; x_wconf 79' lang='lat' dir='ltr'><strong>Constantii,</strong></span> <span class='ocrx_word' id='word_1_550' title='bbox 1412 5718 1571 5792; x_wconf 88' lang='lat' dir='ltr'><strong>longe</strong></span> <span class='ocrx_word' id='word_1_551' title='bbox 1621 5720 1797 5775; x_wconf 91' lang='lat' dir='ltr'><strong>minus</strong></span> <span class='ocrx_word' id='word_1_552' title='bbox 1823 5717 2020 5775; x_wconf 88' lang='lat' dir='ltr'><strong>Liberii</strong></span> 
     </span>
    </p>
   </div>
   <div class='ocr_carea' id='block_1_77' title="bbox 416 5806 856 5855">
    <p class='ocr_par' dir='ltr' id='par_1_77' title="bbox 416 5806 856 5855">
     <span class='ocr_line' id='line_1_77' title="bbox 416 5806 856 5855; baseline -0.016 0"><span class='ocrx_word' id='word_1_553' title='bbox 416 5816 561 5855; x_wconf 87' lang='lat' dir='ltr'><strong>mors</strong></span> <span class='ocrx_word' id='word_1_554' title='bbox 582 5814 682 5852; x_wconf 76' lang='grc' dir='ltr'><strong>ςυη</strong></span> <span class='ocrx_word' id='word_1_555' title='bbox 691 5806 856 5850; x_wconf 74' lang='grc' dir='ltr'><strong>νθιιιῐ.</strong></span> 
     </span>
    </p>
   </div>
   <div class='ocr_carea' id='block_1_78' title="bbox 2105 1875 3705 1948">
    <p class='ocr_par' dir='ltr' id='par_1_78' title="bbox 2105 1875 3705 1948">
     <span class='ocr_line' id='line_1_78' title="bbox 2105 1875 3705 1948; baseline -0.003 -15"><span class='ocrx_word' id='word_1_556' title='bbox 2105 1879 2251 1948; x_wconf 82' lang='lat' dir='ltr'><strong>ginta</strong></span> <span class='ocrx_word' id='word_1_557' title='bbox 2297 1879 2674 1946; x_wconf 90' lang='lat' dir='ltr'><strong>episcoporum</strong></span> <span class='ocrx_word' id='word_1_558' title='bbox 2721 1875 3102 1947; x_wconf 64' lang='lat' dir='ltr'><strong>Egyptiorum</strong></span> <span class='ocrx_word' id='word_1_559' title='bbox 3140 1875 3208 1930; x_wconf 92' lang='lat' dir='ltr'><strong>de</strong></span> <span class='ocrx_word' id='word_1_560' title='bbox 3243 1875 3541 1931; x_wconf 86' lang='lat' dir='ltr'><strong>Athanasio</strong></span> <span class='ocrx_word' id='word_1_561' title='bbox 3580 1888 3705 1930; x_wconf 88' lang='lat' dir='ltr'><strong>seti-</strong></span> 
     </span>
    </p>
   </div>
   <div class='ocr_carea' id='block_1_79' title="bbox 2106 1969 3705 2040">
    <p class='ocr_par' dir='ltr' id='par_1_79' title="bbox 2106 1969 3705 2040">
     <span class='ocr_line' id='line_1_79' title="bbox 2106 1969 3705 2040; baseline -0.001 -15"><span class='ocrx_word' id='word_1_562' title='bbox 2106 1971 2270 2025; x_wconf 88' lang='lat' dir='ltr'><strong>tentia</strong></span> <span class='ocrx_word' id='word_1_563' title='bbox 2307 1988 2325 2022; x_wconf 72' lang='lat' dir='ltr'><strong>i</strong></span> <span class='ocrx_word' id='word_1_564' title='bbox 2374 1969 2618 2039; x_wconf 89' lang='lat' dir='ltr'><strong>petitioni</strong></span> <span class='ocrx_word' id='word_1_565' title='bbox 2650 1970 2886 2038; x_wconf 78' lang='lat' dir='ltr'><strong>ipSoriim</strong></span> <span class='ocrx_word' id='word_1_566' title='bbox 2914 1969 3251 2040; x_wconf 85' lang='lat' dir='ltr'><strong>repugnabat</strong></span> <span class='ocrx_word' id='word_1_567' title='bbox 3277 1985 3290 2022; x_wconf 93' lang='lat'><strong>:</strong></span> <span class='ocrx_word' id='word_1_568' title='bbox 3328 1987 3347 2020; x_wconf 68' lang='grc' dir='ltr'><strong><em>ι</em></strong></span> <span class='ocrx_word' id='word_1_569' title='bbox 3379 1976 3434 2022; x_wconf 89' lang='lat' dir='ltr'><strong>et</strong></span> <span class='ocrx_word' id='word_1_570' title='bbox 3467 1985 3486 2018; x_wconf 84' lang='grc'><strong>‹</strong></span> <span class='ocrx_word' id='word_1_571' title='bbox 3514 1979 3705 2023; x_wconf 82' lang='lat' dir='ltr'><strong>contra</strong></span> 
     </span>
    </p>
   </div>
   <div class='ocr_carea' id='block_1_80' title="bbox 2105 2062 3704 2134">
    <p class='ocr_par' dir='ltr' id='par_1_80' title="bbox 2105 2062 3704 2134">
     <span class='ocr_line' id='line_1_80' title="bbox 2105 2062 3704 2134; baseline -0.001 -16"><span class='ocrx_word' id='word_1_572' title='bbox 2105 2065 2340 2118; x_wconf 87' lang='lat' dir='ltr'><strong>divinam</strong></span> <span class='ocrx_word' id='word_1_573' title='bbox 2366 2064 2537 2134; x_wconf 83' lang='lat' dir='ltr'><strong>legem</strong></span> <span class='ocrx_word' id='word_1_574' title='bbox 2569 2063 2743 2118; x_wconf 92' lang='lat' dir='ltr'><strong>visum</strong></span> <span class='ocrx_word' id='word_1_575' title='bbox 2770 2073 2884 2128; x_wconf 90' lang='lat' dir='ltr'><strong>est;</strong></span> <span class='ocrx_word' id='word_1_576' title='bbox 2927 2078 3048 2118; x_wconf 90' lang='lat' dir='ltr'><strong>cum</strong></span> <span class='ocrx_word' id='word_1_577' title='bbox 3095 2062 3472 2133; x_wconf 89' lang='lat' dir='ltr'><strong>episcoporum</strong></span> <span class='ocrx_word' id='word_1_578' title='bbox 3511 2075 3704 2116; x_wconf 89' lang='lat' dir='ltr'><strong>nume-</strong></span> 
     </span>
    </p>
   </div>
   <div class='ocr_carea' id='block_1_81' title="bbox 2106 2154 3702 2226">
    <p class='ocr_par' dir='ltr' id='par_1_81' title="bbox 2106 2154 3702 2226">
     <span class='ocr_line' id='line_1_81' title="bbox 2106 2154 3702 2226; baseline -0.003 -14"><span class='ocrx_word' id='word_1_579' title='bbox 2106 2171 2198 2212; x_wconf 91' lang='lat' dir='ltr'><strong>rus</strong></span> <span class='ocrx_word' id='word_1_580' title='bbox 2245 2171 2339 2226; x_wconf 91' lang='lat' dir='ltr'><strong>pro</strong></span> <span class='ocrx_word' id='word_1_581' title='bbox 2385 2154 2682 2210; x_wconf 86' lang='lat' dir='ltr'><strong>Athanasio</strong></span> <span class='ocrx_word' id='word_1_582' title='bbox 2729 2155 2900 2224; x_wconf 88' lang='lat' dir='ltr'><strong>major</strong></span> <span class='ocrx_word' id='word_1_583' title='bbox 2935 2155 3212 2222; x_wconf 82' lang='lat' dir='ltr'><strong>existeret,</strong></span> <span class='ocrx_word' id='word_1_584' title='bbox 3252 2173 3272 2206; x_wconf 75' lang='grc' dir='ltr'><strong><em>ι</em></strong></span> <span class='ocrx_word' id='word_1_585' title='bbox 3321 2169 3480 2225; x_wconf 89' lang='lat' dir='ltr'><strong>quam</strong></span> <span class='ocrx_word' id='word_1_586' title='bbox 3512 2168 3702 2208; x_wconf 90' lang='lat' dir='ltr'><strong>eorum</strong></span> 
     </span>
    </p>
   </div>
   <div class='ocr_carea' id='block_1_82' title="bbox 2104 2245 3706 2320">
    <p class='ocr_par' dir='ltr' id='par_1_82' title="bbox 2104 2245 3706 2320">
     <span class='ocr_line' id='line_1_82' title="bbox 2104 2245 3706 2320; baseline -0.001 -20"><span class='ocrx_word' id='word_1_587' title='bbox 2104 2249 2195 2320; x_wconf 87' lang='lat' dir='ltr'><strong>qui</strong></span> <span class='ocrx_word' id='word_1_588' title='bbox 2226 2249 2402 2304; x_wconf 89' lang='lat' dir='ltr'><strong>eidem</strong></span> <span class='ocrx_word' id='word_1_589' title='bbox 2431 2247 2879 2315; x_wconf 87' lang='lat' dir='ltr'><strong>adversabantur,</strong></span> <span class='ocrx_word' id='word_1_590' title='bbox 2913 2245 2996 2300; x_wconf 88' lang='lat' dir='ltr'><strong>his</strong></span> <span class='ocrx_word' id='word_1_591' title='bbox 3027 2265 3046 2299; x_wconf 74' lang='grc' dir='ltr'>ι</span> <span class='ocrx_word' id='word_1_592' title='bbox 3078 2246 3130 2301; x_wconf 87' lang='lat' dir='ltr'><strong>in</strong></span> <span class='ocrx_word' id='word_1_593' title='bbox 3161 2253 3312 2317; x_wconf 88' lang='lat' dir='ltr'><strong>parte</strong></span> <span class='ocrx_word' id='word_1_594' title='bbox 3346 2245 3526 2315; x_wconf 89' lang='lat' dir='ltr'><strong>aliqua</strong></span> <span class='ocrx_word' id='word_1_595' title='bbox 3557 2259 3706 2299; x_wconf 74' lang='lat' dir='ltr'><strong>eom-</strong></span> 
     </span>
    </p>
   </div>
   <div class='ocr_carea' id='block_1_83' title="bbox 2107 2342 2767 2397">
    <p class='ocr_par' dir='ltr' id='par_1_83' title="bbox 2107 2342 2767 2397">
     <span class='ocr_line' id='line_1_83' title="bbox 2107 2342 2767 2397; baseline -0.008 0"><span class='ocrx_word' id='word_1_596' title='bbox 2107 2342 2332 2397; x_wconf 86' lang='lat' dir='ltr'><strong>modare</strong></span> <span class='ocrx_word' id='word_1_597' title='bbox 2363 2355 2713 2397; x_wconf 88' lang='lat' dir='ltr'><strong>eonsensum.</strong></span> <span class='ocrx_word' id='word_1_598' title='bbox 2748 2360 2767 2392; x_wconf 84' lang='grc'><strong>›</strong></span> 
     </span>
    </p>
   </div>
   <div class='ocr_carea' id='block_1_84' title="bbox 2177 2429 3704 2489">
    <p class='ocr_par' dir='ltr' id='par_1_84' title="bbox 2177 2429 3704 2489">
     <span class='ocr_line' id='line_1_84' title="bbox 2177 2429 3704 2489; baseline -0.003 0"><span class='ocrx_word' id='word_1_599' title='bbox 2177 2433 2241 2489; x_wconf 88' lang='lat' dir='ltr'><strong>ll.</strong></span> <span class='ocrx_word' id='word_1_600' title='bbox 2275 2432 2568 2489; x_wconf 89' lang='lat' dir='ltr'><strong>Dicendiue</strong></span> <span class='ocrx_word' id='word_1_601' title='bbox 2609 2441 2735 2486; x_wconf 88' lang='lat' dir='ltr'><strong>sunt</strong></span> <span class='ocrx_word' id='word_1_602' title='bbox 2768 2431 3075 2488; x_wconf 89' lang='lat' dir='ltr'><strong>Orientales</strong></span> <span class='ocrx_word' id='word_1_603' title='bbox 3115 2429 3317 2486; x_wconf 91' lang='lat' dir='ltr'><strong>Liberii</strong></span> <span class='ocrx_word' id='word_1_604' title='bbox 3353 2429 3590 2484; x_wconf 88' lang='lat' dir='ltr'><strong>animum</strong></span> <span class='ocrx_word' id='word_1_605' title='bbox 3624 2431 3704 2485; x_wconf 91' lang='lat' dir='ltr'><strong>sic</strong></span> 
     </span>
    </p>
   </div>
   <div class='ocr_carea' id='block_1_85' title="bbox 2106 2521 3706 2597">
    <p class='ocr_par' dir='ltr' id='par_1_85' title="bbox 2106 2521 3706 2597">
     <span class='ocr_line' id='line_1_85' title="bbox 2106 2521 3706 2597; baseline -0.002 -18"><span class='ocrx_word' id='word_1_606' title='bbox 2106 2527 2483 2597; x_wconf 71' lang='lat' dir='ltr'><strong>prmvertisse,</strong></span> <span class='ocrx_word' id='word_1_607' title='bbox 2536 2535 2594 2579; x_wconf 90' lang='lat' dir='ltr'><strong>ut</strong></span> <span class='ocrx_word' id='word_1_608' title='bbox 2651 2541 2774 2580; x_wconf 89' lang='lat' dir='ltr'><strong>eunt</strong></span> <span class='ocrx_word' id='word_1_609' title='bbox 2826 2524 2892 2578; x_wconf 90' lang='lat' dir='ltr'><strong>ad</strong></span> <span class='ocrx_word' id='word_1_610' title='bbox 2946 2523 3292 2588; x_wconf 76' lang='lat' dir='ltr'><strong>Athanasium</strong></span> <span class='ocrx_word' id='word_1_611' title='bbox 3340 2521 3706 2576; x_wconf 86' lang='lat' dir='ltr'><strong>damnandum</strong></span> 
     </span>
    </p>
   </div>
   <div class='ocr_carea' id='block_1_86' title="bbox 2103 2614 3704 2689">
    <p class='ocr_par' dir='ltr' id='par_1_86' title="bbox 2103 2614 3704 2689">
     <span class='ocr_line' id='line_1_86' title="bbox 2103 2614 3704 2689; baseline -0.006 -13"><span class='ocrx_word' id='word_1_612' title='bbox 2103 2632 2228 2676; x_wconf 88' lang='lat' dir='ltr'><strong>ante</strong></span> <span class='ocrx_word' id='word_1_613' title='bbox 2255 2619 2583 2686; x_wconf 81' lang='lat' dir='ltr'><strong>induxerint,</strong></span> <span class='ocrx_word' id='word_1_614' title='bbox 2619 2634 2778 2689; x_wconf 86' lang='lat' dir='ltr'><strong>quain</strong></span> <span class='ocrx_word' id='word_1_615' title='bbox 2810 2617 2881 2673; x_wconf 91' lang='lat'><strong>80</strong></span> <span class='ocrx_word' id='word_1_616' title='bbox 2907 2617 3287 2687; x_wconf 62' lang='lat' dir='ltr'><strong>episc0porutn</strong></span> <span class='ocrx_word' id='word_1_617' title='bbox 3327 2614 3704 2686; x_wconf 63' lang='lat' dir='ltr'><strong>Egyptiornm</strong></span> 
     </span>
    </p>
   </div>
   <div class='ocr_carea' id='block_1_87' title="bbox 2104 2706 3706 2782">
    <p class='ocr_par' dir='ltr' id='par_1_87' title="bbox 2104 2706 3706 2782">
     <span class='ocr_line' id='line_1_87' title="bbox 2104 2706 3706 2782; baseline -0.007 -11"><span class='ocrx_word' id='word_1_618' title='bbox 2104 2717 2298 2771; x_wconf 68' lang='lat' dir='ltr'><strong>littera:</strong></span> <span class='ocrx_word' id='word_1_619' title='bbox 2337 2713 2559 2767; x_wconf 79' lang='lat' dir='ltr'><strong>Romam</strong></span> <span class='ocrx_word' id='word_1_620' title='bbox 2595 2710 3007 2782; x_wconf 72' lang='lat' dir='ltr'><strong>pervenissent?</strong></span> <span class='ocrx_word' id='word_1_621' title='bbox 3055 2714 3121 2764; x_wconf 83' lang='lat' dir='ltr'><strong>At</strong></span> <span class='ocrx_word' id='word_1_622' title='bbox 3167 2710 3265 2764; x_wconf 85' lang='lat' dir='ltr'><strong>has</strong></span> <span class='ocrx_word' id='word_1_623' title='bbox 3294 2711 3408 2778; x_wconf 87' lang='lat' dir='ltr'><strong>ipse</strong></span> <span class='ocrx_word' id='word_1_624' title='bbox 3457 2706 3706 2762; x_wconf 84' lang='lat' dir='ltr'><strong>Liberius</strong></span> 
     </span>
    </p>
   </div>
   <div class='ocr_carea' id='block_1_88' title="bbox 2104 2799 3708 2874">
    <p class='ocr_par' dir='ltr' id='par_1_88' title="bbox 2104 2799 3708 2874">
     <span class='ocr_line' id='line_1_88' title="bbox 2104 2799 3708 2874; baseline -0.009 -11"><span class='ocrx_word' id='word_1_625' title='bbox 2104 2808 2204 2863; x_wconf 86' lang='lat' dir='ltr'><strong>sibi</strong></span> <span class='ocrx_word' id='word_1_626' title='bbox 2236 2826 2254 2858; x_wconf 71' lang='grc' dir='ltr'><strong><em>ι</em></strong></span> <span class='ocrx_word' id='word_1_627' title='bbox 2281 2806 2470 2860; x_wconf 91' lang='lat' dir='ltr'><strong>eodem</strong></span> <span class='ocrx_word' id='word_1_628' title='bbox 2497 2814 2738 2874; x_wconf 88' lang='lat' dir='ltr'><strong>tempore</strong></span> <span class='ocrx_word' id='word_1_629' title='bbox 2767 2823 2786 2854; x_wconf 72' lang='grc' dir='ltr'><strong><em>ι</em></strong></span> <span class='ocrx_word' id='word_1_630' title='bbox 2819 2802 3044 2856; x_wconf 88' lang='lat' dir='ltr'><strong>traditas</strong></span> <span class='ocrx_word' id='word_1_631' title='bbox 3067 2800 3402 2862; x_wconf 81' lang='lat' dir='ltr'><strong>testificatur,</strong></span> <span class='ocrx_word' id='word_1_632' title='bbox 3429 2814 3538 2869; x_wconf 90' lang='lat' dir='ltr'><strong>quo</strong></span> <span class='ocrx_word' id='word_1_633' title='bbox 3567 2799 3708 2851; x_wconf 89' lang='lat' dir='ltr'><strong>litte-</strong></span> 
     </span>
    </p>
   </div>
   <div class='ocr_carea' id='block_1_89' title="bbox 2104 2889 3708 2965">
    <p class='ocr_par' dir='ltr' id='par_1_89' title="bbox 2104 2889 3708 2965">
     <span class='ocr_line' id='line_1_89' title="bbox 2104 2889 3708 2965; baseline -0.007 -11"><span class='ocrx_word' id='word_1_634' title='bbox 2104 2914 2194 2954; x_wconf 88' lang='lat' dir='ltr'><strong>ras</strong></span> <span class='ocrx_word' id='word_1_635' title='bbox 2242 2896 2594 2952; x_wconf 82' lang='lat' dir='ltr'><strong>Orientalium</strong></span> <span class='ocrx_word' id='word_1_636' title='bbox 2625 2897 2856 2965; x_wconf 89' lang='lat' dir='ltr'><strong>accepit.</strong></span> <span class='ocrx_word' id='word_1_637' title='bbox 2900 2893 3098 2948; x_wconf 81' lang='lat' dir='ltr'><strong>Verum</strong></span> <span class='ocrx_word' id='word_1_638' title='bbox 3143 2892 3351 2946; x_wconf 89' lang='lat' dir='ltr'><strong>etiamsi</strong></span> <span class='ocrx_word' id='word_1_639' title='bbox 3403 2889 3708 2944; x_wconf 86' lang='lat' dir='ltr'><strong>Orientales</strong></span> 
     </span>
    </p>
   </div>
   <div class='ocr_carea' id='block_1_90' title="bbox 2107 2981 3707 3060">
    <p class='ocr_par' dir='ltr' id='par_1_90' title="bbox 2107 2981 3707 3060">
     <span class='ocr_line' id='line_1_90' title="bbox 2107 2981 3707 3060; baseline -0.009 -14"><span class='ocrx_word' id='word_1_640' title='bbox 2107 2991 2206 3046; x_wconf 91' lang='lat' dir='ltr'><strong>hac</strong></span> <span class='ocrx_word' id='word_1_641' title='bbox 2237 2991 2289 3044; x_wconf 93' lang='lat' dir='ltr'><strong>in</strong></span> <span class='ocrx_word' id='word_1_642' title='bbox 2322 3005 2380 3044; x_wconf 91' lang='lat' dir='ltr'><strong>re</strong></span> <span class='ocrx_word' id='word_1_643' title='bbox 2412 2987 2675 3060; x_wconf 60' lang='lat' dir='ltr'><strong>Egyptiis</strong></span> <span class='ocrx_word' id='word_1_644' title='bbox 2704 2986 2973 3056; x_wconf 86' lang='lat' dir='ltr'><strong>episcopis</strong></span> <span class='ocrx_word' id='word_1_645' title='bbox 2999 2982 3373 3054; x_wconf 81' lang='lat' dir='ltr'><strong>diligentiores</strong></span> <span class='ocrx_word' id='word_1_646' title='bbox 3413 2981 3578 3036; x_wconf 84' lang='lat' dir='ltr'><strong>fuisse</strong></span> <span class='ocrx_word' id='word_1_647' title='bbox 3607 2996 3707 3049; x_wconf 82' lang='lat' dir='ltr'><strong>po-</strong></span> 
     </span>
    </p>
   </div>
   <div class='ocr_carea' id='block_1_91' title="bbox 2108 3073 3703 3148">
    <p class='ocr_par' dir='ltr' id='par_1_91' title="bbox 2108 3073 3703 3148">
     <span class='ocr_line' id='line_1_91' title="bbox 2108 3073 3703 3148; baseline -0.009 -7"><span class='ocrx_word' id='word_1_648' title='bbox 2108 3098 2382 3148; x_wconf 88' lang='lat' dir='ltr'><strong>neremus,</strong></span> <span class='ocrx_word' id='word_1_649' title='bbox 2413 3083 2542 3138; x_wconf 90' lang='lat' dir='ltr'><strong>nihil</strong></span> <span class='ocrx_word' id='word_1_650' title='bbox 2571 3094 2746 3137; x_wconf 83' lang='lat' dir='ltr'><strong>tamen</strong></span> <span class='ocrx_word' id='word_1_651' title='bbox 2777 3081 2899 3134; x_wconf 89' lang='lat' dir='ltr'><strong>inde</strong></span> <span class='ocrx_word' id='word_1_652' title='bbox 2927 3080 3286 3134; x_wconf 88' lang='lat' dir='ltr'><strong>conficeretur</strong></span> <span class='ocrx_word' id='word_1_653' title='bbox 3315 3074 3562 3138; x_wconf 89' lang='lat' dir='ltr'><strong>omnino,</strong></span> <span class='ocrx_word' id='word_1_654' title='bbox 3596 3073 3703 3126; x_wconf 89' lang='lat' dir='ltr'><strong>nisi</strong></span> 
     </span>
    </p>
   </div>
   <div class='ocr_carea' id='block_1_92' title="bbox 2028 3165 3697 3246">
    <p class='ocr_par' dir='ltr' id='par_1_92' title="bbox 2028 3165 3697 3246">
     <span class='ocr_line' id='line_1_92' title="bbox 2028 3165 3697 3246; baseline -0.007 -16"><span class='ocrx_word' id='word_1_655' title='bbox 2028 3167 2073 3230; x_wconf 85' lang='lat' dir='ltr'><strong>C</strong></span> <span class='ocrx_word' id='word_1_656' title='bbox 2107 3177 2266 3233; x_wconf 90' lang='lat' dir='ltr'><strong>simul</strong></span> <span class='ocrx_word' id='word_1_657' title='bbox 2299 3177 2642 3246; x_wconf 88' lang='lat' dir='ltr'><strong>largireiiiur,</strong></span> <span class='ocrx_word' id='word_1_658' title='bbox 2674 3185 2728 3230; x_wconf 90' lang='lat' dir='ltr'><strong>et</strong></span> <span class='ocrx_word' id='word_1_659' title='bbox 2755 3173 3057 3234; x_wconf 87' lang='lat' dir='ltr'><strong>Liberium,</strong></span> <span class='ocrx_word' id='word_1_660' title='bbox 3086 3182 3206 3241; x_wconf 88' lang='lat' dir='ltr'><strong>post</strong></span> <span class='ocrx_word' id='word_1_661' title='bbox 3234 3181 3484 3236; x_wconf 86' lang='lat' dir='ltr'><strong>acceptas</strong></span> <span class='ocrx_word' id='word_1_662' title='bbox 3505 3165 3697 3220; x_wconf 89' lang='lat' dir='ltr'><strong>Orien-</strong></span> 
     </span>
    </p>
   </div>
   <div class='ocr_carea' id='block_1_93' title="bbox 2106 3259 3704 3336">
    <p class='ocr_par' dir='ltr' id='par_1_93' title="bbox 2106 3259 3704 3336">
     <span class='ocr_line' id='line_1_93' title="bbox 2106 3259 3704 3336; baseline -0.009 -11"><span class='ocrx_word' id='word_1_663' title='bbox 2106 3270 2291 3325; x_wconf 89' lang='lat' dir='ltr'><strong>talitiin</strong></span> <span class='ocrx_word' id='word_1_664' title='bbox 2323 3268 2566 3328; x_wconf 88' lang='lat' dir='ltr'><strong>litteras,</strong></span> <span class='ocrx_word' id='word_1_665' title='bbox 2600 3267 2807 3336; x_wconf 81' lang='lat' dir='ltr'><strong>legams</strong></span> <span class='ocrx_word' id='word_1_666' title='bbox 2851 3262 3228 3318; x_wconf 79' lang='lat' dir='ltr'><strong>Alexandriam</strong></span> <span class='ocrx_word' id='word_1_667' title='bbox 3272 3259 3608 3322; x_wconf 88' lang='lat' dir='ltr'><strong>destinasse,</strong></span> <span class='ocrx_word' id='word_1_668' title='bbox 3649 3267 3704 3310; x_wconf 90' lang='lat' dir='ltr'><strong>et</strong></span> 
     </span>
    </p>
   </div>
   <div class='ocr_carea' id='block_1_94' title="bbox 2106 3357 3700 3428">
    <p class='ocr_par' dir='ltr' id='par_1_94' title="bbox 2106 3357 3700 3428">
     <span class='ocr_line' id='line_1_94' title="bbox 2106 3357 3700 3428; baseline -0.009 -10"><span class='ocrx_word' id='word_1_669' title='bbox 2106 3363 2205 3419; x_wconf 91' lang='lat' dir='ltr'><strong>hos</strong></span> <span class='ocrx_word' id='word_1_670' title='bbox 2236 3364 2440 3428; x_wconf 75' lang='lat' dir='ltr'><strong>legatos</strong></span> <span class='ocrx_word' id='word_1_671' title='bbox 2475 3359 2799 3416; x_wconf 79' lang='lat' dir='ltr'><strong>Alexandria</strong></span> <span class='ocrx_word' id='word_1_672' title='bbox 2839 3357 3066 3412; x_wconf 80' lang='lat' dir='ltr'><strong>Romam</strong></span> <span class='ocrx_word' id='word_1_673' title='bbox 3107 3366 3233 3408; x_wconf 90' lang='lat' dir='ltr'><strong>ante</strong></span> <span class='ocrx_word' id='word_1_674' title='bbox 3264 3367 3512 3408; x_wconf 85' lang='lat' dir='ltr'><strong>reversos</strong></span> <span class='ocrx_word' id='word_1_675' title='bbox 3550 3363 3700 3416; x_wconf 88' lang='lat' dir='ltr'><strong>esse,</strong></span> 
     </span>
    </p>
   </div>
   <div class='ocr_carea' id='block_1_95' title="bbox 2105 3441 3705 3526">
    <p class='ocr_par' dir='ltr' id='par_1_95' title="bbox 2105 3441 3705 3526">
     <span class='ocr_line' id='line_1_95' title="bbox 2105 3441 3705 3526; baseline -0.009 -17"><span class='ocrx_word' id='word_1_676' title='bbox 2105 3471 2263 3526; x_wconf 87' lang='lat' dir='ltr'><strong>quam</strong></span> <span class='ocrx_word' id='word_1_677' title='bbox 2296 3454 2674 3526; x_wconf 63' lang='lat' dir='ltr'><strong>Egyptioritm</strong></span> <span class='ocrx_word' id='word_1_678' title='bbox 2703 3451 2896 3505; x_wconf 80' lang='lat' dir='ltr'><strong>littera:</strong></span> <span class='ocrx_word' id='word_1_679' title='bbox 2924 3448 3138 3503; x_wconf 89' lang='lat' dir='ltr'><strong>Liberio</strong></span> <span class='ocrx_word' id='word_1_680' title='bbox 3174 3445 3551 3501; x_wconf 87' lang='lat' dir='ltr'><strong>redderentur.</strong></span> <span class='ocrx_word' id='word_1_681' title='bbox 3591 3441 3705 3495; x_wconf 91' lang='lat' dir='ltr'><strong>lino</strong></span> 
     </span>
    </p>
   </div>
   <div class='ocr_carea' id='block_1_96' title="bbox 2105 3533 3706 3614">
    <p class='ocr_par' dir='ltr' id='par_1_96' title="bbox 2105 3533 3706 3614">
     <span class='ocr_line' id='line_1_96' title="bbox 2105 3533 3706 3614; baseline -0.012 -9"><span class='ocrx_word' id='word_1_682' title='bbox 2105 3551 2265 3606; x_wconf 88' lang='lat' dir='ltr'><strong>etiam</strong></span> <span class='ocrx_word' id='word_1_683' title='bbox 2287 3558 2399 3602; x_wconf 92' lang='lat' dir='ltr'><strong>tum</strong></span> <span class='ocrx_word' id='word_1_684' title='bbox 2415 3547 2536 3601; x_wconf 92' lang='lat' dir='ltr'><strong>huic</strong></span> <span class='ocrx_word' id='word_1_685' title='bbox 2553 3560 2701 3614; x_wconf 82' lang='lat' dir='ltr'><strong>papae</strong></span> <span class='ocrx_word' id='word_1_686' title='bbox 2713 3541 3001 3597; x_wconf 87' lang='lat' dir='ltr'><strong>dicendum</strong></span> <span class='ocrx_word' id='word_1_687' title='bbox 3020 3554 3126 3594; x_wconf 90' lang='lat' dir='ltr'><strong>non</strong></span> <span class='ocrx_word' id='word_1_688' title='bbox 3139 3539 3325 3592; x_wconf 88' lang='lat' dir='ltr'><strong>fuisset</strong></span> <span class='ocrx_word' id='word_1_689' title='bbox 3337 3549 3479 3600; x_wconf 89' lang='lat' dir='ltr'><strong>sese,</strong></span> <span class='ocrx_word' id='word_1_690' title='bbox 3495 3533 3706 3604; x_wconf 82' lang='lat' dir='ltr'><strong>quomi-</strong></span> 
     </span>
    </p>
   </div>
   <div class='ocr_carea' id='block_1_97' title="bbox 2108 3627 3708 3698">
    <p class='ocr_par' dir='ltr' id='par_1_97' title="bbox 2108 3627 3708 3698">
     <span class='ocr_line' id='line_1_97' title="bbox 2108 3627 3708 3698; baseline -0.01 -1"><span class='ocrx_word' id='word_1_691' title='bbox 2108 3658 2210 3697; x_wconf 93' lang='lat' dir='ltr'><strong>nus</strong></span> <span class='ocrx_word' id='word_1_692' title='bbox 2246 3638 2607 3696; x_wconf 87' lang='lat' dir='ltr'><strong>Orientalibus</strong></span> <span class='ocrx_word' id='word_1_693' title='bbox 2633 3655 2652 3688; x_wconf 68' lang='grc' dir='ltr'><strong><em>ι</em></strong></span> <span class='ocrx_word' id='word_1_694' title='bbox 2673 3649 2997 3691; x_wconf 90' lang='lat' dir='ltr'><strong>consensum</strong></span> <span class='ocrx_word' id='word_1_695' title='bbox 3037 3630 3427 3688; x_wconf 84' lang='lat' dir='ltr'><strong>commodaret.</strong></span> <span class='ocrx_word' id='word_1_696' title='bbox 3452 3647 3472 3681; x_wconf 73' lang='grc' dir='ltr'><strong><em>ι</em></strong></span> <span class='ocrx_word' id='word_1_697' title='bbox 3503 3627 3708 3698; x_wconf 66' lang='lat' dir='ltr'><strong>Egyp-</strong></span> 
     </span>
    </p>
   </div>
   <div class='ocr_carea' id='block_1_98' title="bbox 2107 3721 3708 3799">
    <p class='ocr_par' dir='ltr' id='par_1_98' title="bbox 2107 3721 3708 3799">
     <span class='ocr_line' id='line_1_98' title="bbox 2107 3721 3708 3799; baseline -0.01 -8"><span class='ocrx_word' id='word_1_698' title='bbox 2107 3737 2302 3791; x_wconf 89' lang='lat' dir='ltr'><strong>tiorum</strong></span> <span class='ocrx_word' id='word_1_699' title='bbox 2326 3733 2516 3788; x_wconf 90' lang='lat' dir='ltr'><strong>litteris</strong></span> <span class='ocrx_word' id='word_1_700' title='bbox 2537 3733 2700 3786; x_wconf 86' lang='lat' dir='ltr'><strong>fuisse</strong></span> <span class='ocrx_word' id='word_1_701' title='bbox 2733 3728 3084 3799; x_wconf 89' lang='lat' dir='ltr'><strong>prohibitum,</strong></span> <span class='ocrx_word' id='word_1_702' title='bbox 3105 3728 3199 3781; x_wconf 86' lang='lat' dir='ltr'><strong>sed</strong></span> <span class='ocrx_word' id='word_1_703' title='bbox 3222 3725 3306 3778; x_wconf 90' lang='lat' dir='ltr'><strong>his</strong></span> <span class='ocrx_word' id='word_1_704' title='bbox 3328 3721 3708 3794; x_wconf 88' lang='lat' dir='ltr'><strong>potiusinduc-</strong></span> 
     </span>
    </p>
   </div>
   <div class='ocr_carea' id='block_1_99' title="bbox 2109 3818 3702 3892">
    <p class='ocr_par' dir='ltr' id='par_1_99' title="bbox 2109 3818 3702 3892">
     <span class='ocr_line' id='line_1_99' title="bbox 2109 3818 3702 3892; baseline -0.008 -10"><span class='ocrx_word' id='word_1_705' title='bbox 2109 3839 2220 3882; x_wconf 89' lang='lat' dir='ltr'><strong>tum</strong></span> <span class='ocrx_word' id='word_1_706' title='bbox 2244 3843 2388 3892; x_wconf 86' lang='lat' dir='ltr'><strong>esse,</strong></span> <span class='ocrx_word' id='word_1_707' title='bbox 2412 3835 2472 3881; x_wconf 90' lang='lat' dir='ltr'><strong>ut</strong></span> <span class='ocrx_word' id='word_1_708' title='bbox 2497 3837 2820 3880; x_wconf 89' lang='lat' dir='ltr'><strong>consensum</strong></span> <span class='ocrx_word' id='word_1_709' title='bbox 2840 3823 2949 3891; x_wconf 90' lang='lat' dir='ltr'><strong>jam</strong></span> <span class='ocrx_word' id='word_1_710' title='bbox 2973 3818 3374 3875; x_wconf 89' lang='lat' dir='ltr'><strong>commodatum</strong></span> <span class='ocrx_word' id='word_1_711' title='bbox 3399 3822 3702 3871; x_wconf 88' lang='lat' dir='ltr'><strong>revocaret.</strong></span> 
     </span>
    </p>
   </div>
   <div class='ocr_carea' id='block_1_100' title="bbox 2107 3907 3707 3989">
    <p class='ocr_par' dir='ltr' id='par_1_100' title="bbox 2107 3907 3707 3989">
     <span class='ocr_line' id='line_1_100' title="bbox 2107 3907 3707 3989; baseline -0.009 -14"><span class='ocrx_word' id='word_1_712' title='bbox 2107 3920 2362 3975; x_wconf 82' lang='lat' dir='ltr'><strong>Mittimus</strong></span> <span class='ocrx_word' id='word_1_713' title='bbox 2382 3916 2523 3989; x_wconf 89' lang='lat' dir='ltr'><strong>quod</strong></span> <span class='ocrx_word' id='word_1_714' title='bbox 2559 3913 2886 3970; x_wconf 86' lang='lat' dir='ltr'><strong>Athanasius</strong></span> <span class='ocrx_word' id='word_1_715' title='bbox 2921 3912 3218 3975; x_wconf 90' lang='lat' dir='ltr'><strong>Liberium,</strong></span> <span class='ocrx_word' id='word_1_716' title='bbox 3251 3925 3411 3978; x_wconf 88' lang='lat' dir='ltr'><strong>quam</strong></span> <span class='ocrx_word' id='word_1_717' title='bbox 3439 3909 3529 3963; x_wconf 91' lang='lat' dir='ltr'><strong>diu</strong></span> <span class='ocrx_word' id='word_1_718' title='bbox 3570 3907 3707 3962; x_wconf 88' lang='lat' dir='ltr'><strong>liber</strong></span> 
     </span>
    </p>
   </div>
   <div class='ocr_carea' id='block_1_101' title="bbox 2106 4003 3705 4082">
    <p class='ocr_par' dir='ltr' id='par_1_101' title="bbox 2106 4003 3705 4082">
     <span class='ocr_line' id='line_1_101' title="bbox 2106 4003 3705 4082; baseline -0.007 -15"><span class='ocrx_word' id='word_1_719' title='bbox 2106 4012 2207 4068; x_wconf 90' lang='lat' dir='ltr'><strong>fuit</strong></span> <span class='ocrx_word' id='word_1_720' title='bbox 2231 4054 2246 4080; x_wconf 96' lang='lat'><strong>,</strong></span> <span class='ocrx_word' id='word_1_721' title='bbox 2273 4013 2336 4066; x_wconf 89' lang='lat' dir='ltr'><strong>ad</strong></span> <span class='ocrx_word' id='word_1_722' title='bbox 2371 4014 2545 4082; x_wconf 88' lang='lat' dir='ltr'><strong>ipsum</strong></span> <span class='ocrx_word' id='word_1_723' title='bbox 2567 4009 2927 4065; x_wconf 87' lang='lat' dir='ltr'><strong>damnandum</strong></span> <span class='ocrx_word' id='word_1_724' title='bbox 2952 4004 3148 4060; x_wconf 85' lang='lat' dir='ltr'><strong>inﬂecti</strong></span> <span class='ocrx_word' id='word_1_725' title='bbox 3173 4018 3440 4074; x_wconf 89' lang='lat' dir='ltr'><strong>nunquam</strong></span> <span class='ocrx_word' id='word_1_726' title='bbox 3466 4003 3705 4073; x_wconf 90' lang='lat' dir='ltr'><strong>potuisse</strong></span> 
     </span>
    </p>
   </div>
   <div class='ocr_carea' id='block_1_102' title="bbox 2106 4094 3709 4175">
    <p class='ocr_par' dir='ltr' id='par_1_102' title="bbox 2106 4094 3709 4175">
     <span class='ocr_line' id='line_1_102' title="bbox 2106 4094 3709 4175; baseline -0.007 -14"><span class='ocrx_word' id='word_1_727' title='bbox 2106 4104 2334 4170; x_wconf 87' lang='lat' dir='ltr'><strong>scribit;</strong></span> <span class='ocrx_word' id='word_1_728' title='bbox 2375 4105 2515 4175; x_wconf 91' lang='lat' dir='ltr'><strong>quod</strong></span> <span class='ocrx_word' id='word_1_729' title='bbox 2573 4103 2874 4159; x_wconf 91' lang='lat' dir='ltr'><strong>Constantii</strong></span> <span class='ocrx_word' id='word_1_730' title='bbox 2925 4100 3264 4168; x_wconf 89' lang='lat' dir='ltr'><strong>imperatoris</strong></span> <span class='ocrx_word' id='word_1_731' title='bbox 3307 4113 3430 4152; x_wconf 89' lang='lat' dir='ltr'><strong>cum</strong></span> <span class='ocrx_word' id='word_1_732' title='bbox 3494 4094 3709 4151; x_wconf 90' lang='lat' dir='ltr'><strong>Liberio</strong></span> 
     </span>
    </p>
   </div>
   <div class='ocr_carea' id='block_1_103' title="bbox 2106 4188 3708 4270">
    <p class='ocr_par' dir='ltr' id='par_1_103' title="bbox 2106 4188 3708 4270">
     <span class='ocr_line' id='line_1_103' title="bbox 2106 4188 3708 4270; baseline -0.009 -17"><span class='ocrx_word' id='word_1_733' title='bbox 2106 4199 2367 4270; x_wconf 89' lang='lat' dir='ltr'><strong>dialogus,</strong></span> <span class='ocrx_word' id='word_1_734' title='bbox 2423 4197 2680 4252; x_wconf 87' lang='lat' dir='ltr'><strong>hactenus</strong></span> <span class='ocrx_word' id='word_1_735' title='bbox 2723 4193 3075 4249; x_wconf 88' lang='lat' dir='ltr'><strong>Athanasium</strong></span> <span class='ocrx_word' id='word_1_736' title='bbox 3119 4191 3186 4244; x_wconf 89' lang='lat' dir='ltr'><strong>ab</strong></span> <span class='ocrx_word' id='word_1_737' title='bbox 3233 4191 3350 4258; x_wconf 88' lang='lat' dir='ltr'><strong>ipso</strong></span> <span class='ocrx_word' id='word_1_738' title='bbox 3393 4188 3708 4242; x_wconf 90' lang='lat' dir='ltr'><strong>damnatum</strong></span> 
     </span>
    </p>
   </div>
   <div class='ocr_carea' id='block_1_104' title="bbox 2117 4281 3708 4358">
    <p class='ocr_par' dir='ltr' id='par_1_104' title="bbox 2117 4281 3708 4358">
     <span class='ocr_line' id='line_1_104' title="bbox 2117 4281 3708 4358; baseline -0.008 -12"><span class='ocrx_word' id='word_1_739' title='bbox 2117 4309 2222 4346; x_wconf 93' lang='lat' dir='ltr'><strong>non</strong></span> <span class='ocrx_word' id='word_1_740' title='bbox 2255 4306 2375 4347; x_wconf 81' lang='lat' dir='ltr'><strong>esse</strong></span> <span class='ocrx_word' id='word_1_741' title='bbox 2418 4289 2577 4344; x_wconf 86' lang='lat' dir='ltr'><strong>fidem</strong></span> <span class='ocrx_word' id='word_1_742' title='bbox 2622 4286 2935 4358; x_wconf 70' lang='grc' dir='ltr'><strong>[ειείιςῳιοά</strong></span> <span class='ocrx_word' id='word_1_743' title='bbox 2969 4284 3202 4352; x_wconf 91' lang='lat' dir='ltr'><strong>denique</strong></span> <span class='ocrx_word' id='word_1_744' title='bbox 3234 4283 3346 4351; x_wconf 90' lang='lat' dir='ltr'><strong>ipse</strong></span> <span class='ocrx_word' id='word_1_745' title='bbox 3393 4281 3635 4335; x_wconf 79' lang='lat' dir='ltr'><strong>Liberius</strong></span> <span class='ocrx_word' id='word_1_746' title='bbox 3675 4294 3708 4333; x_wconf 87' lang='lat' dir='ltr'><strong>a</strong></span> 
     </span>
    </p>
   </div>
   <div class='ocr_carea' id='block_1_105' title="bbox 2105 4369 3710 4445">
    <p class='ocr_par' dir='ltr' id='par_1_105' title="bbox 2105 4369 3710 4445">
     <span class='ocr_line' id='line_1_105' title="bbox 2105 4369 3710 4445; baseline -0.009 -7"><span class='ocrx_word' id='word_1_747' title='bbox 2105 4381 2427 4439; x_wconf 81' lang='lat' dir='ltr'><strong>defendendi</strong></span> <span class='ocrx_word' id='word_1_748' title='bbox 2475 4381 2751 4436; x_wconf 85' lang='lat' dir='ltr'><strong>Athanasii</strong></span> <span class='ocrx_word' id='word_1_749' title='bbox 2805 4375 2983 4434; x_wconf 91' lang='lat' dir='ltr'><strong>studio</strong></span> <span class='ocrx_word' id='word_1_750' title='bbox 3005 4376 3115 4445; x_wconf 89' lang='lat' dir='ltr'><strong>jatn</strong></span> <span class='ocrx_word' id='word_1_751' title='bbox 3173 4372 3450 4443; x_wconf 81' lang='lat' dir='ltr'><strong>dejeetus,</strong></span> <span class='ocrx_word' id='word_1_752' title='bbox 3481 4386 3541 4425; x_wconf 89' lang='lat' dir='ltr'><strong>se</strong></span> <span class='ocrx_word' id='word_1_753' title='bbox 3587 4369 3710 4424; x_wconf 83' lang='lat' dir='ltr'><strong>bac-</strong></span> 
     </span>
    </p>
   </div>
   <div class='ocr_carea' id='block_1_106' title="bbox 2107 4464 3715 4531">
    <p class='ocr_par' dir='ltr' id='par_1_106' title="bbox 2107 4464 3715 4531">
     <span class='ocr_line' id='line_1_106' title="bbox 2107 4464 3715 4531; baseline -0.009 -1"><span class='ocrx_word' id='word_1_754' title='bbox 2107 4485 2262 4531; x_wconf 90' lang='lat' dir='ltr'><strong>tenus</strong></span> <span class='ocrx_word' id='word_1_755' title='bbox 2310 4477 2361 4529; x_wconf 95' lang='lat' dir='ltr'><strong>in</strong></span> <span class='ocrx_word' id='word_1_756' title='bbox 2403 4473 2496 4528; x_wconf 89' lang='lat' dir='ltr'><strong>illo</strong></span> <span class='ocrx_word' id='word_1_757' title='bbox 2533 4470 2881 4527; x_wconf 90' lang='lat' dir='ltr'><strong>defendendo</strong></span> <span class='ocrx_word' id='word_1_758' title='bbox 2935 4475 3272 4522; x_wconf 88' lang='lat' dir='ltr'><strong>constantem</strong></span> <span class='ocrx_word' id='word_1_759' title='bbox 3318 4464 3482 4518; x_wconf 87' lang='lat' dir='ltr'><strong>fuisse</strong></span> <span class='ocrx_word' id='word_1_760' title='bbox 3527 4474 3715 4518; x_wconf 90' lang='lat' dir='ltr'><strong>osten-</strong></span> 
     </span>
    </p>
   </div>
   <div class='ocr_carea' id='block_1_107' title="bbox 2034 4554 3710 4632">
    <p class='ocr_par' dir='ltr' id='par_1_107' title="bbox 2034 4554 3710 4632">
     <span class='ocr_line' id='line_1_107' title="bbox 2034 4554 3710 4632; baseline -0.008 -10"><span class='ocrx_word' id='word_1_761' title='bbox 2034 4563 2208 4632; x_wconf 87' lang='lat' dir='ltr'><strong>Ddit,</strong></span> <span class='ocrx_word' id='word_1_762' title='bbox 2258 4582 2379 4621; x_wconf 90' lang='lat' dir='ltr'><strong>cum</strong></span> <span class='ocrx_word' id='word_1_763' title='bbox 2415 4563 2733 4620; x_wconf 72' lang='lat' dir='ltr'><strong>constantia:</strong></span> <span class='ocrx_word' id='word_1_764' title='bbox 2778 4561 2937 4632; x_wconf 92' lang='lat' dir='ltr'><strong>hujus</strong></span> <span class='ocrx_word' id='word_1_765' title='bbox 2982 4559 3121 4613; x_wconf 88' lang='lat' dir='ltr'><strong>hanc</strong></span> <span class='ocrx_word' id='word_1_766' title='bbox 3167 4554 3344 4612; x_wconf 89' lang='lat' dir='ltr'><strong>reddit</strong></span> <span class='ocrx_word' id='word_1_767' title='bbox 3385 4557 3654 4612; x_wconf 79' lang='lat' dir='ltr'><strong>rationem</strong></span> <span class='ocrx_word' id='word_1_768' title='bbox 3695 4573 3710 4609; x_wconf 93' lang='lat'><strong>:</strong></span> 
     </span>
    </p>
   </div>
   <div class='ocr_carea' id='block_1_108' title="bbox 2124 4648 3714 4727">
    <p class='ocr_par' dir='ltr' id='par_1_108' title="bbox 2124 4648 3714 4727">
     <span class='ocr_line' id='line_1_108' title="bbox 2124 4648 3714 4727; baseline -0.004 -18"><span class='ocrx_word' id='word_1_769' title='bbox 2124 4677 2142 4709; x_wconf 86' lang='grc'><strong><em>‹</em></strong></span> <span class='ocrx_word' id='word_1_770' title='bbox 2177 4659 2310 4727; x_wconf 89' lang='lat' dir='ltr'><strong>Quia</strong></span> <span class='ocrx_word' id='word_1_771' title='bbox 2349 4668 2661 4726; x_wconf 90' lang='lat' dir='ltr'><strong>susceperat</strong></span> <span class='ocrx_word' id='word_1_772' title='bbox 2710 4655 2859 4708; x_wconf 91' lang='lat' dir='ltr'><strong>illum</strong></span> <span class='ocrx_word' id='word_1_773' title='bbox 2890 4654 3043 4708; x_wconf 80' lang='lat' dir='ltr'><strong>bona:</strong></span> <span class='ocrx_word' id='word_1_774' title='bbox 3071 4653 3346 4708; x_wconf 83' lang='lat' dir='ltr'><strong>memoriae</strong></span> <span class='ocrx_word' id='word_1_775' title='bbox 3379 4648 3556 4705; x_wconf 83' lang='lat' dir='ltr'><strong>Julius</strong></span> <span class='ocrx_word' id='word_1_776' title='bbox 3599 4648 3714 4718; x_wconf 86' lang='lat' dir='ltr'><strong>epi-</strong></span> 
     </span>
    </p>
   </div>
   <div class='ocr_carea' id='block_1_109' title="bbox 2118 4742 3714 4822">
    <p class='ocr_par' dir='ltr' id='par_1_109' title="bbox 2118 4742 3714 4822">
     <span class='ocr_line' id='line_1_109' title="bbox 2118 4742 3714 4822; baseline -0.008 -14"><span class='ocrx_word' id='word_1_777' title='bbox 2118 4767 2312 4822; x_wconf 89' lang='lat' dir='ltr'><strong>scopus</strong></span> <span class='ocrx_word' id='word_1_778' title='bbox 2359 4751 2617 4806; x_wconf 89' lang='lat' dir='ltr'><strong>decessor</strong></span> <span class='ocrx_word' id='word_1_779' title='bbox 2657 4745 3096 4812; x_wconf 88' lang='lat' dir='ltr'><strong>meus;verebar</strong></span> <span class='ocrx_word' id='word_1_780' title='bbox 3132 4759 3203 4800; x_wconf 91' lang='lat' dir='ltr'><strong>ne</strong></span> <span class='ocrx_word' id='word_1_781' title='bbox 3244 4743 3313 4798; x_wconf 92' lang='lat' dir='ltr'><strong>ab</strong></span> <span class='ocrx_word' id='word_1_782' title='bbox 3363 4742 3546 4812; x_wconf 89' lang='lat' dir='ltr'><strong>aliquo</strong></span> <span class='ocrx_word' id='word_1_783' title='bbox 3577 4755 3714 4812; x_wconf 75' lang='lat' dir='ltr'><strong>prae-</strong></span> 
     </span>
    </p>
   </div>
   <div class='ocr_carea' id='block_1_110' title="bbox 2119 4833 3715 4914">
    <p class='ocr_par' dir='ltr' id='par_1_110' title="bbox 2119 4833 3715 4914">
     <span class='ocr_line' id='line_1_110' title="bbox 2119 4833 3715 4914; baseline -0.004 -17"><span class='ocrx_word' id='word_1_784' title='bbox 2119 4845 2386 4898; x_wconf 88' lang='lat' dir='ltr'><strong>varicator</strong></span> <span class='ocrx_word' id='word_1_785' title='bbox 2425 4843 2722 4914; x_wconf 87' lang='lat' dir='ltr'><strong>judicarer.</strong></span> <span class='ocrx_word' id='word_1_786' title='bbox 2755 4859 2775 4892; x_wconf 83' lang='grc'><strong>›</strong></span> <span class='ocrx_word' id='word_1_787' title='bbox 2824 4837 3141 4910; x_wconf 87' lang='lat' dir='ltr'><strong>Hiijusmodi</strong></span> <span class='ocrx_word' id='word_1_788' title='bbox 3187 4846 3504 4908; x_wconf 84' lang='lat' dir='ltr'><strong>argumenta</strong></span> <span class='ocrx_word' id='word_1_789' title='bbox 3545 4833 3715 4890; x_wconf 89' lang='lat' dir='ltr'><strong>fusius</strong></span> 
     </span>
    </p>
   </div>
   <div class='ocr_carea' id='block_1_111' title="bbox 2119 4928 3716 5008">
    <p class='ocr_par' dir='ltr' id='par_1_111' title="bbox 2119 4928 3716 5008">
     <span class='ocr_line' id='line_1_111' title="bbox 2119 4928 3716 5008; baseline -0.005 -16"><span class='ocrx_word' id='word_1_790' title='bbox 2119 4936 2399 5008; x_wconf 80' lang='lat' dir='ltr'><strong>exposita,</strong></span> <span class='ocrx_word' id='word_1_791' title='bbox 2441 4945 2497 4992; x_wconf 90' lang='lat' dir='ltr'><strong>et</strong></span> <span class='ocrx_word' id='word_1_792' title='bbox 2541 4934 2642 4990; x_wconf 89' lang='lat' dir='ltr'><strong>alia</strong></span> <span class='ocrx_word' id='word_1_793' title='bbox 2681 4933 2960 4998; x_wconf 88' lang='lat' dir='ltr'><strong>nonnulla,</strong></span> <span class='ocrx_word' id='word_1_794' title='bbox 3000 4946 3121 5003; x_wconf 82' lang='lat' dir='ltr'><strong>quae</strong></span> <span class='ocrx_word' id='word_1_795' title='bbox 3163 4928 3438 5000; x_wconf 88' lang='lat' dir='ltr'><strong>sequentis</strong></span> <span class='ocrx_word' id='word_1_796' title='bbox 3473 4928 3716 4999; x_wconf 77' lang='lat' dir='ltr'><strong>epistola:</strong></span> 
     </span>
    </p>
   </div>
   <div class='ocr_carea' id='block_1_112' title="bbox 2120 5019 3717 5095">
    <p class='ocr_par' dir='ltr' id='par_1_112' title="bbox 2120 5019 3717 5095">
     <span class='ocr_line' id='line_1_112' title="bbox 2120 5019 3717 5095; baseline -0.008 -10"><span class='ocrx_word' id='word_1_797' title='bbox 2120 5030 2410 5087; x_wconf 88' lang='lat' dir='ltr'><strong>falsitatem</strong></span> <span class='ocrx_word' id='word_1_798' title='bbox 2447 5028 2859 5093; x_wconf 85' lang='lat' dir='ltr'><strong>demonstrant,</strong></span> <span class='ocrx_word' id='word_1_799' title='bbox 2881 5024 3021 5095; x_wconf 86' lang='lat' dir='ltr'><strong>apud</strong></span> <span class='ocrx_word' id='word_1_800' title='bbox 3046 5023 3305 5079; x_wconf 80' lang='lat' dir='ltr'><strong>Hilarium</strong></span> <span class='ocrx_word' id='word_1_801' title='bbox 3333 5020 3528 5092; x_wconf 82' lang='lat' dir='ltr'><strong>fragm.</strong></span> <span class='ocrx_word' id='word_1_802' title='bbox 3548 5035 3600 5075; x_wconf 90' lang='lat' dir='ltr'><strong>iv</strong></span> <span class='ocrx_word' id='word_1_803' title='bbox 3633 5019 3717 5073; x_wconf 91' lang='lat' dir='ltr'><strong>vi-</strong></span> 
     </span>
    </p>
   </div>
   <div class='ocr_carea' id='block_1_113' title="bbox 2120 5111 3717 5182">
    <p class='ocr_par' dir='ltr' id='par_1_113' title="bbox 2120 5111 3717 5182">
     <span class='ocr_line' id='line_1_113' title="bbox 2120 5111 3717 5182; baseline -0.009 0"><span class='ocrx_word' id='word_1_804' title='bbox 2120 5126 2251 5182; x_wconf 89' lang='lat' dir='ltr'><strong>dere</strong></span> <span class='ocrx_word' id='word_1_805' title='bbox 2271 5126 2414 5181; x_wconf 89' lang='lat' dir='ltr'><strong>licet.</strong></span> <span class='ocrx_word' id='word_1_806' title='bbox 2467 5124 2535 5179; x_wconf 87' lang='lat' dir='ltr'><strong>Et</strong></span> <span class='ocrx_word' id='word_1_807' title='bbox 2577 5137 2704 5178; x_wconf 90' lang='lat' dir='ltr'><strong>vero</strong></span> <span class='ocrx_word' id='word_1_808' title='bbox 2727 5120 2961 5176; x_wconf 86' lang='lat' dir='ltr'><strong>Hilarius</strong></span> <span class='ocrx_word' id='word_1_809' title='bbox 3000 5119 3052 5173; x_wconf 94' lang='lat' dir='ltr'><strong>in</strong></span> <span class='ocrx_word' id='word_1_810' title='bbox 3076 5114 3534 5177; x_wconf 89' lang='lat' dir='ltr'><strong>annotationibus,</strong></span> <span class='ocrx_word' id='word_1_811' title='bbox 3561 5111 3717 5181; x_wconf 87' lang='lat' dir='ltr'><strong>quasi</strong></span> 
     </span>
    </p>
   </div>
   <div class='ocr_carea' id='block_1_114' title="bbox 2122 5203 3716 5290">
    <p class='ocr_par' dir='ltr' id='par_1_114' title="bbox 2122 5203 3716 5290">
     <span class='ocr_line' id='line_1_114' title="bbox 2122 5203 3716 5290; baseline -0.013 -15"><span class='ocrx_word' id='word_1_812' title='bbox 2122 5219 2364 5290; x_wconf 77' lang='lat' dir='ltr'><strong>epistola:</strong></span> <span class='ocrx_word' id='word_1_813' title='bbox 2385 5218 2507 5272; x_wconf 91' lang='lat' dir='ltr'><strong>huic</strong></span> <span class='ocrx_word' id='word_1_814' title='bbox 2527 5216 2777 5285; x_wconf 88' lang='lat' dir='ltr'><strong>snbjecit,</strong></span> <span class='ocrx_word' id='word_1_815' title='bbox 2797 5213 2864 5269; x_wconf 88' lang='lat' dir='ltr'><strong>de</strong></span> <span class='ocrx_word' id='word_1_816' title='bbox 2889 5213 2980 5268; x_wconf 89' lang='lat' dir='ltr'><strong>illa</strong></span> <span class='ocrx_word' id='word_1_817' title='bbox 3008 5211 3088 5267; x_wconf 90' lang='lat' dir='ltr'><strong>sic</strong></span> <span class='ocrx_word' id='word_1_818' title='bbox 3114 5211 3372 5281; x_wconf 84' lang='lat' dir='ltr'><strong>loquitur,</strong></span> <span class='ocrx_word' id='word_1_819' title='bbox 3397 5215 3454 5259; x_wconf 87' lang='lat' dir='ltr'><strong>iit</strong></span> <span class='ocrx_word' id='word_1_820' title='bbox 3479 5203 3567 5274; x_wconf 91' lang='lat' dir='ltr'><strong>qui</strong></span> <span class='ocrx_word' id='word_1_821' title='bbox 3593 5216 3716 5258; x_wconf 88' lang='lat' dir='ltr'><strong>eam</strong></span> 
     </span>
    </p>
   </div>
   <div class='ocr_carea' id='block_1_115' title="bbox 2124 5293 3713 5378">
    <p class='ocr_par' dir='ltr' id='par_1_115' title="bbox 2124 5293 3713 5378">
     <span class='ocr_line' id='line_1_115' title="bbox 2124 5293 3713 5378; baseline -0.014 -11"><span class='ocrx_word' id='word_1_822' title='bbox 2124 5328 2152 5367; x_wconf 88' lang='lat' dir='ltr'><strong>a</strong></span> <span class='ocrx_word' id='word_1_823' title='bbox 2183 5311 2428 5366; x_wconf 83' lang='lat' dir='ltr'><strong>Potamio</strong></span> <span class='ocrx_word' id='word_1_824' title='bbox 2452 5319 2507 5364; x_wconf 93' lang='lat' dir='ltr'><strong>et</strong></span> <span class='ocrx_word' id='word_1_825' title='bbox 2533 5307 2777 5378; x_wconf 87' lang='lat' dir='ltr'><strong>Epitecto</strong></span> <span class='ocrx_word' id='word_1_826' title='bbox 2805 5303 3113 5369; x_wconf 82' lang='lat' dir='ltr'><strong>confictam,</strong></span> <span class='ocrx_word' id='word_1_827' title='bbox 3145 5316 3210 5356; x_wconf 90' lang='lat' dir='ltr'><strong>ac</strong></span> <span class='ocrx_word' id='word_1_828' title='bbox 3241 5297 3435 5354; x_wconf 90' lang='lat' dir='ltr'><strong>deinde</strong></span> <span class='ocrx_word' id='word_1_829' title='bbox 3456 5310 3486 5348; x_wconf 89' lang='lat' dir='ltr'><strong>a</strong></span> <span class='ocrx_word' id='word_1_830' title='bbox 3519 5293 3713 5348; x_wconf 86' lang='lat' dir='ltr'><strong>Fortu-</strong></span> 
     </span>
    </p>
   </div>
   <div class='ocr_carea' id='block_1_116' title="bbox 2125 5388 3717 5476">
    <p class='ocr_par' dir='ltr' id='par_1_116' title="bbox 2125 5388 3717 5476">
     <span class='ocr_line' id='line_1_116' title="bbox 2125 5388 3717 5476; baseline -0.013 -13"><span class='ocrx_word' id='word_1_831' title='bbox 2125 5402 2688 5476; x_wconf 86' lang='lat' dir='ltr'><strong>natianoAquileiensi</strong></span> <span class='ocrx_word' id='word_1_832' title='bbox 2733 5402 2988 5470; x_wconf 87' lang='lat' dir='ltr'><strong>episcopo</strong></span> <span class='ocrx_word' id='word_1_833' title='bbox 3031 5396 3098 5451; x_wconf 93' lang='lat' dir='ltr'><strong>ad</strong></span> <span class='ocrx_word' id='word_1_834' title='bbox 3140 5395 3382 5449; x_wconf 89' lang='lat' dir='ltr'><strong>diversos</strong></span> <span class='ocrx_word' id='word_1_835' title='bbox 3431 5388 3717 5458; x_wconf 66' lang='lat' dir='ltr'><strong>episcojios</strong></span> 
     </span>
    </p>
   </div>
   <div class='ocr_carea' id='block_1_117' title="bbox 2126 5485 3722 5556">
    <p class='ocr_par' dir='ltr' id='par_1_117' title="bbox 2126 5485 3722 5556">
     <span class='ocr_line' id='line_1_117' title="bbox 2126 5485 3722 5556; baseline -0.013 -1"><span class='ocrx_word' id='word_1_836' title='bbox 2126 5500 2342 5556; x_wconf 85' lang='lat' dir='ltr'><strong>missam</strong></span> <span class='ocrx_word' id='word_1_837' title='bbox 2363 5511 2483 5553; x_wconf 90' lang='lat' dir='ltr'><strong>esse</strong></span> <span class='ocrx_word' id='word_1_838' title='bbox 2501 5494 2840 5550; x_wconf 79' lang='lat' dir='ltr'><strong>existimarit.</strong></span> <span class='ocrx_word' id='word_1_839' title='bbox 2867 5491 3022 5548; x_wconf 87' lang='lat' dir='ltr'><strong>Unde</strong></span> <span class='ocrx_word' id='word_1_840' title='bbox 3039 5485 3342 5548; x_wconf 79' lang='lat' dir='ltr'><strong>conficitur,</strong></span> <span class='ocrx_word' id='word_1_841' title='bbox 3367 5493 3422 5535; x_wconf 90' lang='lat' dir='ltr'><strong>ut</strong></span> <span class='ocrx_word' id='word_1_842' title='bbox 3447 5496 3552 5535; x_wconf 91' lang='lat' dir='ltr'><strong>non</strong></span> <span class='ocrx_word' id='word_1_843' title='bbox 3576 5495 3722 5535; x_wconf 88' lang='lat' dir='ltr'><strong>anno</strong></span> 
     </span>
    </p>
   </div>
   <div class='ocr_carea' id='block_1_118' title="bbox 2128 5573 3722 5662">
    <p class='ocr_par' dir='ltr' id='par_1_118' title="bbox 2128 5573 3722 5662">
     <span class='ocr_line' id='line_1_118' title="bbox 2128 5573 3722 5662; baseline -0.014 -13"><span class='ocrx_word' id='word_1_844' title='bbox 2128 5593 2253 5656; x_wconf 78' lang='lat'><strong>362,</strong></span> <span class='ocrx_word' id='word_1_845' title='bbox 2282 5607 2388 5662; x_wconf 89' lang='lat' dir='ltr'><strong>quo</strong></span> <span class='ocrx_word' id='word_1_846' title='bbox 2417 5590 2664 5645; x_wconf 86' lang='lat' dir='ltr'><strong>Liberius</strong></span> <span class='ocrx_word' id='word_1_847' title='bbox 2686 5587 2804 5641; x_wconf 89' lang='lat' dir='ltr'><strong>iniit</strong></span> <span class='ocrx_word' id='word_1_848' title='bbox 2841 5580 3236 5655; x_wconf 85' lang='lat' dir='ltr'><strong>pontificatum,</strong></span> <span class='ocrx_word' id='word_1_849' title='bbox 3269 5575 3362 5631; x_wconf 90' lang='lat' dir='ltr'><strong>sed</strong></span> <span class='ocrx_word' id='word_1_850' title='bbox 3392 5587 3514 5647; x_wconf 55' lang='lat' dir='ltr'><strong>post</strong></span> <span class='ocrx_word' id='word_1_851' title='bbox 3542 5573 3722 5629; x_wconf 88' lang='lat' dir='ltr'><strong>conci-</strong></span> 
     </span>
    </p>
   </div>
   <div class='ocr_carea' id='block_1_119' title="bbox 2126 5668 3723 5743">
    <p class='ocr_par' dir='ltr' id='par_1_119' title="bbox 2126 5668 3723 5743">
     <span class='ocr_line' id='line_1_119' title="bbox 2126 5668 3723 5743; baseline -0.013 0"><span class='ocrx_word' id='word_1_852' title='bbox 2126 5689 2255 5743; x_wconf 91' lang='lat' dir='ltr'><strong>lium</strong></span> <span class='ocrx_word' id='word_1_853' title='bbox 2282 5684 2680 5740; x_wconf 82' lang='lat' dir='ltr'><strong>Mediolaneuse</strong></span> <span class='ocrx_word' id='word_1_854' title='bbox 2710 5696 2854 5734; x_wconf 85' lang='lat' dir='ltr'><strong>anno</strong></span> <span class='ocrx_word' id='word_1_855' title='bbox 2881 5676 2990 5730; x_wconf 76' lang='lat'><strong>305</strong></span> <span class='ocrx_word' id='word_1_856' title='bbox 3009 5671 3364 5732; x_wconf 86' lang='lat' dir='ltr'><strong>celebratum,</strong></span> <span class='ocrx_word' id='word_1_857' title='bbox 3395 5683 3502 5740; x_wconf 91' lang='lat' dir='ltr'><strong>quo</strong></span> <span class='ocrx_word' id='word_1_858' title='bbox 3529 5668 3723 5725; x_wconf 84' lang='lat' dir='ltr'><strong>Fortu-</strong></span> 
     </span>
    </p>
   </div>
   <div class='ocr_carea' id='block_1_120' title="bbox 2132 5763 3520 5851">
    <p class='ocr_par' dir='ltr' id='par_1_120' title="bbox 2132 5763 3520 5851">
     <span class='ocr_line' id='line_1_120' title="bbox 2132 5763 3520 5851; baseline -0.014 -14"><span class='ocrx_word' id='word_1_859' title='bbox 2132 5783 2382 5836; x_wconf 84' lang='lat' dir='ltr'><strong>natianus</strong></span> <span class='ocrx_word' id='word_1_860' title='bbox 2405 5795 2435 5834; x_wconf 89' lang='lat' dir='ltr'><strong>a</strong></span> <span class='ocrx_word' id='word_1_861' title='bbox 2460 5779 2686 5851; x_wconf 85' lang='lat' dir='ltr'><strong>pristina</strong></span> <span class='ocrx_word' id='word_1_862' title='bbox 2707 5773 2866 5831; x_wconf 84' lang='lat' dir='ltr'><strong>laude</strong></span> <span class='ocrx_word' id='word_1_863' title='bbox 2885 5767 3113 5834; x_wconf 77' lang='lat' dir='ltr'><strong>excidit,</strong></span> <span class='ocrx_word' id='word_1_864' title='bbox 3141 5763 3411 5835; x_wconf 83' lang='lat' dir='ltr'><strong>divulgata</strong></span> <span class='ocrx_word' id='word_1_865' title='bbox 3433 5764 3520 5819; x_wconf 81' lang='lat' dir='ltr'><strong>sit.</strong></span> 
     </span>
    </p>
   </div>
  </div>
