4106 6184
544 259 687 321 1593

1193 375 1523 434 EPISTULA
1535 415 1552 445 ,

546 507 649 564 Qua
697 505 1032 554 nummus
1085 505 1272 551 nouant
1317 503 1542 549 cturus
1594 508 1661 548 ετ
1702 507 1735 548 A
1773 498 2007 547 nouam!
2047 504 2140 544 ec-

552 583 558 592 ‘
616 607 815 648 CLESIE
854 603 1196 646 COIMUNIONE
1235 603 1535 644 SEPARATUS
1575 601 1844 652 FINGITUR,
1873 595 2136 640 ORIENTA-

550 677 554 681 ‘
615 682 765 742 LliiUS
796 697 959 740 IPSIUS
994 696 1342 739 ADVERSARIIS
1367 696 1400 736 Δ
1428 693 1636 736 ιιΒΕιιιο
1676 694 1728 733 ΙΝ
1758 690 2140 734 COMMUNIONEM

616 795 754 836 ευυι
793 793 1048 834 Αωιιδειε.

1017 893 1202 956 (Const.
1227 888 1476 955 Append,
1499 903 1550 953 ρ.
1571 887 1677 950 95.)

551 1024 919 1083 Dilectissimis
965 1021 1207 1094 fratribus
1251 1028 1301 1074 et
1340 1015 1655 1087 coepiscopis
1680 1014 1869 1069 nostris
1893 1013 2144 1068 uniuersis

619 1133 710 1192 per
753 1117 1012 1172 Orientem
1051 1111 1366 1178 constitutis,
1399 1107 1632 1165 Liberius
1661 1107 1800 1162 urbis
1831 1104 2009 1161 Romo:
2033 1105 2144 1176 epi-

617 1219 804 1279 scopus
832 1217 1072 1262 cateruam
1098 1205 1338 1260 saturem.
2059 1225 2064 1228 -

561 1326 564 1328 ⁷
621 1319 856 1378 Studens
895 1317 1013 1389 paci
1053 1325 1107 1372 et
1172 1307 1480 1372 concordia
1527 1309 1912 1374 ecclesiarum,
1956 1315 2142 1379 postica

547 1427 706 1484 quam
729 1408 935 1466 litteras
957 1407 1234 1464 cltaritatis
1257 1411 1450 1461 vestrm
1472 1402 1538 1458 de
1559 1400 1776 1458 nomine
1796 1399 2073 1461 Athanasii
2091 1406 2145 1455 et

547 1513 864 1562 ctcterorum
897 1501 1062 1558 factas
1086 1500 1153 1557 ad
1185 1513 1379 1555 nomen
1402 1497 1527 1554 Julii
1549 1495 1705 1552 bona:
1729 1494 2001 1552 memorim
2026 1495 2143 1562 epi-

547 1601 696 1671 seopi
719 1599 932 1669 auecpi;
957 1609 1171 1654 secutus
1195 1595 1536 1651 traditionem
1557 1593 1841 1664 majorum,
1866 1593 2147 1664 presbyte-

548 1705 640 1748 ros
667 1691 812 1747 urbis
849 1691 1035 1746 Romae
1076 1689 1322 1755 Lucium,
1351 1685 1576 1742 Paulum
1615 1692 1670 1739 et
1707 1684 1986 1739 ilelianum
2010 1699 2042 1738 e
2071 1685 2146 1737 la-

1937 251 2251 314 LIBEtttUS
2279 251 2478 312 i’APA.

2173 371 2495 436 Aformulis
2535 390 2656 431 esse
2675 375 2848 430 aliena
2874 391 2886 427 :
2912 386 3012 428 nec
3038 371 3158 427 leve
3186 370 3308 425 illud
3338 387 3445 432 esse
3487 385 3747 450 Slipposiﬁc-

3637 267 3743 328 i596

2248 466 2333 521 nis
2361 475 2755 537 argumentum,
2787 463 2932 537 quod
2961 465 3011 519 in
3037 467 3180 518 tanta
3213 478 3378 519 rerum
3398 469 3746 541 perturbatione,

2247 565 2444 629 Quanta
2469 553 2698 614 Liberio
2731 555 3100 628 pontificatum
3125 555 3336 610 ineunte
3373 557 3589 614 universa
3606 561 3754 620 Eccle-

2246 651 2323 705 sia
2353 650 2770 720 percellebalur,
2807 647 2951 704 nulla
2992 647 3058 703 de
3097 657 3387 716 temporum
3422 649 3660 720 iniquitate
3683 654 3751 712 iiut

2246 747 2450 799 mentio
2475 762 2486 798 :
2511 745 2727 799 demum
2752 743 3006 815 priorem,
3033 749 3092 796 ut
3111 740 3378 809 marginali
3407 750 3515 797 nota
3542 744 3756 802 indicatur

2245 835 2447 891 codicis
2499 833 2812 891 Coisiittiani
2844 877 2859 902 ,
2911 835 2962 890 in
3019 849 3124 905 quo
3174 837 3313 892 Ζήτει
3359 834 3532 912 ἀρχὴν,
3565 838 3756 903 tQuarre

2245 925 2481 992 initium,
2512 945 2531 979 ι
2556 925 2886 996 adscriptum
2919 933 3024 991 cet,
3057 923 3317 993 principio
3339 933 3534 992 carere;
3575 926 3756 986 alteram

2245 1031 2376 1074 vero
2402 1018 2599 1072 nullam
2635 1032 2744 1086 prae
2772 1031 2831 1072 se
2863 1015 3005 1072 ferre
3032 1015 3273 1085 epistola:
3311 1013 3536 1083 formam,
3559 1019 3639 1073 sed
3666 1035 3758 1079 esse

2245 1127 2344 1167 ceu
2387 1112 2624 1181 ineptam
2666 1110 2953 1182 quamdam
2993 1118 3048 1165 et
3085 1109 3404 1178 implicatam
3448 1109 3558 1165 tidei
3595 1117 3760 1184 exposi-

2244 1206 2468 1261 tionem.

2317 1294 2383 1350 ll.
2408 1294 2500 1349 liis
2527 1287 2799 1361 addimus,
2821 1292 2964 1364 quod
2986 1294 3038 1347 in
3067 1293 3342 1362 utriusque
3363 1290 3522 1348 fronte
3540 1307 3624 1364 pro
3646 1296 3762 1355 titulo

2248 1393 2302 1442 et
2329 1395 2649 1456 argtuuento
2668 1394 3020 1456 proponatur,
3048 1399 3067 1436 t
3096 1382 3252 1452 Quod
3275 1384 3406 1438 Deus
3427 1383 3632 1440 Verbum
3669 1403 3762 1458 per»

2247 1477 2446 1536 fectum
2465 1476 2736 1534 hominem
2754 1477 3142 1547 assumpserit;
3175 1492 3194 1528 ι
3228 1489 3345 1531 cum
3369 1477 3414 1530 in
3434 1483 3599 1532 neutra
3615 1477 3764 1536 harum

2247 1572 2598 1642 epistolarnm
2631 1569 2822 1626 artifex
2861 1569 2913 1642 id
2951 1569 3255 1641 argumenti
3284 1571 3524 1640 attingat;
3557 1581 3690 1642 atque
3725 1574 3766 1628 in

2249 1665 2418 1734 prima
2456 1664 2524 1719 de
2549 1661 2730 1719 Verbo
2763 1661 2874 1718 Deo
2913 1675 2932 1714 t
2966 1663 3057 1733 qui
3099 1660 3392 1733 perfectum
3436 1663 3670 1719 hominem
3703 1676 3768 1719 as-

548 1792 666 1839 tere
712 1797 832 1838 meo
855 1781 919 1837 ad
959 1751 1343 1837 Alexandriam
1384 1779 1451 1833 ad
1495 1771 1861 1848 supradlclum
1910 1775 2144 1830 Athana‘
2173 1759 2222 1821 Β
2251 1756 2618 1848 δωηρείιξίηθ
2638 1765 2882 1823 peccato,
2914 1773 2933 1807 ι
2959 1754 3142 1810 dicere
3171 1761 3469 1820 contentus,
3507 1751 3767 1812 inalterade

548 1877 690 1932 stum
714 1872 910 1941 direxi,
932 1879 989 1929 ut
1014 1874 1081 1928 ad
1103 1873 1289 1929 urbem
1315 1872 1540 1926 Remum
1575 1869 1782 1925 veniret
1805 1885 1819 1922 :
1845 1879 1901 1924 ut
1930 1869 1982 1924 in
2007 1881 2145 1940 prte-

547 1967 689 2025 seutl
727 1965 780 2023 id
813 1967 953 2038 quod
992 1963 1244 2021 Ecclesiae
1265 1963 1551 2033 disciplina
1571 1961 1782 2017 exstitit
1826 1960 1891 2034 (Γ.
1934 1959 2141 2031 exigit),

549 2065 606 2118 in
648 2073 770 2118 eum
804 2065 1149 2116 statueretur.
1189 2058 1420 2114 Litteras
1456 2058 1616 2112 etiam
1663 2057 1728 2110 ad
1767 2054 2016 2110 eumdem
2051 2065 2148 2126 per

548 2153 888 2226 supradictas
939 2153 1286 2224 presbyteros
1323 2147 1468 2214 dedi,
1502 2148 1701 2220 quibus
1741 2148 2144 2211 cuntinebatur.

547 2241 691 2316 Quod
712 2244 756 2299 si
781 2257 886 2301 non
913 2243 1140 2310 veniret,
1169 2242 1331 2297 sciret
1354 2251 1414 2296 se
1437 2234 1675 2297 alienum
1711 2249 1832 2296 esse
1867 2242 1938 2296 ab
1975 2240 2149 2294 eccle-

549 2339 648 2394 site
697 2351 935 2393 romanae
981 2335 1380 2391 communione.
1411 2333 1634 2388 Reversl
1666 2331 1827 2402 igitur
1846 2331 2147 2401 presbyteri

549 2431 931 2486 nuntiaverunt
964 2441 1088 2484 eum
1119 2427 1303 2482 venire
1346 2425 1602 2482 noluisse.
1644 2426 1878 2481 Secutus
1917 2425 2149 2495 denique

549 2520 763 2576 litteras
800 2519 1078 2574 charitatis
1102 2527 1322 2583 vestrm,
1347 2527 1479 2586 quas
1498 2515 1568 2571 de
1613 2517 1832 2571 nomine
1856 2515 2150 2586 supradicti

551 2610 834 2669 Athanasii
860 2611 924 2664 ad
947 2625 1043 2664 nos
1064 2609 1311 2674 dedistis,
1343 2601 1532 2663 sciatis
1561 2606 1646 2661 his
1676 2606 1885 2673 litteris,
1911 2617 2048 2677 quas
2082 2605 2150 2661 ad

551 2695 968 2760 unanimitatem
1005 2709 1245 2756 nostram
1287 2699 1433 2768 dedi,
1465 2710 1551 2754 me
1578 2711 1700 2753 cum
1723 2698 1974 2754 omnibus
1997 2697 2152 2752 vobis

554 2805 609 2854 ct
635 2812 759 2852 cum
781 2793 1050 2851 universis
1080 2793 1350 2864 episcopis
1372 2793 1629 2850 Ecclesia:
1657 2792 1940 2848 catholicae
1962 2805 2150 2862 pacem

550 2887 785 2947 habere:
809 2887 1174 2959 supradictum
1196 2894 1373 2942 autem
1396 2885 1753 2942 Athanasium
1774 2886 2007 2940 alienum
2031 2899 2152 2941 esse

555 3001 584 3038 a
610 2983 992 3038 communione
1013 2995 1155 3048 mea,
1180 2982 1292 3037 sive
1329 2981 1576 3036 ecclesia:
1598 2991 1834 3035 romanae
1855 2989 1908 3034 et
1928 2992 2151 3035 consero

555 3075 633 3133 tio
661 3076 962 3131 litterarum
993 3073 1482 3131 ecclesiasticarum
1513 3071 1617 3145 (i).

1185 3177 1500 3243 MONITUM

659 3319 713 3360 IN
753 3317 1044 3360 EPISTOLAS
1082 3316 1360 3358 AIOEBEAS
1399 3317 1596 3358 ιωειιιι
1634 3318 1702 3360 ΕΤ
1741 3317 2046 3360 ATBANASII.

1029 3414 1216 3474 (Const.
1238 3414 1486 3479 Δρνθπά..
1511 3429 1564 3478 ρ.
1586 3414 1692 3479 95.)

623 3522 665 3578 Ι.
708 3522 765 3577 In
801 3521 1090 3577 novissima
1135 3531 1363 3591 operum
1400 3519 1683 3576 Athanasii
1713 3519 1973 3588 editione,
1995 3527 2073 3576 to.
2097 3536 2155 3588 tt,

548 3623 677 3687 pag.
706 3613 833 3681 661,
856 3621 1185 3669 monuerunt
1202 3613 1402 3678 nostri,
1433 3611 1568 3666 duas
1610 3611 1728 3667 illas
1766 3612 2026 3683 epistolas
2061 3627 2156 3667 ex-

545 3717 694 3764 stare
712 3702 930 3776 quidem
955 3706 1008 3760 in
1030 3705 1362 3776 perantiquis
1389 3705 1670 3760 Athanasii
1699 3705 1976 3761 codicibus
1996 3721 2012 3772 ;
2029 3705 2150 3770 sed.

552 3809 613 3854 ut
633 3811 700 3853 ex
729 3796 910 3853 verbis
938 3797 1249 3865 conjectare
1271 3797 1418 3864 licet,
1451 3796 1610 3853 unius
1634 3796 1986 3869 ejusdemque
2006 3799 2157 3854 Grato

555 3891 662 3946 culi
693 3890 927 3961 imperiti
949 3904 1088 3961 opus
1123 3890 1226 3947 sibi
1259 3889 1460 3956 videri;
1485 3900 1635 3947 certe
1667 3907 1788 3963 quae
1809 3893 1922 3950 illic
1949 3893 2018 3949 de
2037 3893 2159 3949 'l‘ri-

565 3983 736 4040 nitate
772 3983 1158 4055 pmdicantur,
1193 3982 1262 4039 ab
1316 3982 1526 4038 usitatis
1563 3983 1860 4040 Athanasio
1905 3985 2158 4056 loquendi

2250 1849 2491 1919 perfecto
2517 1847 2738 1903 homine
2767 1858 3044 1917 assumpto
3090 1858 3158 1902 tte
3184 1847 3396 1902 verbum
3413 1845 3605 1916 quidem
3629 1847 3767 1903 faciat.

2250 1938 2406 1996 Unde
2425 1948 2703 2009 utramque
2730 1939 2975 1994 mutilam
2998 1949 3122 1994 esse
3141 1938 3502 1994 conﬁrmatur.
3515 1937 3663 2009 ipsum
3679 1953 3774 2010 quo-

2251 2046 2358 2103 que
2377 2041 2751 2102 argumentum
2772 2033 2851 2088 eis
2874 2030 3176 2102 prariixum,
3201 2045 3312 2102 quo
3332 2031 3688 2104 Apollinariana
3704 2044 3774 2088 et-

2254 2123 2490 2196 pioditur
2513 2125 2757 2190 haeresis,
2781 2125 2835 2180 in
2867 2123 3066 2182 Liberil
3107 2133 3350 2196 tempora
3385 2125 3586 2181 minime
3620 2139 3772 2181 conte

2253 2221 2374 2276 nire
2424 2217 2582 2276 facile
2638 2221 2918 2290 probatur,
2951 2227 3136 2291 utpote
3183 2234 3308 2275 cum
3353 2219 3464 2275 haec
3514 2219 3698 2274 heresis
3735 2220 3774 2272 in

2251 2311 2546 2370 Occidente
2568 2313 2796 2367 Damaso
2817 2321 3021 2368 tantum
3045 2314 3305 2384 pontiﬁce
3326 2313 3639 2367 innotescere
3654 2323 3704 2366 ac
3718 2311 3778 2365 di-

2254 2405 2463 2476 vulgari
2493 2406 2740 2476 cmperit.
2766 2405 2873 2463 Sed
2900 2414 2956 2460 et
2982 2407 3028 2461 si
3053 2406 3202 2477 prius
3224 2403 3552 2470 innotuisset,
3575 2416 3775 2475 quorsum

2256 2497 2325 2556 ab
2343 2500 2658 2569 Athanasio,
2684 2501 2776 2571 qui
2802 2499 3228 2570 Apollinariante
3265 2499 3527 2555 haereseos
3557 2505 3781 2567 suspectus

2256 2601 2550 2663 numquam
2586 2591 2703 2659 fuit,
2745 2592 2966 2662 perfecti
3002 2586 3240 2647 hominis
3297 2607 3326 2645 a
3375 2590 3542 2647 Verbo
3577 2587 3779 2657 assumpti

2257 2681 2523 2754 exigenda
2555 2681 2856 2753 professio?
2876 2683 2985 2737 imo
3006 2683 3134 2754 quid
3156 2683 3259 2739 sibi
3288 2683 3418 2749 vult,
3448 2697 3467 2732 α
3491 2681 3605 2736 Mihi
3640 2675 3785 2736 rescri-

2257 2775 2375 2841 bas,
2399 2776 2445 2830 si
2467 2773 2694 2846 perinde
2720 2785 2883 2844 atque
2901 2789 3004 2829 nos
3030 2774 3084 2829 in
3105 2789 3238 2830 vera
3269 2773 3375 2829 iide
3400 2775 3604 2838 sentias,
3622 2779 3669 2824 ut
3690 2785 3783 2824 cou-

2257 2869 2489 2924 lldenter
2511 2881 2574 2922 ac
2600 2867 2720 2922 sine
2754 2866 3070 2922 discrimine
3094 2879 3220 2936 quat
3259 2879 3420 2936 rogas
3445 2871 3673 2935 praestare
3695 2867 3788 2932 pot-

2259 2961 2398 3016 sim?
2432 2980 2452 3014 ι
2484 2959 2614 3014 Nam
2643 2959 2772 3014 licet
2795 2959 2864 3014 ab
2891 2957 3173 3013 Athanasii
3200 2957 3570 3013 communione
3599 2954 3787 3009 Liberius

2263 3071 2358 3126 per
2378 3055 2484 3110 vim
2507 3053 2576 3108 ad
2599 3063 2810 3123 tempus
2834 3051 3115 3118 defecerit,
3154 3049 3229 3107 de
3250 3060 3394 3106 recta
3421 3058 3586 3105 tamen
3603 3048 3700 3118 ejus
3718 3045 3792 3100 title

2186 3145 2233 3212 C
2268 3163 2444 3219 neque
2467 3145 2812 3218 pontificatus
2834 3145 2986 3200 initio
3011 3143 3149 3214 (tum
3180 3142 3254 3199 iis
3273 3157 3394 3214 qua
3429 3141 3524 3197 sub
3547 3141 3667 3197 Julio
3682 3146 3791 3210 gesta

2263 3248 2439 3307 erant,
2471 3249 2584 3294 tum
2606 3236 2876 3307 octoginta
2905 3237 3290 3305 episcoporum
3319 3233 3669 3306 Egyptiorum
3692 3231 3795 3284 litte-

2262 3335 2339 3392 ris
2363 3333 2633 3408 edoctus),
2661 3350 2839 3406 neque
2879 3349 3132 3405 umquam
3175 3333 3465 3388 dubitavit.
3488 3330 3651 3400 Neque
3675 3327 3794 3383 etiam

2260 3427 2536 3486 Liberium
2573 3427 2714 3498 sapit
2757 3440 2986 3498 operosa
3020 3426 3110 3480 illa
3156 3425 3364 3481 divina:
3417 3422 3634 3494 Spiritus
3669 3417 3797 3475 sancti

2264 3533 2474 3577 natura
2500 3521 2752 3588 assertio,
2783 3535 2904 3591 quat
2927 3521 2980 3574 in
3004 3520 3185 3589 priore
3223 3518 3458 3591 epistola
3489 3517 3706 3571 habetur.
3724 3503 3798 3578 Qui

2263 3614 2411 3671 enim
2436 3612 2704 3668 extremis
2743 3611 2869 3668 vita
2899 3626 3012 3666 sua:
3040 3609 3379 3681 temporibus
3397 3608 3463 3664 ab
3491 3608 3570 3671 iis,
3601 3604 3679 3676 qui
3693 3612 3799 3674 post-

2259 3723 2326 3763 ea
2393 3704 2767 3761 Macedoniam
2823 3703 3183 3775 cognominati
3246 3712 3397 3767 sunt,
3449 3695 3635 3755 nullam
3681 3697 3798 3750 aliaat

2260 3801 2330 3858 de
2350 3800 2553 3870 Spiritu
2580 3809 2775 3857 sancto
2817 3795 3212 3869 professionem
3257 3796 3460 3868 exegit,
3486 3807 3632 3864 quam
3651 3802 3746 3860 qua:
3766 3786 3804 3839 in

2261 3893 2473 3949 nicteno
2507 3891 2756 3964 symbolo
2800 3887 3109 3960 exponitur,
3139 3898 3352 3958 quanto
3385 3887 3552 3958 magis
3586 3882 3675 3938 sub
3709 3894 3804 3950 pou-

2257 3984 2494 4042 tiiicatus
2533 3985 2685 4039 initia
2722 3983 2914 4039 eadem
2939 3983 3288 4055 professione
3323 3986 3604 4035 contentus
3641 3971 3804 4030 luisset.

777 4109 1120 4175 EPISTOLA
1147 4109 1404 4173 LlBERli
1444 4112 1756 4177 EPISCOPI
1797 4114 2015 4178 ROMIE
2055 4115 2148 4178 AD
2186 4117 2637 4181 ATHANASIUM
2679 4117 3067 4177 EPISCOPUM
3105 4107 3611 4176 ALEXANDRIE.

1875 4234 2060 4296 (Carm.
2080 4233 2329 4304 Append.,
2355 4249 2403 4301 p.
2429 4229 2541 4300 07.)

1472 4311 1611 4377 Quod
1635 4319 1774 4372 Deus
1796 4316 2019 4374 Verbum
2043 4325 2319 4390 perfectum
2342 4321 2592 4376 hominem
2617 4323 2963 4389 assumpserit.

545 4471 548 4474 .
624 4445 803 4507 ’κο-τιν
845 4440 938 4502 ὧν
965 4447 1084 4518 ἡμῖν
1115 4445 1148 4506 si
1173 4443 1436 4520 ὁμολογία,
1461 4444 1739 4507 ἐπιπόθητέ
1758 4467 1845 4520 μοι
1869 4447 2150 4508 ’Δθανάσιιι

551 4537 703 4614 λόγος
750 4538 868 4594 θεοῦ
906 4535 1014 4599 υίὸς
1041 4543 1175 4598 κατὰ
1201 4538 1357 4612 φύσιν
1385 4537 1438 4591 ἐκ
1457 4543 1545 4594 τοῦ
1568 4540 1684 4592 Graii
1713 4543 1796 4595 καὶ
1817 4544 2018 4618 πατρὸς
2043 4563 2160 4615 γη-

2336 4452 2464 4508 Herc
2487 4451 2650 4522 igitur
2677 4458 2763 4507 est
2787 4458 2972 4507 nostra
3000 4449 3304 4519 confessio,
3334 4446 3658 4520 optatissime
3681 4441 3809 4500 Atin-

2267 4543 2404 4600 nasi.
2435 4543 2673 4601 Verbum
2697 4543 2794 4599 Dei
2821 4543 2966 4599 filius
2989 4542 3294 4600 secundum
3324 4551 3570 4598 naturam
3591 4554 3651 4594 ex
3673 4535 3763 4591 Deo
3778 4538 3815 4585 ti

542 4636 732 4701 νηθείς,
764 4635 822 4688 οὐ
846 4634 1088 4699 armetis,
1113 4631 1218 4688 ἀλλ’
1247 4633 1329 4687 ἀεὶ
1360 4629 1429 4687 ὢν
1449 4633 1785 4710 συνάναρχος
1812 4643 1889 4707 τῷ
1932 4637 2029 4709 θεῷ
2076 4657 2149 4694 και

2269 4639 2430 4694 Patre
2460 4639 2695 4711 genitus.
2739 4653 2847 4696 non
2884 4648 3137 4706 creatus;
3167 4638 3275 4696 sed
3312 4651 3530 4707 semper
3563 4635 3670 4690 sine
3702 4627 3816 4686 initio

628 4785 708 4859 (l)
743 4785 869 4860 Haec
895 4783 1122 4860 epistola
1137 4782 1432 4860 adulterina
1453 4792 1555 4850 est,
1570 4784 1892 4860 Liberioque
1913 4790 2152 4860 pontifici

554 4851 701 4914 falso
736 4851 1036 4931 adscripta;
1087 4869 1151 4931 ea
1194 4851 1476 4910 occasione
1499 4896 1522 4931 ,_
1567 4871 1634 4931 ne
1681 4851 1954 4931 credatur,
2008 4863 2152 4931 quod

554 4931 744 4994 aiunt,
786 4925 1057 4982 Liberium
1100 4926 1149 4979 vi
1188 4932 1468 4991 coactum,
1498 4927 1775 4982 Athanasii
1815 4925 2151 4988 condemna-

553 4999 689 5072 tioni
733 4999 1106 5072 consensisse;
1164 4995 1322 5065 idque
1385 4995 1822 5072 his‘r-ationibus
1875 5005 2150 5072 probatur.

552 5071 738 5127 Primo
767 5087 782 5124 :
817 5068 1067 5148 Quisquis
1095 5067 1437 5148 innocentem
1479 5067 1845 5148 Athanasium
1862 5067 1903 5148 εἰΔ
1919 5074 2152 5131 catholi-

552 5155 742 5198 corum
769 5135 1147 5208 communione
1175 5135 1378 5208 arceri,
1421 5139 1614 5208 impios
1643 5151 1771 5197 vero
1813 5141 2045 5201 Arianos
2085 5147 2151 5201 ad

549 5203 950 5267 communionis
978 5208 1248 5262 vinculum
1293 5203 1511 5263 admitti
1528 5209 1738 5275 laudnt:
1768 5223 1891 5268 eum
1922 5231 2028 5271 non
2056 5231 2150 5271 ca-

547 5283 817 5358 tholicum
839 5319 855 5347 ,
896 5279 992 5358 sed
1012 5280 1266 5358 artanum
1293 5290 1673 5358 esseoportet.
1700 5281 1838 5358 Cum
1861 5285 2150 5358 itaqueis,

555 5356 647 5418 qui
675 5354 814 5409 hanc
834 5350 1115 5422 epistolam
1134 5349 1459 5423 fragmentis
1487 5351 1671 5408 Hilarii
1702 5349 2150 5423 inseruithtita;

558 5427 695 5481 nasii
740 5421 1235 5480 condemnatoriam
1280 5425 1335 5474 et
1376 5421 1979 5482 excommunicatOriam
2023 5444 2151 5485 sen-

559 5496 784 5551 tentiam
827 5489 1034 5559 laudet,
1082 5503 1243 5546 nemo
1281 5491 1496 5561 sapiens
1527 5491 1580 5546 id
1609 5495 1677 5548 ab
1719 5495 1917 5551 Hilario
1953 5499 2150 5555 factum

533 5584 541 5590 ·
561 5563 942 5636 [υἰβεθνειδοόίι.
967 5562 1214 5636 Secundo
1230 5562 1579 5636 ,“testimonio
1604 5563 1881 5622 Athanasii
1905 5577 2118 5624 ecttstat
2135 5611 2151 5636 ,

561 5635 838 5692 Liberium
904 5649 1072 5703 usque
1133 5633 1201 5688 ad
1242 5633 1404 5688 tinem
1459 5633 1642 5704 exilii,
1691 5650 1891 5694 annum
1948 5633 2153 5699 scilicet

566 5711 764 5774 Christi
808 5704 936 5769 557,
988 5719 1362 5778 perseverasse
1402 5715 1736 5765 constantem
1788 5719 1843 5766 et
1890 5707 2148 5774 fidelem:

2257 4789 2526 4864 quomodo
2559 4793 2718 4866 igitur
2745 4792 2898 4852 initio
2927 4793 3277 4867 pontiﬁcatus
3317 4789 3666 4854 Athanasium
3694 4789 3814 4867 iuno;

2257 4857 2470 4940 gentem
2500 4857 2962 4940 condemnaverit',
2994 4867 3323 4940 Arianisque
3355 4857 3816 4940 communicarent?

2255 4932 2474 5012 Tertio,
2513 4931 2759 5012 Liberius
2797 4937 2890 4994 illa
2945 4931 3204 5010 epistola,
3231 4931 3726 5012 'quamranttoAZ'aSi
3751 4945 3821 4999 per

2258 5007 2552 5080 secundam
2585 5011 2927 5080 legationem
2947 5003 3198 5080 scripsit,
3230 5003 3298 5067 ac
3325 5009 3475 5067 misit
3508 5009 3571 5065 ad
3601 5003 3818 5062 Constan-

2261 5079 2392 5152 tium
2412 5121 2426 5145 ,
2460 5079 2810 5134 Athanasium
2840 5079 3109 5152 defendit,
3148 5081 3592 5152 Arianorumque
3620 5089 3818 5152 contmn-

2243 5151 2478 5226 _nionem
2523 5164 2868 5226 summopere
2911 5147 3212 5226 detestatur
3249 5171 3264 5208 :
3313 5169 3441 5226 quas
3481 5147 3609 5208 sane
3645 5148 3705 5226 ab
3733 5147 3821 5212 it'50

2241 5214 2555 5302 prudenter
2594 5214 2766 5302 scribi.
2800 5237 2906 5278 non
2951 5223 3307 5302 potuis_sent_,_
3331 5214 3384 5281 si
3422 5217 3705 5302 jam_sedis
3735 5229 3821 5302 sua:

2242 5287 2415 5367 initio
2439 5306 2585 5367 cum
2628 5287 3076 5367 condemnasset.
3107 5293 3338 5367 Accedit
3361 5337 3376 5365 ,
3419 5287 3564 5367 quod
3607 5291 3696 5347 hac

2264 5361 2490 5432 epistola
2515 5361 2583 5418 ad
2637 5361 2929 5437 orientales
2978 5365 3174 5437 scripta
3224 5356 3489 5436 fateatur,
3519 5381 3597 5430 se,
3621 5356 3825 5432 quodie-

2261 5441 2586 5516 ceratroante
2636 5433 3221 5516 praedecessornit'tlius
3248 5480 3265 5505 ,
3312 5433 3660 5516 Athanasium
3691 5442 3823 5516 usque

2262 5504 2329 5586 ad
2360 5505 2611 5586 Ultimum
2634 5504 2830 5562 annum
2854 5509 2934 5562 sui
2949 5504 3347 5586 exiliisemper
3361 5507 3682 5586 defendisse.
3700 5504 3828 5558 Com-

2259 5577 2826 5658 mentumj-tagueesse
2842 5577 3449 5658 oport_et,Athanasium
3465 5577 3708 5658 principio
3719 5587 3825 5658 ppu.

2259 5642 2715 5703 tiﬂcatus'Liberii
2734 5642 3111 5706 communione
3132 5652 3387 5708 ecclesiae
3405 5642 3675 5709 catholicae
3690 5642 3825 5718 ptin-

2257 5721 2372 5777 tum
2399 5717 2582 5775 tuisse.
2613 5717 2740 5780 Haec
2764 5719 2960 5780 Baron.
2983 5722 3244 5814 pmdicto
3269 5723 3419 5796 loco.
3443 5723 3636 5802 Ssvss.
3663 5717 3820 5777 Brutus.
