4106 6184
562 191 584 244 1
597 188 700 241 599

1967 174 2278 231 LIBERIUS
2306 174 2390 229 ΡΛ
2400 175 2504 232 ΡΛ.

3643 197 3747 257 1400

564 306 696 365 αὕτη
722 303 900 377 έτάφη,
930 303 1019 357 οὐκ
1044 300 1212 360 αὐτὸς.
1240 297 1371 357 αῦτη
1400 301 1566 354 πάντα
1602 298 1668 354 τὰ
1709 299 1994 375 ἀνθρώπινα
2023 296 2155 354 πάθη

2287 294 2682 362 is;inllrmam,
2736 296 2861 351 licet
2907 312 3012 351 non
3065 309 3208 352 esset
3236 299 3342 368 ipse
3369 302 3591 375 inﬁrmus,
3627 319 3750 372 morti

563 405 633 462 ὡς
672 399 936 478 ἅνθρωπος
973 398 1244 470 ὑπέμεινε,
1281 396 1368 448 οὐκ
1413 391 1569 453 αὐτός
1627 395 1815 453 ἐκεῖνος
1854 389 1908 446 δὲ
1943 389 2158 462 δύναμις

567 497 704 556 θεοῦ,
733 493 978 548 τουτέστι
1006 491 1143 552 θεὸς,
1180 487 1206 544 ὁ
1235 489 1301 542 τά
1329 484 1492 542 ἄλυτα
1516 493 1605 542 τοῦ
1637 485 1763 560 ᾅδου
1787 485 1968 548 λύσας,
1991 487 2156 539 καὶτὸ

560 590 750 665 κράτος
777 593 864 642 τοῦ
891 583 1131 640 διαϐόλου
1156 586 1502 658 καταργήσας,
1529 580 1679 639 ἀνέϐη
1709 580 1814 632 ὃθεν
1840 581 1924 632 καὶ
1947 577 2154 634 κατέϐη·

560 684 760 756 ἐγείρας
800 681 952 734 ἐκεῖνο
986 680 1046 733 τὸ
1085 678 1269 748 ταφέν.
1293 678 1606 750 προσήνεγκε
1637 678 1711 744 τῷ
1749 672 1930 742 πατρὶ,
1970 668 2161 722 annos-

563 777 736 850 ρώσας
766 769 824 826 οὗ
849 773 1111 847 ἐκρατεῖτο
1142 769 1380 822 θανάτου.
1406 767 1457 819 έν
1485 766 1650 835 τούτῳ
1675 764 1758 818 τὸν
1782 762 1984 836 πατέρα
2011 765 2160 813 νοοῦ-

559 889 651 940 μεν
672 909 686 930 ,
717 866 769 921 ἓν
792 867 896 944 γὰρ
918 868 1007 919 καί
1028 870 1181 919 τοῦτο
1201 869 1263 936 τῇ
1293 859 1510 920 θεότητι,
1537 867 1600 933 τῇ
1627 856 1860 926 δυνάμει,
1885 863 1948 930 τῇ
1973 855 2129 928 οὐσίᾳ
2145 894 2160 918 ,

560 969 624 1036 τῇ
656 957 979 1014 ὑποστάσει.
1010 964 1073 1031 τῇ
1106 956 1252 1028 δόξῃ,
1282 961 1355 1023 τῷ
1384 951 1593 1023 ὀνόματι
1626 956 1717 1004 τοῦ
1742 951 1877 1011 θεοῦ,
1900 949 1983 1000 καὶ
2011 945 2162 1000 αὐτὸν

561 1054 646 1109 τὸν
673 1052 778 1104 υίὸν
816 1051 862 1103 ἐν
891 1057 964 1121 τῷ
989 1051 1166 1124 πατρί.
1200 1043 1350 1106 οὗτος
1390 1045 1414 1098 ὁ
1441 1045 1569 1116 μετὰ
1595 1043 1654 1098 τὸ
1677 1041 1848 1096 λαϐεῖν
1882 1047 1972 1097 την
1998 1040 2163 1112 σάρκα

561 1142 760 1204 Ἰησοῦς
781 1143 994 1205 κληθείς,
1017 1141 1192 1195 καθότι
1221 1143 1307 1193 κοί
1329 1135 1612 1213 ἄνθρωπος’
1642 1137 1907 1191 τουτέστιν
1929 1132 2163 1188 ἀνέλαϐεν

563 1230 826 1310 ἄνθρωπον
854 1235 901 1286 ἐν
932 1233 1120 1303 ἐαυτῷ,
1146 1233 1194 1284 ἐν
1223 1227 1263 1283 ὦ
1301 1236 1406 1284 πᾶν
1433 1231 1491 1283 τὸ
1529 1229 1783 1303 πλήρωμα
1808 1234 1900 1286 τῆς
1929 1225 2165 1286 θεότητος

562 1329 693 1382 οἰκεῖ
735 1333 1060 1398 σωματικῶς.
1107 1329 1288 1378 τοῦτον
1335 1320 1527 1393 ἔχομεν
1575 1322 1634 1374 οὐ
1692 1318 2163 1394 ὃιακεχωρισμένον

562 1421 664 1475 ἀπὸ
689 1426 780 1474 τοῦ
807 1420 1029 1492 πατρὸς,
1059 1417 1090 1476 ἦ
1119 1423 1210 1471 τοῦ
1240 1415 1386 1489 ἁγίου
1425 1417 1741 1487 πνεύματος.
1781 1412 1898 1468 οὐδὲ
1940 1413 2026 1468 τὸν
2061 1432 2166 1466 πα-

565 1512 692 1587 τέρα
713 1511 940 1586 λέγοντες
966 1509 1393 1572 καταϐεϐηκέναι,
1420 1509 1507 1563 καί
1533 1511 1584 1564 ἐν
1610 1509 1860 1586 ἀνθρώπῳ
1884 1509 2118 1581 γενέσθαι
2148 1519 2163 1532 ⁹

561 1602 728 1663 οὕτως
768 1599 838 1663 εἷς
863 1603 973 1663 θεὸς
997 1608 1171 1678 πατὴρ
1196 1603 1564 1679 παντοκράτωρ
1607 1602 1732 1673 παρ’
1763 1605 1887 1674 ἡμῖν
1929 1602 2168 1657 πιστεύε-

2261 389 2571 456 obuosiam,
2598 389 2725 445 licet
2755 404 2860 444 non
2891 399 3038 444 esset
3065 390 3176 459 ipse
3205 394 3351 448 morti
3388 394 3634 469 obnoxius;
3657 407 3752 463 visi.

2264 482 2446 547 bilem,
2475 483 2598 537 licet
2624 498 2726 538 non
2752 491 2897 538 esset
2917 485 3030 554 ipse
3055 485 3289 541 visibilis.
3321 487 3422 556 Ipsa
3449 508 3660 564 suspensa
3677 511 3755 567 est,

2263 590 2368 630 non
2401 587 2578 630 autem
2611 577 2688 646 (l)
2720 576 2806 630 ille
2833 592 2847 640 ;
2883 577 2997 644 ipsa
3043 576 3267 645 sepulta,
3296 594 3390 634 non
3418 583 3527 649 ille;
3555 586 3646 656 ipsa
3686 591 3759 646 llu-

2263 685 2449 724 manas
2473 683 2663 724 omnes
2693 670 2970 736 passiones
2991 682 3047 723 ut
3073 669 3231 724 hOIIIO
3255 673 3498 737 sustinuit.
3516 692 3602 732 non
3626 692 3761 738 autem

2265 763 2375 819 ille.
2438 762 2532 816 Ille
2579 773 2760 816 autem
2817 774 2900 817 est
2955 762 3125 817 virtus
3180 763 3286 825 Dei.
3316 765 3364 819 id
3413 776 3487 822 est
3532 770 3663 837 Deus,
3694 779 3762 847 qui

2265 870 2385 910 cum
2417 869 2482 910 ea
2511 869 2631 925 quas
2681 855 2732 908 in
2765 854 2980 910 inferno
3027 855 3324 910 insolubilis
3374 869 3512 915 erant
3551 865 3761 936 solvisset,

2266 948 2657 1018 imperiumque
2703 948 2902 1004 diaboli
2944 951 3254 1018 evertisset,
3287 951 3538 1010 adscendit
3567 973 3621 1012 eo
3662 962 3767 1018 unde

2266 1041 2640 1106 desaenderat;
2663 1043 2751 1110 qui
2783 1057 2981 1112 corpus
3007 1057 3163 1096 suum
3194 1059 3224 1096 e
3251 1044 3442 1098 tumulo
3468 1049 3696 1116 excitavit,
3729 1063 3769 1109 et

2269 1142 2547 1205 postqunm
2579 1135 2858 1190 liberasset
2889 1151 2918 1189 a
2949 1143 3125 1190 morte
3167 1151 3268 1206 qua
3307 1135 3640 1206 detinehatur,
3662 1144 3768 1203 Patri

2268 1229 2479 1283 Obtullt.
2503 1229 2556 1282 In
2588 1229 2678 1284 illo
2707 1228 2919 1283 Patrem
2949 1229 3331 1298 intelligimus;
3360 1246 3453 1284 una
3477 1234 3600 1286 enint
3626 1246 3669 1289 et
3688 1236 3770 1306 ipse

2270 1335 2358 1375 res
2405 1329 2488 1375 est
2515 1319 2740 1387 deitate,
2770 1324 2988 1384 virtute,
3037 1323 3292 1382 essentia,
3319 1322 3605 1389 substantia,
3629 1328 3770 1395 gloria,

2276 1411 2368 1466 Dei
2393 1411 2756 1482 appellatione
2795 1430 2808 1466 :
2841 1421 2896 1465 et
2923 1413 3095 1482 ipsum
3125 1412 3178 1466 in
3207 1411 3359 1466 Patre
3393 1411 3562 1468 Filium
3587 1420 3774 1486 agnosci-

2271 1520 2410 1561 mus.
2438 1506 2535 1561 llic
2558 1515 2640 1560 est
2654 1505 2744 1578 qui
2769 1517 3051 1577 postquam
3065 1506 3432 1576 assumpsissct
3449 1510 3776 1574 carnem,lesus

2273 1597 2584 1668 appellatus
2612 1607 2716 1666 est,
2743 1609 3015 1667 quatenus
3041 1608 3158 1653 erat
3180 1597 3338 1654 homo
3359 1616 3373 1665 ;
3398 1598 3490 1654 hoc
3512 1613 3601 1668 est,
3621 1617 3777 1657 assum-

564 1718 676 1761 ται,
708 1699 795 1749 καί
819 1693 904 1749 διὰ
932 1703 1085 1750 τοῦτο
1105 1698 1136 1755 ἡ
1161 1699 1337 1756 πίστις
1364 1698 1504 1768 ἡμῶν
1542 1696 1680 1750 ἐστιν
1716 1697 1788 1755 εἰς
1817 1695 1902 1750 ἕνα
1939 1695 2044 1748 θεὸν
2074 1717 2174 1750 πα-

2287 1693 2386 1762 psit
2413 1691 2682 1747 hominem
2719 1692 2770 1747 in
2795 1707 2856 1747 se
2878 1693 3018 1762 ipsn,
3039 1693 3093 1745 in
3121 1708 3220 1762 quo
3243 1693 3476 1746 inhabitat
3503 1695 3640 1748 omnis
3661 1697 3782 1764 pleni-

560 1790 688 1862 τέρα
714 1790 1130 1863 παντοκράτορα,
1179 1793 1261 1842 καὶ
1297 1793 1367 1848 είς
1397 1790 1482 1843 τὸν
1527 1789 1634 1842 υἱὸν
1684 1790 1844 1843 αὐτοῦ
1870 1791 1959 1843 τὸν
1995 1790 2168 1864 κύριον

564 1882 706 1953 ἡμῶν
736 1881 936 1938 Ἰησοῦν
964 1883 1202 1957 Χριστὸν,
1226 1885 1313 1936 καὶ
1341 1886 1413 1942 εἰς
1456 1883 1514 1936 τὸ
1558 1881 1702 1956 ἅγιον
1734 1889 1940 1955 πνεῦμα
1998 1889 2168 1938 ταῦτα

563 1971 618 2030 δέ
645 1975 698 2039 ἒξ
719 1974 976 2038 ένὸτητος,
1008 1981 1131 2048 μιᾶς
1157 1971 1443 2048 δυνάμεως,
1476 1980 1597 2048 μιᾶς
1640 1975 2005 2040 ὑποστάσεως,
2046 1981 2168 2048 μιᾶς

564 2070 772 2129 θυσίας,
817 2072 938 2138 μιᾶς
987 2066 1298 2139 δοξολοσγίας,
1327 2073 1452 2139 μιᾶς
1487 2069 1808 2145 κυριότητος,
1845 2074 1969 2138 μιᾶς
2013 2068 2169 2140 βασι-

565 2159 725 2220 λείας,
779 2165 901 2230 μιᾶς
950 2161 1160 2222 εἰκόνος,
1205 2168 1296 2221 τῆς
1326 2159 1548 2237 Τριάδος
1578 2160 1865 2232 ὁμοούσιον·
1906 2159 1972 2216 δι’
2001 2157 2062 2216 οὗ
2104 2165 2171 2218 τὰ

565 2252 736 2305 πάντα
761 2251 977 2324 ἐγένετο.
1011 2251 1176 2313 οὕτως
1206 2255 1291 2306 καί
1310 2254 1501 2329 σαρκὸς
1528 2253 1813 2310 ἀνάστασιν
1831 2255 2169 2326 πιστεύομεν,

564 2348 830 2409 τουτέστι,
861 2352 952 2400 τοῦ
981 2349 1226 2418 σώματος
1254 2349 1394 2419 ἡμῶν
1433 2349 1566 2403 κατά
1602 2348 1695 2406 τάς
1729 2347 1880 2420 ἁγίας
1925 2351 2124 2424 γραφὰς
2154 2390 2169 2415 ,

569 2444 662 2494 τοῦ
683 2440 909 2515 φθαρτοῦ
939 2444 1020 2494 καὶ
1045 2441 1226 2498 θνητοῦ
1250 2443 1408 2496 αὐτοῦ
1429 2442 1872 2515 μεταϐαλλομένου
1899 2446 1970 2505 είς
1991 2445 2174 2520 ἀφθαρ-

572 2535 692 2588 σίαν
723 2536 810 2587 καί
839 2533 1110 2588 ἀθανασίαν
1133 2533 1238 2588 ὑπὸ
1257 2539 1350 2587 τοῦ
1378 2540 1528 2588 Θεοῦ.
1557 2536 1711 2606 ἀμήν.

2281 1785 2403 1838 tudo
2429 1786 2713 1839 diuinitatis
2738 1785 3090 1857 corporaliter.
3123 1784 3275 1839 Illum
3299 1785 3548 1839 credimus
3567 1801 3687 1841 necs
3710 1786 3783 1840 Pa-

2281 1888 2362 1934 tre
2404 1894 2505 1933 nec
2549 1893 2579 1933 a
2618 1879 2817 1949 Spiritu
2860 1890 3050 1935 Sancto
3093 1887 3427 1949 separatum;
3461 1895 3613 1951 neque
3651 1888 3784 1935 tamen

2273 1972 2510 2026 dicimus
2543 1972 2754 2026 Patrem
2783 1971 3150 2038 descendisse,
3179 1981 3236 2027 et
3265 1974 3316 2028 in
3347 1956 3544 2028 homine
3571 1972 3717 2028 luisse.
3732 1973 3785 2028 lla

2277 2078 2417 2118 unus
2453 2065 2595 2119 Deus
2623 2063 2782 2120 Pater
2809 2065 3153 2134 omnipotens
3179 2080 3210 2120 a
3235 2066 3385 2120 nobis
3411 2066 3637 2122 creditur.
3674 2063 3788 2120 Ideo-

2282 2169 2387 2226 que
2417 2157 2552 2212 lides
2579 2168 2766 2212 nostra
2794 2169 2878 2213 est
2909 2157 2961 2212 in
2987 2174 3151 2212 unum
3187 2158 3356 2212 Deum
3386 2158 3576 2213 Patrem
3600 2172 3789 2229 omnipo-

2281 2257 2508 2318 tentem,
2539 2258 2595 2305 et
2624 2250 2679 2304 in
2709 2249 2904 2305 Filium
2945 2251 3061 2322 ejus
3095 2253 3380 2306 Dominum
3414 2263 3628 2307 nostrum
3656 2252 3791 2308 lesum

2280 2339 2588 2408 Christum,
2621 2352 2676 2398 et
2705 2343 2758 2398 in
2805 2344 3062 2414 Spiritum
3103 2355 3368 2400 sanctum.
3415 2345 3480 2399 Et
3511 2360 3623 2400 vero
3654 2345 3717 2418 (ἓ)
3744 2361 3792 2400 ex

2281 2438 2506 2503 unitate,
2532 2452 2636 2492 una
2661 2439 2878 2501 virtute.
2908 2455 3011 2494 una
3035 2440 3471 2504 substantia,una
3490 2441 3704 2507 essentia,
3721 2457 3794 2495 una

2282 2532 2700 2602 gloriﬁcatione,
2724 2550 2825 2588 una
2856 2534 3250 2601 dominatione,
3275 2549 3380 2588 uno
3398 2547 3568 2605 regno,
3596 2549 3680 2588 una
3701 2534 3796 2586 ima-

2284 2628 2409 2698 gine
2429 2671 2443 2695 ,
2475 2626 2758 2682 Trinitatis
2780 2638 3032 2683 constare
3063 2627 3336 2683 credimus
3361 2626 3798 2682 consubstantialita-

575 2724 828 2790 tem;per
861 2734 1010 2785 quem
1065 2718 1235 2772 omnia
1291 2719 1428 2789 facta
1467 2726 1606 2773 sunt.
1651 2717 1726 2773 Ita
1777 2728 1830 2774 et
1865 2718 2042 2774 carnis
2069 2722 2520 2776 resurrectionem
2570 2722 2874 2788 credimus,
2900 2723 3002 2790 hoc
3040 2731 3144 2785 est,
3175 2722 3420 2794 corporis
3459 2722 3627 2787 nostri,
3659 2735 3799 2774 secun-

577 2810 704 2866 dum
759 2825 940 2866 Sacras
990 2812 1321 2882 Scripturas,
1363 2819 1694 2866 commutato
1730 2824 1798 2866 eo
1841 2811 1982 2882 quod
2019 2812 2370 2884 corruptibile
2414 2823 2470 2871 et
2503 2815 2732 2870 mortale
2771 2824 2909 2882 erat,
2934 2815 2988 2870 in
3021 2813 3796 2886 incorruptibilitatemetimmor-

575 2905 838 2959 talitatem
879 2917 975 2974 per
1005 2903 1194 2961 Deum.
1224 2909 1418 2960 Amen.

1219 3017 1553 3074 EPISTOLA

678 3148 874 3191 ιιιιειιιι
901 3149 1052 3190 ΡΑΡᾸΞ
1081 3150 1149 3190 AD
1177 3148 1352 3190 OINES
1379 3149 1754 3191 GENEBALITER
1780 3148 2077 3191 EPISCOPOS.

1082 3269 1252 3334 (Cone.
1277 3278 1314 3324 t.
1337 3287 1390 3334 ιι,
1429 3269 1520 3324 col.
1546 3269 1683 3334 670.)

582 3427 648 3479 Ut
670 3425 833 3477 nullus
875 3437 962 3484 pro
996 3423 1446 3488 persecutionibus,
1480 3423 1596 3472 dum
1632 3420 1816 3488 durare
1841 3425 2022 3488 potest,
2048 3430 2185 3468 suam

640 3489 900 3552 relinquat
935 3483 1214 3552 ecclesiam,
1236 3483 1609 3552 rnec_quietem
1641 3484 1797 3552 magis
1842 3483 2013 3542 eligat,
2039 3493 2188 3543 quam

645 3565 734 3614 pro
759 3547 936 3615 populo
957 3551 1049 3600 sini
1071 3551 1329 3600 commisso
1351 3547 1574 3598 laborare
1598 3548 1837 3596 intendat.

585 3679 804 3735 Dominis
828 3676 1145 3731 sanctissimis
1184 3687 1228 3729 et
1256 3679 1356 3728 Deo
1377 3671 1720 3726 amantissimis
1743 3668 1979 3735 universis
2002 3667 2187 3734 episco-

785 3744 860 3808 pis
881 3785 895 3807 ,
921 3740 1137 3794 Laberius
1159 3741 1427 3806 ερίεεομιιε,
1453 3738 1504 3789 in
1535 3736 1737 3788 Domino
1759 3733 1980 3787 salutem.

659 3879 801 3936 Nihil
829 3885 912 3933 est
939 3872 1082 3946 quod
1108 3887 1206 3928 nos
1232 3871 1321 3926 diu
1348 3878 1491 3924 stare
1520 3867 1678 3922 faciet
1697 3868 1714 3936 (
1734 3866 1834 3936 leg.
1861 3862 2064 3936 faciat),
2089 3861 2193 3918 nisi

589 3977 685 4033 Dei
712 3973 902 4046 gratia.
933 3967 1202 4026 Caeterum
1239 3963 1472 4035 nequitia
1511 3959 1748 4025 diaboli,
1788 3957 2194 4027 contemptibile

589 4067 791 4125 malum
813 4108 826 4129 ,
862 4066 1075 4135 plenum
1102 4073 1308 4115 veneno
1339 4055 1614 4110 mortifero
1641 4053 1793 4107 saevit
1814 4092 1828 4116 ,
1861 4051 1949 4118 qui
1979 4064 2192 4104 sursum

591 4169 755 4230 atque
781 4157 1032 4212 deorsum
1060 4153 1272 4216 circuit,
1301 4162 1551 4220 quaerens
1580 4161 1740 4216 quem
1769 4144 2011 4198 devoret.
2042 4141 2196 4198 Unde

593 4255 839 4324 vigilare,
858 4261 911 4304 et
941 4247 1104 4302 sobrii
1132 4259 1253 4301 esse
1281 4242 1347 4297 ad
1377 4241 1647 4296 orationes
1677 4237 1731 4309 (Ι
1759 4237 1903 4292 Petr.
1933 4253 1983 4304 ν,
2019 4237 2075 4302 8)
2097 4276 2111 4298 .
2141 4244 2197 4291 ει

596 4347 711 4402 Ι)εο
739 4343 1098 4415 propinquare
1127 4337 1387 4391 debemus
1407 4375 1422 4398 ,
1465 4342 1519 4386 et
1554 4332 1726 4386 fatuas
1748 4371 1763 4396 ,
1791 4330 2017 4384 Domino
2047 4328 2196 4383 auxi-

2210 3020 2256 3084 C
2291 3034 2420 3076 nere
2448 3018 2710 3077 debemus
2730 3062 2745 3088 ,
2776 3019 3120 3086 Studeamus,
3151 3033 3222 3076 ne
3258 3019 3466 3091 reprobi
3498 3019 3549 3075 in
3586 3026 3806 3089 conspectu

2289 3112 2382 3169 Dei
2407 3111 2764 3180 inveniamur,
2790 3111 2886 3169 sed
2911 3115 2930 3166 l
2933 3122 3214 3168 ructuosos
3242 3113 3320 3169 illi
3343 3113 3623 3184 manipulos
3639 3111 3693 3166 de
3706 3125 3808 3166 com.

2286 3207 2469 3262 missis
2498 3207 2654 3263 nobis
2678 3207 2930 3278 gregibus
2949 3248 2966 3276 ,
2996 3210 3111 3278 ipso
3151 3207 3600 3272 adminiculante,
3635 3217 3810 3274 presen-

2290 3311 2404 3358 tare
2434 3304 2706 3357 Valeamus
2744 3320 2756 3354 :
2785 3317 3108 3372 quamquam
3149 3303 3308 3358 multi
3349 3317 3445 3357 nos
3480 3308 3809 3374 persequantur,

2289 3403 2345 3449 et
2387 3410 2517 3451 oves
2553 3393 2755 3450 ChriSti
2797 3394 3094 3450 dilacerare
3129 3393 3481 3463 desiderent,
3511 3393 3592 3466 qui
3630 3392 3750 3463 quasi
3776 3391 3814 3443 in

2290 3492 2531 3546 vestibus
2557 3489 2736 3544 ovium
2763 3501 3048 3558 apparent,
3077 3491 3222 3546 intus
3252 3503 3432 3546 autem
3461 3490 3684 3558 suntlupi
3707 3500 3815 3555 rapa-

2291 3597 2384 3638 ces
2405 3625 2420 3646 ,
2449 3597 2584 3648 quos
2614 3597 2678 3638 ex
2709 3582 2969 3638 fructibus
2995 3586 3380 3655 cognoscimus
3415 3602 3430 3640 :
3464 3584 3544 3639 isti
3569 3584 3715 3653 primo
3732 3579 3817 3649 qui.

2293 3680 2414 3736 dem
2442 3681 2695 3737 videntur
2730 3699 2793 3738 ex
2823 3682 2978 3740 nobis
3005 3699 3158 3752 esse,
3186 3685 3286 3740 sed
3320 3700 3424 3740 non
3451 3693 3567 3739 sunt
3590 3697 3646 3738 es
3672 3678 3816 3735 nobis:

2293 3775 2338 3828 si
2367 3775 2510 3830 enim
2544 3775 2772 3830 fuissent
2799 3792 2867 3831 ex
2910 3777 3097 3843 nobis,
3130 3778 3463 3834 mansissent
3498 3775 3664 3848 utique
3686 3772 3822 3828 nobis-

2295 3881 2437 3920 cum.
2467 3866 2693 3936 Quando
2715 3883 2846 3924 vero
2870 3884 3022 3923 suam
3048 3871 3393 3926 evomuerint
3420 3870 3738 3941 impietatem,
3759 3862 3823 3917 do-

2297 3957 2406 4012 lum
2439 3961 2526 4029 qui
2570 3960 2622 4014 in
2651 3960 2731 4015 eis
2770 3970 2884 4025 est,
2913 3974 3262 4034 erumpentes
3285 4007 3301 4032 ,
3349 3975 3406 4021 et
3437 3961 3827 4036 apprehendentes

2297 4049 2625 4107 inﬁrmiores
2651 4093 2665 4117 ,
2716 4061 2772 4108 et
2815 4069 2911 4109 eos
2955 4054 3048 4126 qui
3097 4057 3164 4110 ad
3210 4056 3429 4128 eloquia
3477 4055 3646 4110 divina
3686 4061 3826 4108 sensus

2301 4143 2680 4202 inexercitatos
2711 4145 2948 4214 habent,
2978 4165 3160 4205 secum
3188 4165 3288 4205 eos
3317 4150 3631 4207 contrahunt
3661 4145 3716 4200 ad
3746 4158 3830 4214 per-

2298 4235 2558 4294 ditionem
2583 4281 2596 4305 ,
2631 4241 3007 4298 subvertentes
3041 4256 3096 4299 et
3140 4242 3462 4312 injuriantes
3496 4253 3720 4314 paternas
3740 4237 3830 4290 doc~

2303 4335 2467 4388 trinas
2480 4335 2618 4389 sicut
2637 4345 2691 4390 ct
2711 4350 2892 4391 sacras
2914 4337 3242 4407 Scripturas,
3264 4338 3332 4393 ad
3352 4337 3688 4410 perditionem
3706 4345 3830 4393 suam,

597 4438 784 4500 liante,
818 4418 1102 4488 hominum
1122 4427 1362 4491 insidias,
1388 4432 1543 4495 prout
1567 4424 1822 4478 Dominus
1854 4435 2010 4492 posse
2035 4419 2198 4476 dede-
2223 4422 2275 4482 D
2301 4441 2436 4497 quos
2473 4438 2684 4494 oportet
2725 4429 3074 4498 praescienter
3111 4444 3309 4486 cavere
3333 4471 3349 4498 ,
3383 4446 3451 4486 ne
3481 4429 3666 4484 malitia
3695 4434 3832 4481 eorum

594 4533 687 4597 rit,
719 4540 1005 4598 respuere,
1034 4532 1088 4578 et
1118 4521 1304 4576 Patres
1332 4517 1506 4588 sequi,
1535 4526 1588 4570 et
1624 4529 1730 4568 non
1762 4512 2059 4583 transgredi
2090 4523 2198 4568 ter-

599 4625 777 4682 minos
827 4621 1042 4676 Patrum
1083 4617 1162 4686 (id
1192 4624 1296 4681 est,
1327 4622 1384 4666 ut
1423 4627 1528 4665 nott
1559 4609 1924 4681 relinquamus
1954 4615 2195 4673 nostras,

601 4719 727 4774 dum
756 4717 808 4771 in
839 4715 920 4770 eis
948 4711 1236 4782 persistere
1263 4706 1445 4772 aliquo
1470 4703 1630 4758 modo
1666 4703 1994 4766 valebimus,
2025 4699 2200 4755 eccle-

601 4812 728 4875 sias,
756 4820 814 4864 ut
834 4807 900 4862 ad
923 4805 1053 4860 alias
1082 4800 1479 4872 properemus),
1506 4808 1595 4852 aut
1615 4799 1837 4869 pupulos
1871 4797 2022 4852 nobis
2047 4812 2198 4851 com-

604 4904 802 4961 missos
833 4899 1120 4970 negligere,
1148 4907 1204 4948 ut
1229 4893 1464 4965 quietem
1497 4893 1620 4964 (for.
1654 4889 1956 4963 quiescere)
1973 4889 2201 4961 amplius

603 5011 766 5071 quam
791 5007 888 5063 pro
910 4991 989 5044 eis
1017 4989 1318 5048 elaborare.
1348 4999 1444 5055 pro
1471 4984 1665 5055 quibus
1691 4984 1850 5040 etiam
1877 4985 2084 5039 animas
2107 4999 2200 5054 po-

680 5133 761 5204 (1)
789 5125 1119 5204 Vocabulum
1145 5123 1233 5178 ille
1259 5121 1421 5192 (sicut
1455 5126 1646 5204 ego'eb
1667 5119 1755 5204 tu)
1773 5121 1988 5204 proprie
2017 5137 2202 5192 perso-

608 5191 755 5263 nam'
790 5207 968 5255 sonat.
1018 5191 1277 5251 Personze
1308 5191 1493 5247 autem
1521 5191 1685 5263 Verbi
1723 5191 1812 5248 Dei
1845 5191 1949 5248 nan
1997 5191 2202 5250 tantum

609 5262 753 5346 quod
781 5267 1011 5343 propria:
1037 5266 1181 5321 illius
1207 5262 1890 5346 natura-sedetianrquod
1912 5273 2116 5321 parum,
2139 5266 2207 5322 ab

609 5335 731 5420 ipso
761 5335 1052 5420 assumpta:
1080 5335 1348 5419 congruit,
1367 5335 1651 5420 tribuitur;
1680 5335 1924 5405 adeoque
1959 5350 2208 5392 accurata

612 5406 702 5475 hic
733 5430 837 5472 n0n
865 5406 963 5468 est'
977 5409 1198 5472 locutio,
1227 5422 1330 5475 qua
1359 5406 1447 5459 ille
1476 5420 1790 5473 suSpensus,
1823 5423 2012 5476 passus
2036 5424 2100 5463 ac
2123 5424 2211 5465 se-

614 5490 796 5560 pultus
826 5493 1067 5560 negatur.
1086 5478 1240 5560 lere
1271 5476 1416 5560 enim
1447 5491 1740 5560 suspensus
1760 5521 1774 5539 ,
1810 5494 1996 5560 passus
2024 5495 2088 5533 ac
2115 5494 2206 5535 se-

615 5549 796 5632 pultus
820 5549 1067 5632 Creditur
1086 5549 1395 5631 FiltusDei.
1416 5551 1617 5632 scilicet
1642 5549 1937 5632 secupdum
1963 5565 2198 5606 carnem.

613 5617 684 5686 λι
709 5625 954 5699 εριειυι.ιο
986 5625 1141 5692 hujus
1171 5621 1403 5699 scriptor
1429 5617 1842 5699 vocabulnille,
1868 5636 1980 5699 .nou
2009 5636 2202 5692 perso-

605 5717 733 5760 nam
747 5689 861 5755 'sed
886 5689 1131 5753 naturam
1157 5691 1435 5748 dumtaxat
1465 5689 1624 5748 Verbi
1644 5689 1925 5746 intellexit.

2305 4521 2521 4590 quidam
2559 4523 2804 4590 seducti,
2856 4524 3239 4580 abscindantur
3283 4542 3316 4581 a
3361 4527 3570 4598 propria
3609 4522 3836 4578 ﬁrmitate:

2306 4613 2582 4670 Exacuunt
2627 4617 2762 4670 enim
2805 4617 3007 4689 linguas
3049 4635 3192 4688 suas,
3234 4622 3390 4690 iuxta
3421 4623 3677 4690 prophetat
3699 4625 3837 4670 vocem

2310 4708 2482 4782 (Psal.
2508 4712 2756 4780 cxxxrx),
2779 4711 2908 4765 sicut
2936 4723 3194 4779 serpentes
3221 4729 3241 4768 :
3267 4729 3517 4768 uenenum
3542 4711 3748 4785 aspidem
3773 4702 3839 4759 sub

2307 4799 2457 4854 labiis
2494 4817 2689 4855 eorum.
2732 4800 2841 4857 Nec
2871 4817 2970 4857 nos
3009 4804 3183 4874 pigeat
3217 4820 3314 4874 per
3356 4806 3667 4876 temporales
3688 4799 3842 4856 crucis-

2307 4903 2394 4949 tus
2431 4909 2526 4963 pro
2560 4892 2758 4950 Christi
2801 4899 3018 4952 nomine
3046 4898 3328 4955 elaborare
3359 4900 3449 4971 (S.
3491 4898 3724 4954 Martinus
3745 4907 3845 4966 papa

2309 5004 2391 5059 ep.
2417 4987 2486 5044 ad
2516 4987 2580 5044 S.
2609 4989 2924 5063 Amandum)
2948 5031 2964 5058 ,
2993 4991 3088 5048 sed
3115 4992 3482 5050 emolumenta
3506 4993 3682 5048 lutum
3706 5000 3845 5045 remn-

2383 5189 2463 5264 (2)
2491 5191 2604 5270 Hoc
2623 5202 2728 5260 est,
2756 5209 2864 5270 non
2901 5210 2966 5270 ex
2990 5195 3358 5270 similitudine
3380 5241 3396 5266 ,
3429 5206 3490 5254 ut
3523 5195 3750 5270 volebant
3771 5188 3850 5270 lio;

2310 5265 2590 5319 moensiani
2630 5279 2726 5320 seu
2773 5265 3093 5323 Semiariani
3117 5308 3133 5332 .
3175 5269 3268 5324 sed
3308 5265 3726 5325 em'unitatemtti
3761 5265 3851 5317 voci

2316 5336 2443 5412 dum
2475 5336 2714 5404 proxima
2761 5341 2939 5412 unain
2975 5343 3120 5408 prius
3159 5341 3395 5410 vulgatis
3437 5342 3704 5412 coltulatnr
3726 5345 3852 5412 atque

2315 5407 2681 5482 coniungitur,
2691 5408 2928 5482 subinde
2954 5427 3074 5482 cum
3107 5407 3372 5467 orationis
3405 5407 3694 5482 integritate
3711 5407 3852 5482 delicti

2316 5489 2369 5532 et
2406 5475 2619 5554 Sensus.
2666 5479 2760 5554 Hie
2805 5481 3080 5554 repetitur;
3089 5483 3230 5548 quod
3282 5485 3337 5536 in
3374 5475 3602 5554 epistola
3639 5475 3855 5554 superipfi

2318 5550 2652 5618 praemissum
2702 5548 2896 5615 fuerit,
2928 5558 3013 5605 ubi
3039 5551 3263 5608 Trinitas
3285 5548 3574 5609 substantia
3595 5567 3758 5611 unum,
3776 5548 3856 5600 dar

2315 5630 2416 5673 tale
2441 5637 2618 5699 unum.
2652 5632 2896 5699 potestate
2914 5641 3091 5686 unum,
3112 5641 3278 5699 regno
3310 5643 3500 5693 unum,
3526 5620 3854 5699 gloriﬁcalitm

2312 5706 2492 5760 unum,
2519 5693 2742 5762 imagine
2756 5711 2937 5765 unum,
2957 5693 3236 5753 asserint}.
