4106 6184
349 202 481 258 1401
531 235 541 245 ι

1431 187 1768 248 EPISTOLA
1809 187 1903 244 AD
1933 184 2162 242 OMNES
2193 183 2581 242 EPISCOPOS.

3506 184 3646 242 “02

343 316 670 382 nerationis,
708 314 866 385 hujus
895 311 1076 368 saeculi
1104 309 1416 367 vexationes
1454 308 1686 363 tolerare
1723 319 1942 376 persuao
1968 307 2025 370 Α
2049 318 2146 360 nec
2165 303 2414 359 laudatur
2439 303 2668 369 initium,
2689 301 2782 358 sed
2812 301 2953 358 ﬂuis.
2972 301 3137 386 Nemo
3153 319 3240 358 vos
3257 301 3648 358 seducetinani-

341 411 524 467 deant.
556 408 828 480 Scriptum
852 422 1082 479 namque
1110 416 1193 462 est
1217 424 1228 460 :
1266 403 1402 472 Quid
1424 403 1698 458 retribuam
1722 399 1946 454 Domino

339 521 434 577 pro
474 502 709 557 omnibus
742 517 856 572 qua:
889 501 1122 556 retribuit
1150 501 1273 554 mihi
1302 498 1475 572 (Psal.
1520 497 1690 565 cxv)?
1720 493 1946 548 Calicem

340 598 585 652 salutaris
612 597 886 666 accipiam,
916 606 962 648 et
985 610 1166 648 nomen
1187 592 1396 646 Domini
1421 590 1684 646 invocabo.
1711 588 1944 643 Tantum

339 689 482 744 enim
526 704 554 741 a
594 688 750 744 nobis
795 687 1043 758 exigitur,
1091 694 1348 757 quantum
1397 697 1682 755 possumus
1720 681 1941 736 famula-

341 790 426 835 tus
453 781 620 835 nostri
642 779 906 850 obsequio
927 779 1293 835 commodare.
1319 777 1474 835 Unde
1496 777 1708 848 quidem
1734 785 1939 830 tantum

339 889 438 930 nos
471 888 692 930 necesse
717 883 800 930 est
828 873 1145 943 importunis
1178 871 1647 942 praedicationibus
1673 871 1937 935 insistere,

342 977 542 1038 quanto
583 968 738 1023 nobis
782 965 1034 1038 perfecta:
1077 965 1457 1036 negotiationis
1486 963 1724 1019 creditur
1765 961 1941 1031 dupli-

337 1072 454 1117 cata
486 1060 808 1115 talentorum
833 1059 1146 1129 assiguatio,
1176 1068 1335 1129 atque
1365 1057 1649 1112 dominica:
1678 1058 1844 1117 vocis.
1870 1055 1936 1110 ad

336 1153 734 1222 suscipiendam
765 1153 879 1221 ejus
905 1151 1181 1221 requiem,
1217 1149 1504 1221 persuadet
1528 1149 1770 1204 assertio.
1803 1149 1939 1219 Sug-

335 1257 544 1317 gestum
576 1263 806 1318 namque
834 1247 990 1305 nobis
1021 1257 1103 1300 est
1125 1247 1204 1315 (7,
1231 1261 1386 1316 (μω,
1418 1244 1816 1316 Suggestumest
1840 1259 1936 1296 no-

335 1340 468 1411 bis),
496 1338 640 1411 quod
671 1354 768 1411 pro
797 1341 1084 1409 praeteritis
1126 1337 1398 1392 laboribus
1421 1347 1474 1392 et
1504 1335 1936 1391 infestationibus

336 1433 578 1488 nonnulli
617 1444 858 1487 vestrum
890 1433 1191 1502 assignatas
1219 1431 1466 1491 sibimet,
1499 1439 1554 1485 et
1580 1447 1610 1484 a
1639 1431 1748 1484 Deo
1788 1444 1938 1482 com-

335 1525 525 1581 missas
557 1524 865 1596 relinquunt
889 1525 1074 1596 plebes
1098 1565 1113 1589 ,
1157 1533 1212 1578 et
1251 1523 1303 1577 in
1346 1523 1526 1578 futuro
1559 1523 1740 1592 plures
1770 1523 1936 1576 relin-

333 1632 501 1688 quere.
529 1617 696 1673 velint
723 1632 836 1684 eas,
865 1631 999 1687 quas
1029 1617 1166 1671 tueri
1195 1615 1413 1681 debent,
1443 1615 1720 1682 ecclesias,
1751 1624 1805 1670 et
1832 1630 1930 1685 pro

332 1710 528 1765 ovibus
556 1711 658 1766 sibi
684 1709 988 1766 commissis
1027 1710 1274 1764 laborare
1296 1710 1592 1780 negligant,
1621 1721 1674 1764 et
1713 1725 1928 1764 monas-
1965 1696 2014 1756 Β

333 1804 589 1858 teriorum
619 1817 678 1859 se
699 1803 862 1872 quieti
883 1803 1202 1858 contradere
1227 1803 1496 1868 festinent,
1520 1815 1572 1858 et
1601 1806 1932 1859 vacationem

332 1894 402 1948 ab
445 1896 786 1966 episcopatus
832 1895 1107 1951 laboribus
1147 1896 1387 1964 eligere,
1430 1907 1484 1951 et
1523 1897 1738 1952 silentio
1778 1907 1937 1967 atque

332 1990 443 2045 otio
473 1991 634 2044 vitam
661 1989 858 2060 degere
884 1989 1052 2060 magis
1077 1999 1369 2061 appetant,
1400 2007 1557 2061 quam
1592 1992 1642 2044 iu
1675 1991 1756 2044 bis
1778 2033 1791 2054 ,
1816 2007 1936 2061 qua:

334 2085 438 2141 sibi
466 2086 752 2140 commissa
799 2093 952 2151 sunt,
1000 2100 1358 2154 permanere,
1407 2085 1617 2140 dicente
1650 2085 1876 2140 Domino
1920 2103 1933 2140 :

333 2175 522 2234 Beatus
557 2177 646 2251 qui
682 2178 1067 2248 perseveraverit
1105 2193 1264 2248 usque
1297 2177 1350 2230 in
1373 2177 1525 2247 finem
1549 2177 1765 2246 (Matth.
1800 2193 1855 2246 x,
1881 2187 1928 2232 et

333 2283 502 2343 XXIV).
540 2270 690 2328 Unde
719 2285 950 2340 namque
978 2280 1062 2325 est
1092 2270 1242 2325 beata
1287 2273 1705 2341 perseverantia,
1737 2272 1841 2328 nisi
1870 2273 1938 2328 de

332 2363 531 2418 virtute
569 2361 880 2432 patientire?
911 2362 1205 2429 Quoniam,
1249 2363 1547 2417 secundum
1587 2366 1936 2432 apostolicam

334 2456 794 2529 prmdicationem,
826 2471 997 2510 omnes
1026 2457 1113 2526 qui
1152 2455 1403 2510 voluerint
1431 2457 1484 2509 in
1509 2455 1716 2511 Christo
1757 2458 1836 2525 pie
1859 2457 1936 2511 vi-

333 2566 464 2614 vere,
492 2549 892 2624 persecutione»:
928 2549 1194 2619 patiuntur
1231 2545 1317 2617 (ll
1363 2547 1403 2601 ‘I‘
1406 2549 1494 2600 im.
1535 2549 1639 2616 ιιι).
1671 2547 1936 2619 Ideoque,

333 2646 529 2702 fratres
549 2643 875 2708 charissimi.
922 2658 1029 2698 non
1059 2658 1156 2698 vus
1184 2642 1536 2698 afflictionum
1570 2643 1873 2698 amaritudo
1901 2660 1930 2698 a

334 2741 423 2811 pio
450 2739 644 2795 mentis
671 2751 864 2794 vestrae
888 2739 1164 2809 proposito
1185 2748 1423 2794 enaretet
1448 2739 1722 2794 recedere.
1745 2738 1939 2794 Consi-

334 2834 518 2890 derate
549 2847 811 2903 namque,
843 2842 1038 2902 quanta
1073 2848 1169 2902 pro
1199 2833 1540 2887 absolutione
1575 2833 1747 2888 nostri
1793 2843 1847 2889 et
1872 2833 1938 2888 li-

337 2926 615 2982 beratione
635 2924 882 2990 Creator,
920 2923 1285 2996 Dominusque
1305 2937 1358 2981 et
1386 2925 1717 2993 Redemptor
1751 2937 1935 2982 noster

337 3020 653 3091 pertulerit,
683 3020 945 3090 quibusve
974 3037 1033 3076 se
1067 3021 1406 3076 contumeliis
1455 3019 1794 3076 afficiendum
1826 3030 1934 3076 tra-

335 3111 553 3178 diderit,
583 3120 642 3164 ut
671 3126 767 3166 nos
796 3127 823 3164 a
859 3112 1089 3167 vinculis
1119 3112 1399 3182 potestatis
1427 3111 1702 3167 diabolica:
1735 3112 1937 3168 libera-

337 3211 443 3260 ret.
473 3203 732 3258 Attendite
766 3205 938 3275 itaque
974 3205 1114 3259 vobis
1149 3215 1197 3259 et
1236 3206 1373 3258 omni
1410 3205 1581 3276 gregi,
1626 3205 1678 3258 in
1716 3221 1816 3273 quo
1857 3222 1945 3260 vos

335 3297 564 3369 Spiritus
620 3307 826 3352 sanctus
889 3300 1151 3353 constituit
1212 3299 1477 3368 episcopos
1533 3314 1709 3369 regere
1764 3297 1945 3353 Eccle-

335 3391 466 3446 siam
498 3389 614 3456 Dei,
646 3407 798 3461 quam
829 3392 1094 3462 acquisivit
1126 3393 1336 3462 praprio
1363 3393 1610 3464 sanguine
1639 3391 1777 3460 (Act.
1810 3389 1938 3465 xx);

337 3493 394 3540 ιιι
421 3501 524 3539 non
556 3485 646 3551 sit,
674 3486 763 3556 qui
792 3499 886 3540 vos
924 3485 1155 3553 decipiat
1185 3493 1276 3540 aut
1310 3485 1532 3539 scducat
1560 3485 1610 3538 in
1643 3485 1946 3541 subtilitate

335 3579 640 3641 sermonis,
693 3585 750 3632 ut
802 3576 990 3647 plebes
1043 3576 1195 3632 vobis
1249 3577 1564 3632 commissas
1621 3577 1940 3648 relinquatis

337 3670 427 3739 (S.
479 3669 734 3723 Martinus
781 3671 832 3724 in
864 3686 947 3740 ep.
982 3670 1228 3741 synodica
1282 3679 1392 3742 post
1420 3669 1604 3724 concil.
1636 3669 1859 3742 Later.),
1888 3677 1944 3725 et

337 3761 518 3825 alicui,
551 3771 772 3832 propter
791 3761 1054 3816 malorum
1079 3762 1425 3830 opprobrium
1455 3763 1751 3825 hominum,
1774 3763 1942 3834 quieti

339 3870 436 3910 vos
468 3855 778 3918 tradatis,et
804 3865 861 3909 ut
879 3870 976 3912 vos
999 3856 1337 3910 solummodo
1364 3856 1604 3922 salvetis,
1620 3865 1672 3910 et
1697 3855 1837 3910 ﬁlius
1855 3872 1945 3910 or-

341 3947 548 4018 plianos
573 3947 906 4018 relinquatis.
931 3949 1286 4019 Apertissime
1307 3952 1448 4005 enim
1471 3949 1702 4020 Spiritus
1724 3962 1944 4008 sanctus

341 4057 438 4112 per
468 4041 784 4111 Apostolum
813 4043 958 4108 dicit,
977 4044 1096 4114 quia
1126 4045 1178 4098 in
1208 4045 1494 4099 novissimis
1526 4045 1839 4114 temporibus
1860 4063 1944 4101 re-

346 4136 522 4189 cedent
573 4135 780 4203 quidam
809 4153 839 4189 a
865 4137 969 4205 [ide
991 4147 1036 4190 et
1053 4137 1319 4202 charitate,
1336 4139 1654 4194 attendentes
1681 4140 1941 4212 spiritibus

339 4229 686 4283 seductoribus
716 4239 763 4284 et
790 4229 1035 4284 doctrinis
1077 4232 1448 4285 daemoniorum
1468 4273 1482 4297 ,
1521 4245 1566 4287 et
1603 4235 1654 4287 in
1682 4235 1945 4306 hypocrisi

339 4322 590 4377 mendacii
634 4322 948 4392 eloquiorum
988 4325 1320 4378 cauteriatam
1361 4325 1597 4381 habentes
1645 4344 1792 4382 suam
1819 4345 1944 4382 con-

299 4427 310 4439 '
339 4414 598 4468 scientiam
633 4413 684 4486 (1
716 4413 848 4468 Tim.
883 4416 979 4485 tv).
1008 4415 1235 4484 Pt‘Opter
1264 4416 1428 4486 quod,
1457 4419 1664 4489 vigilate
1708 4429 1755 4473 et
1782 4431 1923 4475 orate

337 4516 513 4560 utnon
546 4507 742 4562 intretis
773 4508 1171 4562 intentationem
1214 4507 1404 4580 (Marc.
1442 4525 1552 4575 xw;
1604 4508 1733 4564 Luc.
1781 4513 1941 4583 χχιι).

341 4600 470 4665 Qua:
505 4613 634 4654 vero
677 4600 869 4654 mentis
912 4600 1268 4670 transgressio
1312 4613 1566 4672 operatur
1607 4605 1657 4657 in
1700 4605 1813 4672 liis,
1856 4611 1947 4676 qui

341 4707 448 4748 nou
489 4690 818 4746 crediderint
858 4693 1198 4747 sermonibus
1229 4694 1478 4758 Domini,
1527 4705 1580 4750 et
1621 4699 1948 4755 recesserint

340 4801 440 4858 pro
480 4799 574 4840 sua
604 4785 785 4854 quiete
815 4800 845 4839 a
887 4786 1108 4840 servitio
1137 4786 1241 4841 sibi
1283 4788 1576 4842 commisso
1601 4829 1616 4856 ,
1662 4801 1719 4844 et
1748 4790 1859 4845 suis
1888 4805 1948 4847 se

340 4877 682 4934 subditlerint
709 4875 1110 4947 voluptatibus?
1139 4876 1359 4932 Talibus
1389 4879 1585 4949 quippe
1617 4889 1670 4935 ct
1698 4881 1818 4936 aliis
1851 4896 1948 4951 pro

343 4973 542 5045 populo
576 4972 667 5028 Dei
695 4971 976 5026 constricti
1008 4972 1452 5036 necessitatibus,
1482 4989 1549 5028 ne
1574 4974 1804 5040 pereatis
1845 4989 1946 5030 una

341 5085 464 5127 eum
499 5067 751 5124 omnibus
789 5067 942 5123 vobis
973 5068 1276 5123 commissis
1298 5111 1312 5134 ,
1344 5069 1438 5124 sed
1465 5069 1599 5124 salvi
1626 5069 1743 5124 sitis
1771 5070 1820 5124 in
1863 5069 1949 5125 die

341 5172 560 5220 aeternas
607 5160 975 5216 retributionis
998 5201 1014 5228 ,
1047 5160 1325 5217 hortamur
1353 5172 1586 5218 vestram
1626 5163 1946 5219 eharitatem

343 5259 584 5331 (Martia.
606 5274 740 5329 papa
760 5257 812 5311 in
825 5257 911 5311 cit.
928 5274 1010 5327 ep.
1032 5256 1102 5310 ad
1123 5257 1184 5312 S.
1204 5257 1538 5328 Amandum),
1573 5260 1819 5328 exemplo
1833 5258 1949 5328 ejus

342 5352 433 5423 qui
461 5365 556 5422 pro
586 5348 739 5403 nobis
758 5347 866 5417 pati
886 5349 1055 5404 voluit
1076 5391 1090 5417 ,
1111 5359 1390 5420 promptos
1411 5365 1506 5406 vos
1523 5350 1575 5404 iu
1600 5351 1808 5407 cunctis
1834 5352 1952 5420 ejus

346 5456 662 5514 permanere
690 5440 942 5507 servitiis,
972 5457 1071 5497 nec
1101 5441 1316 5512 quidem
1336 5457 1552 5512 quoquo
1570 5444 1729 5498 modo
1751 5459 1780 5497 a
1802 5459 1951 5499 com-

343 5539 505 5594 missa
525 5551 656 5590 cura
676 5535 951 5600 recedere,
971 5537 1063 5592 sed
1089 5538 1215 5592 totis
1237 5537 1442 5593 viribus
1465 5540 1515 5593 in
1531 5538 1835 5594 commissis
1849 5553 1946 5593 vo-

343 5633 426 5688 bis
445 5631 673 5702 negotiis
693 5629 901 5686 fortiter
919 5647 1085 5702 usque
1110 5633 1160 5686 in
1181 5633 1341 5688 linem
1363 5635 1653 5703 perdurare
1674 5653 1686 5690 :
1706 5637 1945 5705 quoniam

344 5726 520 5781 beatus
549 5735 642 5792 est,
662 5723 749 5788 qui
767 5726 1154 5794 perseveraverit
1170 5743 1328 5798 usque
1359 5728 1410 5782 in
1432 5729 1585 5798 fmem
1607 5725 1821 5798 (Matth.
1843 5728 1898 5798 χ)
1928 5745 1943 5783 :

1929 4463 1943 4488 ’
1972 4467 2027 4528 D

2048 399 2139 454 bus
2157 399 2334 453 verbis.
2361 397 2650 467 Propterea
2681 397 2822 452 enim
2855 384 3104 452 venit-ira
3137 397 3229 453 Dei
3261 398 3312 452 in
3344 398 3481 454 filios
3507 396 3647 452 diffi-

2045 491 2260 547 dentia}.
2281 489 2459 545 Nolite
2473 505 2602 559 ergo
2625 489 2762 546 efﬁci
2779 492 3188 562 comparticipes
3210 507 3397 546 eorum
3421 492 3645 554 dogma-

2047 594 2181 650 tum,
2214 599 2388 654 neque
2419 584 2828 638 comniuuicetis
2855 585 3200 640 inl'ructuosis
3224 585 3400 640 verbis
3427 586 3644 642 illorum

2045 681 2214 756 (Idem
2241 684 2294 736 in
2322 684 2410 736 cit.
2442 681 2688 754 synodica
2716 699 2875 752 usque
2902 686 3006 753 fere
3033 683 3086 737 in
3113 681 3288 755 ﬁnem)
3310 723 3324 749 ,
3358 684 3527 752 magis
3551 699 3647 738 att-

2043 788 2148 833 tem
2179 778 2483 849 redarguite
2512 797 2524 832 :
2557 778 2798 847 quoniam
2827 789 2982 832 castus
3021 778 3460 847 pravaricatorum
3499 766 3640 843 sunt,

2040 881 2088 926 et
2118 871 2452 927 extenderunt
2486 872 2713 943 linguam
2737 888 2880 924 suam
2906 871 3054 942 quasi
3079 888 3254 926 arcum
3279 871 3564 936 mendacii,
3595 879 3644 925 et

2041 981 2141 1019 non
2169 965 2414 1018 veritatis.
2447 962 2767 1033 Completum
2797 975 2870 1018 est
2897 965 2950 1018 in
2971 965 3168 1034 eis,qui
3190 965 3256 1018 de
3281 964 3416 1018 malo
3439 965 3508 1018 ad
3536 981 3647 1018 ma-

2040 1057 2146 1111 lum
2177 1058 2366 1126 egressi
2391 1068 2509 1110 sunt
2537 1099 2551 1122 ,
2582 1065 2627 1110 et
2655 1073 2734 1110 me
2778 1074 2879 1110 non
2909 1068 3274 1129 cognoverunt,
3304 1057 3427 1111 dicit
3457 1056 3643 1112 Domi-

2040 1165 2156 1204 nus.
2217 1148 2491 1204 Veritatem
2545 1165 2646 1202 non
2695 1149 2963 1218 loquentur
3013 1148 3147 1221 (Jer.
3204 1147 3301 1219 rt).
3357 1148 3646 1203 Docuerunt

2039 1243 2171 1296 enim
2200 1243 2433 1314 linguam
2467 1261 2614 1297 suam
2636 1253 3004 1315 persecutores
3032 1243 3405 1309 ecclesiarum,
3433 1259 3648 1299 earum-

2038 1350 2145 1406 que
2175 1337 2536 1402 sacerdotum,
2568 1338 2704 1407 loqui
2734 1338 3071 1392 mendacium.
3108 1335 3176 1391 Ut
3209 1338 3366 1408 impie
3399 1349 3642 1407 agerent,

2038 1430 2428 1497 laboraverunt,
2473 1440 2519 1485 et
2565 1442 2837 1486 renuerunt
2878 1432 3007 1486 scire
3055 1447 3168 1507 me,
3218 1431 3340 1484 dicit
3367 1429 3640 1487 Dominus.

2039 1523 2188 1580 State
2223 1540 2352 1596 ergo
2397 1539 2491 1580 vos
2513 1567 2526 1591 ,
2559 1524 2933 1588 dilectissimi,
2973 1538 3136 1593 super
3173 1524 3319 1590 vias,
3353 1534 3407 1579 et
3443 1523 3640 1580 vidi-te.

2041 1617 2369 1688 Interrogate
2393 1619 2460 1673 de
2483 1620 2686 1674 semitis
2715 1618 2924 1672 Domini
2953 1619 3208 1690 antiquis,
3231 1629 3285 1674 et
3304 1619 3501 1684 videte,
3527 1633 3646 1690 qua:

2039 1721 2122 1767 est
2151 1710 2233 1764 via
2264 1711 2401 1765 bona
2437 1720 2749 1766 sanctorum
2793 1712 3007 1765 Patrum
3031 1751 3045 1778 ,
3073 1719 3128 1765 et
3163 1711 3435 1766 ambulate
3465 1711 3516 1764 in
3544 1725 3643 1777 ea;

2042 1814 2096 1861 et
2126 1804 2412 1859 invenietis
2447 1805 2685 1875 requiem
2718 1804 3000 1859 animabus
3045 1803 3259 1859 vestris.
3303 1803 3410 1859 Sed
3438 1804 3481 1859 si
3513 1804 3648 1874 pati-

2041 1897 2171 1951 mini
2202 1907 2418 1966 propter
2441 1896 2711 1951 Christum
2735 1938 2748 1961 ,
2780 1896 2919 1951 beati
2947 1896 3098 1951 eritis
3127 1894 3180 1967 (l
3212 1895 3354 1950 Petr.
3383 1895 3486 1967 ιιι).
3535 1896 3648 1952 Me-

2044 2000 2155 2043 tttm
2184 1999 2363 2043 autem
2391 2005 2576 2043 eorum
2605 2005 2672 2043 ne
2701 1989 3008 2052 timuetitis.
3031 2005 3205 2060 neque
3227 1991 3642 2046 conturbemiui.

2049 2081 2333 2138 Dominum
2365 2093 2544 2137 autem
2587 2081 2754 2136 Dettm
2789 2083 3119 2137 sanctiﬁcate
3152 2083 3202 2137 in
3236 2082 3490 2138 cordibus
3528 2099 3648 2140 ves-

2042 2178 2138 2230 tris
2161 2217 2176 2243 ,
2213 2176 2330 2245 ipso
2357 2174 2570 2229 dicente
2599 2193 2612 2228 :
2640 2173 2817 2228 Nolite
2852 2176 3026 2228 timere
3063 2191 3148 2229 eos
3175 2175 3261 2246 qui
3289 2191 3472 2247 corpus
3513 2177 3649 2229 occi-

2042 2266 2192 2332 dunt,
2222 2267 2446 2320 animant
2473 2277 2640 2320 autem
2668 2283 2771 2320 non
2810 2276 3025 2338 possunt
3059 2267 3290 2322 occidere
3316 2284 3334 2321 :
3363 2268 3452 2321 sed
3478 2269 3648 2338 potius

2039 2375 2158 2413 eum
2187 2359 2374 2423 timete,
2403 2359 2490 2428 qui
2521 2368 2681 2424 potest
2707 2359 2934 2412 animam
2959 2369 3006 2412 et
3033 2374 3218 2429 corpus
3247 2358 3460 2428 perdere
3483 2360 3538 2413 in
3563 2375 3650 2429 ge.

2041 2448 2278 2504 hennam.
2309 2449 2492 2504 Nonne
2517 2449 2619 2503 duo
2648 2466 2878 2522 passeres
2905 2467 3020 2505 asse
3046 2459 3294 2516 veneunt,
3327 2460 3377 2505 et
3414 2467 3544 2505 unus
3587 2467 3651 2506 ex

2039 2545 2144 2600 illis
2187 2561 2288 2598 non
2314 2544 2462 2597 cadet
2489 2560 2642 2610 super
2674 2555 2860 2598 terram
2891 2544 3002 2598 sine
3030 2542 3188 2598 Patre
3230 2545 3434 2599 vestro?
3481 2543 3648 2598 Vestri

2040 2649 2210 2691 autem
2237 2639 2412 2708 capilli
2442 2639 2624 2707 capitis
2655 2655 2828 2693 omnes
2859 2639 3114 2694 numerati
3137 2648 3276 2693 sunt.
3324 2639 3501 2694 Nolite
3529 2654 3650 2711 ergo

2042 2732 2240 2795 timere,
2270 2731 2444 2785 multis
2475 2731 2767 2802 passeribus
2794 2730 3028 2785 meliores
3056 2733 3178 2786 estis
3208 2747 3296 2786 vos
3321 2731 3533 2802 (Matth.
3569 2731 3647 2803 Χ).

2040 2824 2473 2879 Rememoramini
2530 2842 2670 2896 ergo,
2730 2824 2958 2892 fratres,
3011 2842 3156 2892 eum,
3215 2827 3302 2892 qui
3351 2825 3503 2880 talem
3556 2842 3649 2880 su-

2039 2919 2217 2972 stinuit
2258 2934 2289 2970 a
2318 2919 2668 2989 peccatoribus
2708 2917 2950 2972 adversus
2994 2919 3315 2988 semetipsum
3357 2919 3648 2974 contradic-

2041 3014 2271 3079 tionem,
2320 3023 2376 3065 ut
2406 3029 2468 3066 ne
2511 3013 2797 3084 fatigemini
2844 3012 3028 3066 animis
3073 3013 3290 3079 vestris,
3335 3011 3644 3075 deficientes.

2053 3107 2300 3161 Nondum
2326 3108 2458 3161 enim
2483 3124 2644 3178 usque
2663 3108 2730 3161 ad
2753 3108 3050 3178 sanguinent
3072 3108 3371 3162 certavimus
3395 3108 3515 3180 (aL,
3542 3123 3654 3164 cer-

2051 3197 2303 3270 tavistis),
2333 3199 2574 3253 advers-us
2599 3212 2856 3270 peccatum
2880 3210 3219 3270 repugnantes
3245 3198 3430 3272 (Hebr.
3455 3202 3576 3270 xu).

2121 3301 2453 3356 Conlidimus
2477 3310 2654 3356 autem
2678 3301 2746 3357 de
2771 3302 2946 3368 vobis,
2977 3301 3505 3368 fratrescharisdnﬁ,
3534 3317 3650 3358 me-

2048 3396 2185 3450 liora
2208 3404 2263 3450 et
2291 3395 2554 3451 viciniora
2611 3395 2800 3450 salutis
2831 3438 2846 3462 ,
2888 3396 3009 3466 quia
3053 3412 3211 3466 neque
3251 3412 3387 3449 mors
3420 3437 3434 3460 ,
3490 3411 3649 3466 neque

2049 3488 2152 3541 vita
2175 3529 2191 3554 ,
2223 3504 2382 3556 neque
2404 3487 2572 3558 angeli
2605 3529 2620 3553 ,
2652 3504 2808 3558 neque
2833 3489 3150 3560 principatus
3176 3529 3191 3553 ,
3243 3503 3399 3558 neque
3427 3496 3650 3560 potesta-

2049 3591 2119 3634 tes
2141 3623 2156 3647 ,
2189 3597 2350 3648 neque
2388 3581 2629 3634 instantia
2657 3622 2670 3646 ,
2697 3597 2856 3645 neque
2907 3582 3113 3653 futura,
3172 3596 3333 3650 neque
3359 3579 3602 3648 fortitudo
3629 3621 3645 3648 ,

2049 3690 2213 3744 neque
2241 3674 2456 3727 altitudo
2481 3717 2495 3741 ,
2530 3691 2688 3745 neque
2716 3674 3030 3746 profundum
3059 3717 3074 3741 ,
3103 3691 3260 3745 neque
3289 3685 3520 3729 creatura
3545 3675 3653 3731 alia

2052 3765 2305 3837 Magistro
2334 3767 2573 3836 gentiqu
2620 3768 2848 3822 docente
2883 3767 3060 3840 (Rom.
3095 3767 3216 3836 VIII)
3251 3808 3265 3832 ,
3323 3769 3507 3835 poterit
3557 3785 3650 3823 nos

2047 3875 2292 3930 separare
2317 3876 2348 3913 a
2373 3859 2620 3914 charitate
2649 3858 2862 3914 Domini
2888 3860 3047 3915 nostri
3071 3858 3196 3913 Jesu
3220 3859 3410 3914 Christi
3433 3901 3445 3926 ,
3469 3871 3516 3914 et
3539 3875 3654 3927 qua:

2047 3954 2101 4007 in
2134 3955 2244 4024 ipso
2264 3964 2338 4008 est
2357 3995 2374 4020 ,
2402 3964 2540 4007 recta
2568 3955 2688 4022 lide.
2722 3952 2900 4009 Nolite
2921 3955 3091 4024 itaque
3120 3954 3349 4008 amittere
3381 3954 3647 4023 conﬁden-

2047 4047 2171 4099 tiam
2194 4057 2434 4114 vestram,
2466 4065 2580 4118 qua:
2601 4066 2839 4119 magnam
2862 4050 3010 4103 habet
3041 4052 3520 4106 remunerationem.
3539 4048 3650 4104 Pa-

2050 4139 2226 4194 tientia
2253 4143 2388 4195 enim
2419 4141 2564 4196 nobis
2595 4144 2883 4196 necessaria
2931 4153 3004 4197 est
3035 4143 3103 4195 ad
3133 4143 3520 4198 colluctationes
3551 4144 3645 4196 ads

2049 4235 2388 4288 versariorum
2417 4276 2432 4299 ,
2475 4245 2722 4304 quatenus
2771 4235 2923 4305 ﬁdem
2944 4236 3291 4290 intemeratum
3327 4251 3485 4304 usque
3507 4236 3560 4289 in
3588 4236 3653 4304 ﬁ-

2048 4343 2165 4381 nem
2188 4337 2540 4382 conservantes
2568 4369 2582 4394 ,
2612 4330 3056 4401 repromissionem
3083 4329 3426 4402 percipiamus
3452 4371 3467 4395 ,
3497 4347 3652 4399 quant

2050 4421 2336 4490 repromisit
2366 4422 2444 4474 his
2471 4423 2557 4491 qui
2579 4422 2800 4491 legitime
2838 4432 3033 4478 certare
3061 4424 3415 4494 deprOperant
3467 4421 3649 4476 Adhuc

2056 4511 2187 4563 enim
2215 4512 2474 4564 modicunt
2502 4512 2902 4581 aliquantulum,
2933 4515 3020 4578 qui
3046 4524 3286 4567 venturus
3313 4523 3386 4566 est
3408 4514 3652 4578 veniet,et

2052 4620 2155 4657 non
2178 4603 2398 4657 tardabit
2428 4602 2587 4676 (Heb.
2619 4605 2695 4672 κ).
2750 4603 2881 4658 Ecce
2912 4611 3044 4658 enim
3085 4607 3254 4678 judea:
3283 4617 3401 4663 ante
3432 4607 3652 4678 januam

2052 4698 2243 4752 assistit
2299 4696 2506 4769 (Jacob.
2548 4697 2606 4768 ν)
2645 4715 2860 4752 coronas
2927 4700 3161 4754 hilariter
3211 4701 3507 4769 promittens
3537 4701 3649 4772 his,

2053 4795 2141 4864 qui
2159 4809 2252 4863 pro
2277 4810 2335 4848 eo
2376 4794 2698 4865 passionibus
2730 4795 3110 4849 submittuntur.
3165 4794 3317 4862 Quod
3331 4794 3652 4851 sisubtraxc-

2057 4887 2124 4939 rit
2146 4901 2200 4939 se
2225 4887 2361 4956 quis,
2387 4901 2488 4938 non
2514 4884 2731 4956 placebit
2761 4886 2948 4938 animle
2964 4901 3072 4939 sua:
3102 4885 3310 4957 (Vulg.,
3335 4890 3479 4956 mete)
3515 4927 3533 4956 ,
3565 4888 3653 4942 sed

2057 4977 2202 5031 cadet
2233 4977 2294 5030 de
2321 4979 2661 5047 promissione
2685 5021 2700 5045 ,
2731 4987 2936 5048 prapter
2970 4980 3307 5050 negationem.
3345 4978 3458 5034 Nos
3483 4993 3653 5035 autem

2057 5086 2159 5125 non
2187 5071 2347 5126 simus
2398 5071 2760 5126 subtractionis
2787 5070 2884 5141 lilii
2908 5072 2960 5124 in
2979 5071 3332 5140 perditionem,
3358 5073 3447 5127 sed
3463 5073 3584 5140 ﬁdei
3598 5073 3653 5127 in

2057 5163 2441 5235 acquisitionem
2467 5165 2673 5218 animae.
2703 5163 2924 5233 Propter
2943 5165 3082 5234 quod
3100 5167 3344 5219 assumite
3369 5181 3511 5218 arma
3533 5162 3651 5232 Dei,

2059 5267 2114 5312 ut
2140 5259 2343 5329 possitis
2369 5258 2605 5312 resistere
2629 5259 2681 5312 in
2705 5259 2790 5312 die
2829 5258 2986 5326 malo,
3019 5258 3280 5314 adversus
3321 5272 3510 5311 omnes
3553 5256 3654 5312 iui-

2063 5353 2233 5409 micos
2258 5361 2458 5408 sancta:
2489 5353 2580 5407 Dei
2606 5352 2851 5407 ecclesite
2881 5361 2935 5408 et
2953 5365 3167 5409 vestros
3216 5370 3229 5406 :
3271 5362 3319 5406 et
3343 5349 3539 5405 induite
3565 5367 3654 5406 vos

2059 5447 2266 5500 loricam
2281 5446 2529 5520 justitiw,
2557 5446 2768 5500 calceati
2793 5446 2943 5516 pedes
2970 5450 3021 5500 in
3050 5447 3476 5515 prwparationem
3503 5461 3654 5499 evan-

2054 5540 2174 5610 gelii
2205 5541 2368 5610 pacis,
2391 5541 2444 5594 in
2472 5539 2702 5593 ontnibus
2723 5550 3035 5611 assumentes
3056 5547 3254 5592 scutum
3281 5537 3403 5609 ﬁdei
3421 5580 3435 5605 ,
3475 5539 3528 5592 in
3556 5555 3655 5609 quo

2055 5635 2268 5703 possitis
2311 5634 2482 5688 omnia
2500 5634 2683 5707 jacula
2710 5633 3010 5704 nequissimi
3035 5633 3194 5702 ignita
3225 5633 3342 5704 (al,
3373 5633 3546 5702 ignea)
3570 5649 3656 5687 ex-

2057 5729 2284 5800 tinguere
2309 5744 2326 5782 :
2351 5737 2396 5784 et
2437 5728 2641 5800 galeam
2683 5727 2869 5783 salutis
2910 5726 3124 5798 accipite
3151 5735 3197 5782 et
3227 5724 3460 5798 gladium
3499 5725 3660 5796 spiri-
