4106 6184
460 195 482 256 Ι
493 197 600 255 405

1845 190 2164 252 LIBERIUS
2203 193 2283 250 PA
2293 195 2377 250 ΡΑ
2391 232 2404 246 .

3633 188 3766 243 libi

458 325 564 382 nis,
597 314 734 387 quod
755 324 826 368 est
857 313 1062 368 verbum
1089 311 1203 376 Dii,
1233 325 1322 384 per
1344 327 1544 366 omnem
1573 313 1850 366 orationem
1877 321 1922 364 et
1970 312 2059 365 ob-
2085 312 2139 371 Δ
2162 313 2274 369 bris
2301 312 2365 365 ad
2395 311 2580 366 lumen
2605 350 2620 375 ,
2675 309 2744 365 de
2775 309 2925 378 lapsu
2957 307 3020 362 ad
3045 322 3225 364 veram
3273 307 3456 369 ﬁdem.
3499 307 3563 361 de
3592 321 3775 361 morte

457 412 794 465 secrationem
821 407 1041 477 (Ephes.
1078 406 1177 478 vt),
1223 405 1446 461 radicati
1475 416 1528 460 et
1555 405 1754 460 fundati
1783 405 1836 459 itt
1861 405 2058 459 solatio

459 502 685 559 fratrum
709 515 807 574 pro
823 501 1040 556 Christo
1059 499 1188 556 .lcsu
1215 499 1440 553 Domino
1471 509 1674 553 nostro.
1696 497 1804 554 Sed
1831 510 1877 552 et
1899 513 2055 564 nunc,

459 595 682 661 fratres,
728 593 1140 648 commendamus
1181 604 1268 646 vos
1322 605 1493 646 omnes
1521 589 1762 658 Domino,
1818 601 1864 645 ει
1908 591 2058 644 verba

458 690 640 761 gratia:
660 690 793 761 ejus,
835 689 920 758 qui
961 696 1123 758 potest
1162 687 1428 758 perﬁcere,
1468 693 1517 740 et
1543 685 1667 740 dare
1711 686 2058 740 [nereditatem

460 781 600 838 vobis
643 798 761 836 cum
791 781 1024 836 omnibus
1065 783 1278 835 sanctis.
1325 780 1448 851 Ipse
1476 792 1648 835 autem
1676 779 1812 833 Deus
1842 781 1983 848 pacis
2013 787 2060 832 et

460 875 823 932 consolationis
850 873 930 928 det
959 873 1096 928 vobis
1127 875 1348 942 idipsnm
1377 889 1554 945 sapere
1582 875 1635 926 in
1665 873 1986 936 alterutrum,
2007 880 2060 925 ut

461 969 599 1024 vobis
625 969 838 1022 invicem
849 969 1184 1031 snecurratis,
1203 978 1247 1022 et
1263 983 1362 1020 non
1386 968 1496 1020 sitis
1517 967 1698 1031 divisi;
1721 975 1776 1019 ut
1796 965 2061 1018 unanimes

2163 778 2320 848 plens
2377 775 2624 845 exempla
2662 813 2677 835 .

2163 881 2377 926 actuum
2402 870 2688 925 sanctitate
2703 868 3030 924 condecorat
3058 909 3074 934 ,
3123 878 3176 923 et
3203 868 3308 923 ﬁde
3334 883 3486 923 sacra
3517 868 3780 923 christia-

2161 406 2227 460 ad
2274 405 2442 459 vitam
2499 401 2747 458 homines
2793 399 2994 456 divinae
3047 400 3542 470 praedestinationis
3595 399 3776 469 gratia

2165 499 2444 571 praiscitos
2473 539 2488 564 ,
2518 496 2849 552 salutaribus
2873 497 3160 568 praeceptis
3187 511 3250 551 ac
3268 497 3484 551 monitis
3507 495 3779 565 perduxe-

2163 604 2312 648 runt.
2341 591 2584 658 Quorum
2615 601 2925 645 sanctorum
2954 590 3322 660 apostolorum
3364 598 3546 644 vestra
3573 587 3776 642 frater-

2165 685 2305 739 nitas
2339 681 2655 738 honoranda
2701 696 2938 753 sequens
2967 682 3158 736 merita
3194 722 3211 748 ,
3267 689 3323 737 et
3353 681 3641 751 perfectius
3669 680 3780 734 im-

2723 775 3008 830 ecclesiam
3066 774 3159 830 Dei
3191 790 3397 828 tuorum
3422 773 3691 844 probitate
3721 781 3780 827 et

2164 965 2356 1034 nisque
2389 965 2630 1019 moribus
2658 964 2846 1033 vigens
2870 1005 2886 1029 ,
2924 979 3044 1032 quas
3071 963 3188 1018 fieri
3223 962 3333 1019 Deo
3361 963 3553 1033 placita
3579 964 3779 1033 ρι’ωεί-

461 1077 563 1118 uno
593 1077 681 1117 ore
706 1071 751 1116 et
781 1077 882 1115 uno
909 1061 1039 1132 (aL,
1067 1059 1233 1131 puro)
1261 1061 1414 1114 corde
1443 1059 1838 1127 Itonoriﬁcemus
1867 1073 1980 1112 eum
2004 1056 2060 1109 in

462 1155 786 1211 concordiam
811 1164 858 1209 et
882 1154 1278 1209 consolationem
1301 1155 1543 1223 fratrum,
1565 1153 1654 1223 qui
1682 1161 1844 1222 potest
1871 1152 2059 1221 conﬁr-

463 1266 606 1304 mare
632 1266 725 1305 nos
751 1249 1026 1303 secundum
1057 1248 1372 1318 evangelium
1398 1249 1508 1317 ejus
1524 1249 1680 1315 juxta
1702 1245 2060 1299 reuelationem

467 1344 693 1415 mysterii
712 1343 909 1404 (etcrni,
937 1341 1247 1409 temporibus
1263 1343 1453 1396 scilicet
1475 1341 1732 1410 perpetuis
1754 1341 1896 1392 taciti
1919 1338 2056 1412 (Act.

469 1452 537 1493 xx
565 1445 609 1490 et
641 1435 794 1490 Rom.
834 1436 974 1504 xvr),
1006 1435 1200 1504 quibus
1220 1433 1372 1489 vobis
1404 1434 1704 1487 futurorum
1739 1432 2056 1502 gaudiorum

2165 1060 2280 1128 pit,
2331 1057 2525 1112 studiis
2577 1056 2972 1126 pontiﬁcalibus
3025 1056 3393 1112 indesinenter
3435 1066 3690 1126 operatur
3721 1066 3784 1110 et.

2163 1149 2374 1222 perficit
2401 1190 2416 1215 ,
2448 1164 2672 1204 servans
2703 1149 2838 1219 legis
2861 1149 3060 1204 divinae
3091 1148 3344 1203 mandata
3369 1164 3385 1214 ;
3415 1149 3537 1219 quia
3567 1165 3668 1201 non
3697 1148 3778 1201 le-

2163 1245 2240 1314 gis
2261 1243 2518 1298 auditores
2530 1243 2664 1315 justi
2688 1253 2805 1296 sunt
2836 1243 2975 1314 apud
3005 1240 3204 1306 Deum,
3237 1242 3380 1296 sicut
3405 1251 3596 1296 narrat
3619 1242 3777 1310 Apo-

2163 1335 2351 1400 stolus,
2376 1335 2465 1389 sed
2491 1339 2709 1404 {actores
2731 1335 2856 1405 legis
2881 1334 3310 1408 justi/icabantur
3333 1334 3511 1405 (Rom.
3542 1335 3625 1405 ιι).
3663 1333 3784 1389 Nos

2165 1428 2308 1483 enim
2327 1429 2440 1483 haec
2474 1428 3039 1500 meditaricupientes,
3060 1439 3115 1482 et
3140 1444 3202 1483 ea
3231 1444 3350 1499 quae
3376 1443 3404 1481 a
3432 1437 3615 1482 sancta
3643 1428 3781 1483 sede

465 1529 737 1601 largienda
756 1539 883 1584 sunt
899 1545 1144 1583 munera.
1165 1528 1517 1596 Summopere
1534 1526 1693 1580 etiam
1715 1524 2061 1580 considerare
2165 1529 2346 1574 vestra
2373 1520 2762 1588 apostolorum.
2784 1535 3081 1590 eorumque
3102 1535 3476 1574 Slﬂ'cessorum
3510 1519 3779 1589 [περδίκια

465 1620 694 1684 debetis,
729 1620 869 1691 quod
899 1619 949 1674 hi
977 1621 1066 1690 qui
1101 1619 1355 1674 fratribus
1385 1617 1620 1672 invident
1644 1658 1657 1681 ,
1685 1631 1886 1686 eosque
1912 1615 2063 1669 datn-
2167 1612 2313 1667 tione
2341 1613 2678 1680 suscepimus
2706 1654 2722 1679 ,
2774 1622 2936 1682 atque
2967 1628 3086 1682 qua:
3125 1613 3178 1666 in
3223 1612 3425 1666 nic:ena
3447 1611 3656 1681 synodo
3689 1628 3782 1666 ro-

467 1729 599 1774 nare
620 1724 709 1768 aut
735 1712 1032 1783 perducere
1057 1713 1313 1781 cupiunt,
1344 1726 1439 1781 per
1464 1726 1524 1765 se
1550 1725 1646 1764 sua
1690 1708 1938 1779 dogmata
1967 1709 2060 1762 de—
2093 1714 2140 1773 Β
2165 1706 2349 1760 borata
2377 1705 2731 1776 cognovimus
2753 1743 2767 1771 ,
2806 1705 3102 1775 praedicare
3129 1743 3145 1769 ,
3194 1717 3246 1758 et
3274 1704 3599 1759 Arianorum
3627 1704 3782 1758 blaso

464 1813 702 1862 struunt.
736 1806 873 1860 Dicit
895 1802 1037 1860 cnim
1067 1803 1357 1859 Dominus:
1383 1802 1543 1856 Omne
1555 1817 1768 1873 regnum
1793 1803 1845 1855 in
1861 1817 1914 1854 se
1933 1801 2063 1854 divi—
2166 1800 2406 1870 phemias
2425 1810 2585 1868 atque
2614 1799 2838 1854 aliorum
2860 1799 3256 1865 lizerelicorum,
3277 1799 3536 1870 repellere
3548 1799 3782 1866 cupien-

466 1916 582 1955 sum
609 1942 622 1964 ,
654 1915 770 1954 non.
793 1898 944 1953 stabit
974 1913 992 1953 .'
1044 1908 1089 1953 et
1119 1899 1283 1952 omnis
1309 1898 1519 1951 scientia
1541 1907 1585 1951 et
1615 1898 1700 1951 lea:
1725 1898 1990 1951 adversum
2011 1912 2064 1951 se
2168 1902 2268 1956 les,
2297 1892 2535 1961 quotidie
2565 1892 2631 1946 ab
2663 1892 2745 1946 his
2775 1892 3149 1962 persequimur
3175 1933 3189 1957 ,
3219 1904 3273 1948 et
3299 1891 3634 1946 damnationi
3660 1902 3776 1945 tra-

467 1991 633 2051 divisa
680 2005 781 2044 non
806 1989 952 2044 stabit
985 1987 1210 2063 (Matth.
1265 1987 1382 2059 xu).
1432 1987 1662 2059 Ideoque
1693 2003 1916 2043 necesse
1946 1998 2059 2050 est,
2165 1984 2342 2038 dimnr
2373 2023 2389 2048 ,
2444 1993 2605 2054 atque
2657 1985 2820 2040 morti
2840 1985 3198 2040 destinantur.
3247 1985 3360 2052 Qua
3390 1986 3458 2040 de
3499 2001 3558 2040 re
3586 2000 3781 2054 preca-

467 2093 524 2140 ut
549 2085 891 2140 concorditer
933 2085 1180 2139 salubres
1209 2083 1511 2152 suscipiatis
1541 2083 1781 2139 hortatus
1812 2083 1895 2155 (S.
1935 2081 2062 2150 Leo,
2166 2093 2286 2144 mur
2315 2116 2334 2143 ,
2376 2087 2432 2132 ut
2453 2080 2650 2134 vestris
2696 2079 3164 2134 exhortationibus
3189 2090 3295 2133 tam
3331 2096 3426 2150 per
3449 2095 3544 2134 Vos
3569 2119 3584 2143 ,
3610 2095 3778 2150 quam

465 2196 550 2247 ep.
583 2178 652 2232 87
674 2217 688 2243 ,
740 2195 787 2232 c.
819 2177 877 2251 2)
901 2217 916 2244 ,
969 2189 1024 2232 et
1055 2178 1182 2231 nihil
1225 2187 1320 2246 per
1360 2180 1760 2233 contentionem
1796 2188 2017 2248 agentes
2042 2217 2061 2242 ,
2166 2177 2219 2235 el
2251 2185 2345 2240 per
2374 2172 2757 2240 apocrisiarios
2805 2181 3016 2228 vestros
3043 2171 3389 2242 adiuremur;
3417 2185 3503 2236 ne,
3534 2173 3662 2226 dum
3695 2173 3782 2229 illi

467 2270 565 2327 sed
614 2271 680 2325 ad
711 2285 872 2325 omne
913 2269 1148 2326 studium
1204 2269 1509 2325 devononis
1558 2271 1838 2324 tinanimes
1869 2311 1884 2336 ,
1929 2269 2066 2324 divi-
2168 2272 2461 2330 crescunt,
2516 2274 2569 2318 et
2593 2281 2691 2318 nos
2717 2265 3012 2319 minuimur
3039 2305 3054 2330 ,
3098 2280 3226 2320 vera
3258 2265 3391 2320 tides
3417 2264 3774 2331 destrlmlur,

467 2366 552 2418 nis
595 2371 650 2418 et
701 2363 1015 2432 apostolicis
1063 2361 1539 2416 constitutionibus
1584 2363 1816 2430 parcatis
1846 2402 1862 2428 ,
1915 2371 1971 2415 et
2011 2361 2062 2415 in
2167 2364 2426 2410 eteorum
2455 2354 2680 2412 haeresis
2716 2356 2856 2410 ultra
2879 2356 3038 2411 [idem
3091 2365 3328 2411 nostram
3355 2367 3564 2412 crescat
3593 2375 3607 2410 ;
3640 2373 3782 2428 quo-

466 2455 613 2511 nullo
637 2455 910 2526 patiamini
941 2454 1412 2525 providentissime
1433 2469 1701 2509 canonum
1722 2453 1938 2508 decreta
1959 2453 2066 2506 vio-
2168 2444 2308 2500 niam
2342 2447 2593 2502 timemus
2621 2488 2636 2513 ,
2661 2457 2930 2518 postquam
2947 2447 3279 2503 abundaverit
3308 2450 3549 2518 iniquitas
3569 2490 3584 2514 ,
3615 2451 3775 2517 refri-

466 2547 604 2612 lari,
630 2559 894 2618 quatenus
932 2555 988 2601 et
1030 2547 1356 2601 nlcamorum
1405 2561 1672 2600 canonum
1726 2545 2015 2600 constituta
2046 2584 2062 2610 ,
2166 2549 2335 2610 gescat
2365 2540 2590 2595 charitas
2632 2541 2907 2596 nmltorum
2931 2539 3147 2613 (Matth.
3191 2539 3370 2611 χχιι).
3409 2541 3514 2596 Pro
3543 2559 3645 2611 qua
3684 2559 3778 2609 re,

466 2649 524 2697 et
549 2656 667 2710 quae
689 2655 717 2692 τι
739 2640 892 2694 nobis
918 2639 1045 2695 vela
1063 2639 1552 2708 prmdecessoribus
1579 2639 1777 2693 nostris
1797 2651 1918 2693 sunt
1942 2653 2068 2708 pro—
2169 2633 2336 2688 tnulta
2360 2643 2553 2687 vestra:
2573 2647 2741 2689 sacrae
2763 2634 3025 2688 doctrinae
3050 2644 3160 2688 tam
3187 2634 3329 2703 apud
3366 2636 3532 2689 Deum
3561 2675 3575 2698 ,
3610 2652 3776 2705 quam

469 2732 589 2787 vide
608 2743 662 2786 et
690 2731 978 2786 salubriter
997 2731 1214 2787 decreta
1252 2729 1518 2801 (Siricius,
1547 2748 1632 2801 ep.
1664 2731 1724 2800 ι),
1751 2732 2066 2786 intemerata
2168 2726 2308 2796 apud
2328 2734 2552 2781 cunctos
2574 2725 2762 2781 ﬁdeles
2787 2742 2997 2782 merces
3010 2738 3063 2781 et
3081 2727 3194 2781 laus
3213 2726 3448 2795 reposita
3477 2735 3582 2794 est,
3604 2729 3647 2783 si
3679 2744 3772 2783 ve-

469 2834 820 2896 permaneant
851 2827 901 2880 in
932 2825 1131 2882 futuro.
1179 2825 1269 2898 (In
1310 2841 1434 2882 mss.
1483 2824 1688 2880 Justelli
1735 2834 1850 2896 post
1896 2826 2068 2898 plures
2171 2827 2282 2876 Stra
2310 2818 2426 2873 lnec
2447 2829 2759 2874 resecentur
2786 2819 3126 2873 auctoritate.
3149 2816 3396 2872 Nostram
3413 2819 3555 2872 enim
3590 2818 3777 2887 tidem,

468 2919 801 2991 epistularum
833 2920 1048 2974 lacinias
1073 2937 1134 2975 ea:
1164 2919 1402 2974 Ennodio
1451 2921 1672 2977 alterove
1690 2919 1918 2993 ejusdem
1944 2928 2068 2973 ctu-
2169 2925 2328 2980 quant
2360 2926 2391 2964 a
2415 2911 2614 2964 sanctis
2636 2910 2882 2965 Patribus
2905 2911 3232 2981 accepimus,
3254 2919 3307 2965 et
3326 2923 3593 2977 tenemus,
3617 2924 3785 2981 atque

469 3013 534 3074 tis
562 3023 765 3068 oratore
813 3012 980 3084 inepte
1029 3020 1269 3066 consulas
1294 3053 1308 3077 ,
1343 3011 1526 3082 legitur
1553 3014 1659 3066 htec
1687 3010 2020 3080 subscriptio)
2047 3027 2068 3068 .'
2173 3002 2453 3071 docemus,
2473 3006 2657 3060 subter
2684 3005 3012 3060 inseruimus
3035 3046 3049 3071 ,
3077 3006 3199 3059 utsi
3227 3004 3422 3075 aliquis
3445 3004 3598 3058 vobis
3619 3007 3784 3060 aliter

464 3106 603 3161 Data
640 3121 708 3160 xv
760 3105 880 3161 Kal.
912 3105 1130 3162 Martias
1157 3106 1311 3162 Betio
1336 3116 1391 3162 et
1415 3105 1630 3164 Juliano
1679 3108 1809 3164 viris
1831 3107 2067 3164 clarissi-
2096 3107 2140 3172 C
2177 3111 2276 3150 "03
2303 3095 2547 3161 Credere.
2575 3105 2668 3150 ³1η
2689 3097 2907 3164 άοοθτθν
2952 3108 3047 3152 θυι
3091 3097 3432 3163 accusandi).
3468 3108 3560 3152 θυι
3586 3102 3789 3152 "Iussi-

469 3201 576 3256 mis
604 3200 936 3258 consulibus.

1040 3328 1376 3393 actarum
1401 3336 1479 3409 (l)

468 3526 478 3537 ο
506 3507 784 3548 ATBANASII
821 3509 888 3548 ET
930 3507 1288 3550 EGYP‘I‘IOBUI
1335 3505 1726 3563 ιιιηεαοροιιυιι,
1762 3510 1829 3550 ΑΙ)
1845 3509 2021 3550 ΡΔΡΛΙ

1113 3585 1398 3640 Liasntuu.

983 3743 1150 3807 (Cone.
1176 3752 1211 3797 t.
1236 3759 1290 3810 ιι,
1308 3743 1402 3798 col.
1423 3745 1578 3810 765.),

848 3890 925 3940 De
949 3891 1355 3954 oppressionibus
1386 3886 1695 3941 Arianorum.

475 4023 697 4079 Domino
723 4021 1010 4076 beatissimo
1032 4029 1079 4074 et
1106 4019 1391 4092 Ιιοτφναὸἱιὶ
1413 4060 1426 4085 ,
1475 4030 1648 4076 sancto
1678 4021 1815 4092 patri
1850 4021 2072 4092 Liberio

473 4093 477 4096 ’
548 4109 718 4162 papte,
744 4093 1053 4147 Athanasius
1079 4097 1126 4144 et
1152 4087 1527 4162 Afgyptiorum
1551 4087 1778 4164 episcopi
1805 4135 1819 4161 ,
1843 4090 1896 4147 in
1917 4111 2074 4148 unum

549 4166 790 4237 synodice
812 4165 953 4233 apud
977 4163 1346 4218 Alexandriam
1367 4165 1685 4236 congregati.

555 4321 758 4376 Veslrte
795 4321 1118 4377 beatissinne
1135 4321 1215 4392 (ἓ)
1234 4322 1700 4393 paternitatisjura
1723 4337 1888 4392 penes
1909 4323 2076 4378 Deum

477 4425 604 4475 sunt
627 4414 942 4480 manifesta,
979 4415 1104 4470 dum
1135 4415 1607 4486 praedicationibus
1626 4418 1828 4473 scilicet
1851 4423 2071 4485 aposto-

478 4511 597 4567 licis
621 4520 672 4565 et
701 4509 964 4565 doctrinis
987 4549 1001 4576 ,
1032 4522 1174 4564 verae
1200 4509 1320 4564 ﬁdei
1347 4511 1561 4565 cultura
1585 4547 1600 4574 .
1626 4511 1872 4565 universa
1899 4508 2078 4580 reple—
2105 4487 2159 4549 Ῑ)

478 4612 529 4658 ta
547 4604 617 4658 sit
634 4614 795 4659 terra.
810 4602 914 4657 Per
939 4602 1241 4657 divinorum
1262 4613 1440 4658 tamen
1461 4601 1816 4659 eruditionem
1833 4601 2080 4671 eloquio-

478 4713 621 4764 rnm,
658 4707 836 4753 vestra
868 4697 1166 4753 instruente
1191 4695 1558 4752 admonitione
1579 4695 1966 4758 exhortatoria,
1991 4711 2079 4750 su-

467 4792 876 4862 .pera-dilicatur
913 4790 1217 4847 orthodoxa
1245 4788 1449 4845 Christi
1471 4790 1728 4856 ecclesia,
1782 4788 2078 4860 apostolica

483 4885 822 4944 inatitutione
878 4883 1098 4940 fundata
1118 4925 1132 4948 ,
1181 4894 1237 4941 et
1267 4897 1296 4938 a
1326 4883 1572 4940 ﬁdelibus
1603 4883 1850 4940 Patribus
1881 4883 2080 4938 firmis-

481 4978 621 5034 sime
666 4978 953 5032 roborata:
997 4978 1064 5032 ad
1091 4993 1250 5048 quam
1293 4992 1485 5033 onmes
1523 4977 1821 5032 beatissimi
1849 4976 2080 5046 apostoli

483 5069 600 5142 pari
618 5068 842 5124 honoris
869 5079 923 5125 et
961 5071 1242 5140 potestatis
1265 5070 1542 5126 consortio
1567 5069 1776 5140 ιιι-ω(Ιὶιὶ
1804 5109 1820 5136 ,
1855 5068 2081 5139 pupulu-

474 5178 602 5232 J'um
645 5162 856 5235 agmina
899 5173 1279 5220 convertentes
1307 5201 1324 5232 ,
1377 5163 1465 5234 pie
1491 5172 1790 5233 sancteque
1833 5161 1902 5218 de
1935 5171 2086 5218 tene-

561 5371 640 5444 (l)
672 5370 820 5426 Hanc
843 5380 966 5444 cum
985 5365 1235 5444 sequenti
1252 5363 1454 5444 talitatis
1469 5363 1927 5444 annumerandam
1952 5377 2080 5444 cen-

485 5436 734 5528 sen't'non
760 5441 955 5498 eruditi
1001 5437 1162 5495 modo
1192 5477 1207 5502 ,
1237 5437 1333 5493 sed
1373 5438 1534 5494 etiam
1560 5437 1832 5508 proletarii
1879 5436 2079 5507 quique

487 5525 806 5584 scriptores.

466 5672 474 5681 ,
562 5613 640 5686 (Ξ)
668 5610 1084 5686 Compone_cum
1106 5606 1269 5686 hisce
1308 5604 1513 5661 laciniis
1543 5602 1770 5657 Victoris
1806 5595 2083 5686 Carthagi-

491 5679 675 5740 nensis
701 5699 788 5752 ep.
809 5679 819 5680 ί
842 5682 907 5736 ad
935 5679 1278 5736 Theodorum
1313 5692 1502 5748 papam
1523 5689 1706 5752 ,__qua}
1745 5681 1892 5728 extat
1929 5686 2079 5728 cons.

490 5755 529 5816 2
562 5745 774 5822 concilii
803 5752 1178 5821 Latemnensis
1206 5745 1525 5829 sub'sancto
1546 5745 1796 5804 Μαι-ϋηο.

2174 3188 2336 3244 tando
2361 3188 2630 3257 retulerit,
2666 3190 2756 3245 vel
2787 3189 3146 3258 detrahendo,
3176 3190 3392 3261 scriptis
3418 3191 3784 3261 mandaverit,

2172 3297 2269 3352 per
2289 3282 2427 3338 hanc
2438 3282 2718 3338 manifeste
2736 3297 2834 3339 nos
2849 3284 2918 3338 ita
2932 3284 3154 3340 credere
3172 3293 3227 3340 et
3241 3283 3438 3340 docere
3450 3286 3785 3353 agnoscatis.

2245 3417 2532 3476 Credimus
2559 3433 2790 3491 namque
2822 3421 2876 3478 in
2905 3435 3070 3478 unum
3095 3424 3308 3479 Patrem
3334 3419 3414 3496 (3)
3438 3426 3790 3496 omnipoten-

2173 3515 2281 3568 tem
2317 3557 2332 3581 ,
2397 3514 2638 3568 onmium
2685 3511 2974 3569 visibilium
3008 3559 3023 3583 ,
3074 3531 3282 3572 necnon
3332 3525 3389 3571 et
3425 3516 3788 3572 invisibiliutn

2175 3603 2456 3661 factorem.
2520 3607 2585 3660 Et
2615 3605 2667 3660 ln
2701 3621 2863 3662 unum
2900 3607 3188 3664 Dominum
3242 3609 3424 3664 Iesum
3458 3608 3742 3664 Christum
3772 3652 3785 3674 ,

2177 3691 2372 3756 Filium
2409 3699 2522 3767 Dei,
2561 3707 2742 3754 natum
2772 3715 2836 3756 ex
2869 3701 3065 3767 Patre,
3109 3704 3441 3773 unigenitum
3470 3746 3485 3770 ,
3519 3703 3625 3757 hoc
3648 3713 3737 3758 est
3771 3747 3784 3769 ,

2177 3799 2245 3848 ex
2266 3791 2560 3846 substantia
2583 3790 2782 3858 Patris,
2813 3792 2979 3848 Deum
3002 3807 3068 3849 ex
3101 3793 3232 3860 Deo,
3259 3791 3441 3850 lumen
3464 3809 3530 3848 cx
3555 3793 3789 3860 lumine,

2177 3885 2348 3939 Deum
2389 3898 2573 3940 verum
2601 3899 2668 3940 cx
2716 3883 2827 3941 Deo
2872 3901 3000 3940 vero
3025 3929 3039 3955 ,
3073 3894 3254 3941 natum
3289 3931 3303 3954 ,
3357 3903 3460 3942 non
3496 3899 3746 3942 creatum
3775 3931 3790 3954 ,

2179 3976 2525 4045 homonsion,
2561 3977 2662 4034 hoc
2691 3987 2795 4045 est,
2824 3977 3064 4049 ejusdem
3094 3992 3216 4035 cum
3260 3979 3418 4035 Patre
3445 3981 3790 4048 subdantim,

2176 4084 2278 4146 per
2307 4087 2463 4144 quem
2520 4073 2699 4128 omnia
2747 4073 2883 4129 facta
2929 4085 3052 4130 sunt
3083 4116 3098 4142 ,
3142 4073 3382 4132 cmlestla
3407 4084 3461 4130 et
3487 4077 3791 4132 tcrrcsuia.

2180 4165 2285 4234 Qui
2315 4177 2532 4236 propter
2559 4180 2657 4220 nos
2689 4165 2937 4224 homines
2967 4175 3022 4223 et
3044 4179 3262 4239 propter
3292 4181 3531 4223 nostram
3557 4169 3792 4224 salutem

2183 4261 2467 4320 descendit
2491 4263 2557 4319 de
2597 4264 2773 4332 cmlis,
2823 4271 2877 4320 et
2906 4265 3222 4320 incarnatus
3251 4272 3334 4319 est
3365 4307 3377 4330 ,
3406 4273 3461 4318 et
3487 4266 3652 4319 homo
3685 4264 3795 4319 [ις-

2183 4363 2270 4410 tus
2293 4364 2374 4410 est
2394 4398 2408 4422 ,
2439 4367 2628 4426 passus
2645 4367 2750 4424 est,
2785 4363 2838 4412 et
2864 4357 3158 4413 resurrexit
3183 4357 3343 4412 tertia
3378 4355 3467 4412 die
3498 4375 3511 4409 :
3540 4357 3794 4412 ascendit

2187 4449 2238 4503 in
2272 4451 2465 4505 coelum
2488 4491 2503 4518 ,
2537 4457 2794 4505 venturus
2842 4449 3232 4520 indejudlcare
3261 4451 3413 4505 vivos
3439 4458 3492 4504 et
3519 4460 3796 4504 mortuos.

2190 4542 2256 4597 Et
2285 4541 2338 4598 in
2371 4541 2628 4614 Spiritum
2655 4552 2921 4599 sanctum.
2959 4541 3065 4598 Eos
3093 4553 3270 4598 autem
3295 4543 3385 4612 qui
3418 4543 3606 4598 dicunt
3630 4562 3642 4596 :
3665 4543 3801 4598 Erat

2187 4645 2416 4708 tempus,
2447 4637 2660 4709 quando
2687 4651 2790 4692 non
2821 4646 2966 4704 erat,
3003 4646 3054 4691 et
3090 4637 3396 4707 priusquam
3426 4645 3755 4690 nasceretur
3786 4677 3797 4700 ,

2174 4743 2294 4785 non
2322 4739 2439 4786 erat
2464 4773 2478 4797 ,
2505 4743 2555 4786 et
2581 4733 2706 4798 quia
2722 4745 2790 4785 ex
2823 4731 2981 4786 nullis
3006 4729 3425 4785 SubsiStentibus
3454 4729 3632 4782 factus
3661 4738 3756 4782 est
3783 4770 3800 4795 ,

2185 4831 2276 4876 aut
2300 4837 2367 4877 ex
2397 4821 2497 4876 alia
2526 4821 2824 4877 substantia
2856 4862 2872 4888 ,
2905 4819 2990 4876 vel
3017 4822 3249 4877 essentia
3289 4819 3472 4873 dicunt
3494 4833 3620 4872 esse
3642 4827 3801 4888 trep-

2183 4926 2275 4971 ton
2302 4959 2316 4984 ,
2347 4915 2449 4970 hoc
2478 4925 2581 4982 est,
2628 4915 3039 4971 convertibilcm
3066 4923 3226 4982 atque
3257 4911 3568 4968 mutabilem
3596 4911 3802 4967 Fiiium

2187 5007 2281 5064 Dei
2316 5051 2331 5072 ,
2382 5007 2484 5063 hos
2513 5006 2936 5063 anathematizat
2985 5003 3252 5061 catholica
3283 5014 3336 5059 et
3373 5005 3674 5076 apostolica
3701 5019 3803 5059 ec-

2185 5101 2372 5158 clesia.
2410 5100 2559 5156 llanc
2581 5100 2945 5156 venerabilem
2975 5097 3132 5154 fidem
3179 5095 3405 5152 trecenti
3443 5094 3660 5165 quidem
3695 5095 3801 5151 de.

2187 5212 2304 5254 cem
2337 5203 2392 5252 et
2417 5204 2542 5252 octo
2571 5193 2761 5251 Patres
2788 5202 3130 5265 agnoverunt
3156 5201 3210 5247 et
3255 5188 3489 5259 amplexi
3516 5198 3690 5256 sunt,
3751 5201 3808 5245 et

2186 5297 2550 5348 consonantes
2581 5298 2635 5344 et
2663 5289 2949 5343 unanimes
2982 5285 3198 5358 scriptis
3234 5282 3686 5356 explanaverunt.

2259 5426 2364 5486 Sed
2397 5425 2558 5482 modo
2589 5467 2606 5494 ,
2645 5425 2904 5498 quoniam
2931 5431 3122 5479 contra
3142 5420 3260 5476 haec
3281 5463 3297 5487 ,
3327 5430 3385 5476 ut
3407 5419 3585 5476 nostis
3609 5461 3626 5486 ,
3677 5420 3813 5474 talia

2191 5529 2501 5593 exurgunt,
2528 5519 2711 5591 qualia
2727 5533 2836 5574 non
2867 5517 3068 5574 debent
3093 5557 3109 5583 ,
3134 5516 3317 5572 venite
3341 5557 3358 5584 ,
3382 5525 3436 5572 et
3464 5527 3564 5570 nos
3588 5553 3606 5581 ,
3633 5513 3817 5569 dilec-

2281 5745 2360 5821 (5)
2386 5743 2698 5820 Symbolum
2719 5743 2983 5800 nictenum
3005 5741 3298 5824 interprete
3316 5737 3530 5802 Ruﬁno.
