4106 6184
312 285 448 360 itus

306 416 495 473 tissimi
521 415 714 473 trurios
731 415 821 489 (S.
850 413 1107 471 Martinus
1126 430 1266 471 cons.
1292 410 1360 484 4,
1403 424 1545 470 conc.
1587 413 1903 469 Lateranen-
1926 406 1984 476 Α

301 509 402 581 sis)
425 551 442 576 ,
471 524 593 567 cum
618 510 728 565 Deo
748 505 1145 565 descendemus
1170 502 1237 564 ad
1280 504 1645 565 visitationem
1673 549 1687 573 ,
1716 501 1769 563 id
1798 516 1901 574 est,

304 601 711 673 inquisitionem
754 613 1066 656 sermonum
1108 614 1297 657 eorum
1328 641 1345 665 .
1398 606 1451 656 et
1514 597 1904 655 contendamus

305 704 403 766 per
421 692 864 765 approbationem
883 693 1219 749 verissimam
1243 686 1440 748 ibidem
1464 692 1672 764 linguas
1690 700 1902 758 eorum,

305 787 538 845 elevatus
558 795 745 842 contra
769 783 1051 842 scientiam
1075 784 1331 856 unigeniti
1361 783 1479 841 Filii
1505 782 1621 851 Dei,
1638 792 1693 841 et
1711 782 1905 855 iniqui-

306 890 468 939 tatem
499 882 553 937 in
577 878 913 937 altitudinem
946 876 1295 936 humanitatis
1315 879 1431 952 ejus
1453 872 1754 951 loquentes.
1778 875 1904 931 Dis-

302 988 602 1046 rumpamus
637 971 844 1028 vincula
886 984 1060 1029 eorum
1117 986 1213 1045 per
1250 971 1483 1045 gladium
1529 966 1859 1043 Spiritualem
1885 1010 1901 1037 ,

301 1068 444 1141 quod
484 1070 563 1124 est
594 1064 818 1123 verbum
864 1062 959 1123 Del
985 1108 999 1132 ,
1052 1076 1099 1123 et
1124 1068 1457 1138 projiciamus
1482 1083 1511 1119 a
1542 1065 1684 1120 nobis
1719 1062 1902 1138 juguni

300 1155 529 1231 ipsorum
574 1152 692 1231 (Ps.
723 1156 785 1231 ιι)
819 1200 834 1225 ,
856 1170 957 1231 per
988 1158 1439 1232 etpugnatiOnem
1462 1151 1671 1231 profani
1712 1172 1904 1215 sensus

300 1250 538 1310 illorum.
565 1250 717 1310 Tunc
760 1247 903 1310 enim
952 1254 1068 1325 ipse
1110 1268 1324 1326 quoque
1368 1250 1626 1310 Dominus
1672 1252 1904 1310 irridebit

296 1357 385 1403 eos
406 1354 454 1402 et
481 1342 815 1402 subsannabit
853 1356 901 1402 et
927 1355 1048 1402 tunc
1070 1347 1302 1418 loquetur
1358 1347 1429 1402 ad
1454 1360 1540 1402 eos
1564 1348 1617 1402 in
1654 1347 1734 1402 ira
1764 1364 1857 1402 sua
1882 1388 1898 1411 ,

298 1438 432 1497 etin
486 1438 664 1512 furore
712 1452 803 1495 suo
849 1436 1167 1497 centurbabit
1217 1451 1300 1497 eos
1331 1482 1346 1508 ,
1392 1432 1580 1514 (Ῑὺὶά.)
1606 1440 1902 1495 secundum

296 1527 361 1589 Β.
406 1530 696 1589 Jeremiam
727 1574 743 1599 ,
793 1530 1025 1589 dicens:
1088 1532 1251 1588 Falso
1298 1537 1561 1605 prophetae
1599 1532 1685 1586 isti
1726 1530 1904 1586 uatici-

296 1632 489 1680 nantur
539 1627 593 1679 in
614 1622 818 1679 nomine
862 1636 994 1679 meo.
1055 1620 1172 1680 Non
1220 1626 1357 1680 enim
1403 1621 1520 1678 misi
1540 1632 1663 1689 eos,
1710 1632 1758 1678 et
1800 1634 1903 1678 non

298 1715 523 1788 pracepi
543 1714 614 1770 eis
639 1759 654 1786 ,
680 1728 842 1787 neque
863 1715 1064 1771 locutus
1091 1730 1203 1772 sum
1232 1715 1302 1771 ad
1317 1730 1422 1771 eos.
1463 1710 1719 1770 Visioncm
1760 1730 1903 1769 men-

295 1809 476 1864 dacem
496 1819 547 1865 et
569 1809 935 1865 diuinationem
962 1852 977 1877 ,
1004 1814 1051 1864 et
1076 1808 1485 1882 fraudulentiam
1512 1849 1527 1875 ,
1559 1817 1605 1863 et

286 1915 409 1958 nent
449 1903 617 1959 cordis
640 1905 721 1959 sui
770 1905 1077 1977 prophetarit
1120 1900 1282 1958 vobis.
1326 1896 1454 1956 Ideo
1482 1902 1591 1956 ηωσ
1631 1896 1755 1956 dicit
1785 1896 1895 1956 Deo

287 1998 468 2052 «unus
488 1997 554 2053 de
578 1994 859 2069 prophetis,
876 1999 964 2069 qui
987 1996 1291 2070 prophetam
1313 1996 1366 2051 in
1389 1998 1593 2050 nomine
1611 2006 1721 2050 meo
1752 2008 1896 2048 nien-

294 2090 539 2145 daciunt:
563 2087 729 2144 Erunt
751 2088 966 2162 projecti
987 2090 1041 2143 in
1060 2088 1155 2144 riis
1186 2088 1492 2142 Jerusalem.
1516 2096 1561 2142 et
1583 2084 1899 2142 consulendo

292 2181 521 2236 omnium
564 2181 649 2252 pie
668 2178 1020 2251 conﬁtentium
1066 2190 1178 2245 me,
1235 2188 1281 2234 et
1306 2190 1407 2234 non
1449 2181 1547 2233 erit
1568 2178 1656 2247 qui
1691 2178 1896 2251 sepeliet

288 2282 378 2329 eos
396 2273 616 2348 (Jerent.
660 2269 800 2345 xiv).
819 2272 989 2329 Nemo
1001 2273 1143 2328 enim
1162 2284 1221 2327 se
1240 2267 1572 2327 abscondere
1593 2271 1896 2343 potestqui-

293 2366 522 2425 busdum
550 2364 987 2438 subreptioitihus
1013 2365 1414 2431 commentitiis,
1444 2364 1598 2420 sicuti
1629 2378 1729 2421 nec
1751 2358 1894 2421 loliis

290 2461 384 2519 ilci
406 2463 658 2535 antlQuus
681 2466 1046 2533 transgresmr
1076 2461 1332 2531 praecepti
1365 2458 1535 2515 Adam
1561 2459 1736 2531 potuit
1760 2500 1774 2525 ,
1801 2454 1893 2530 qui

284 2567 391 2627 per
416 2553 687 2628 propriam
711 2553 945 2627 linguam
971 2552 1335 2611 inverecunde
1364 2552 1618 2608 nudatur.
1657 2546 1893 2624 Laqueus

287 2648 423 2703 enim
450 2648 599 2722 [ortis
622 2649 732 2703 uiro
759 2690 775 2717 ,
824 2647 960 2704 labia
982 2649 1097 2723 ejus
1120 2658 1139 2703 :
1161 2657 1209 2702 st
1248 2655 1429 2717 captus
1451 2640 1676 2719 propriis
1701 2658 1893 2702 sermo--

286 2740 440 2797 nibns
460 2778 476 2810 ,
528 2748 577 2799 et
604 2752 758 2814 opere
780 2754 1025 2798 mnuum
1054 2744 1209 2817 ejus:
1244 2741 1510 2796 retributio
1533 2746 1701 2796 autem
1723 2736 1887 2796 labioé

291 2852 409 2895 rum
431 2841 545 2913 ejus
569 2832 775 2893 dabitur
797 2838 842 2892 ei
866 2878 881 2903 ,
918 2844 964 2891 et
985 2832 1261 2910 impietatis
1281 2834 1627 2908 reprehensio.
1663 2834 1889 2905 Arguant

290 2940 338 2987 te
360 2971 377 2998 ,
403 2929 576 3004 inquit
600 2971 616 2997 ,
646 2938 693 2985 et
711 2930 934 2984 statuam
955 2938 1134 2983 contra
1164 2927 1350 2997 facient
1371 2936 1534 2981 tuam.
1567 2918 1892 2981 Existimasti

286 3022 463 3094 inique
492 3065 507 3091 ,
541 3014 680 3090 quod
702 3030 861 3077 essent
888 3020 978 3075 tibi
999 3018 1203 3075 similis.
1234 3016 1515 3092 Propterea
1538 3060 1555 3087 ,
1599 3016 1740 3073 sicut
1762 3014 1891 3074 dicit

278 3114 553 3173 ‘Domlnus
574 3112 641 3172 ad
667 3106 887 3172 Gedeon
923 3156 939 3183 ,
971 3112 1287 3185 deponamtts
1330 3123 1415 3166 eos
1444 3109 1514 3165 ad
1541 3120 1729 3178 aquam
1758 3118 1891 3165 certe

280 3209 609 3267 discretionis
632 3253 648 3278 ,
676 3216 722 3265 et
746 3202 1017 3281 probemus
1044 3220 1129 3262 eos
1150 3200 1218 3261 ibi
1241 3198 1466 3278 regulari
1486 3198 1883 3274 examinatione,

280 3302 341 3360 in
379 3303 602 3376 idipsum
621 3314 825 3377 .pronos
864 3301 1156 3356 corruentes
1187 3292 1340 3370 (Gen.
1368 3308 1430 3354 nt
1457 3315 1472 3365 ;
1501 3288 1657 3353 Prov.
1680 3304 1733 3352 Vt
1762 3306 1776 3363 ;
1802 3306 1881 3369 ps.

285 3412 413 3453 xux
443 3414 458 3463 ;
485 3394 667 3451 Jttditlt
691 3396 810 3464 vn),
840 3403 965 3464 post
989 3393 1356 3448 ostensionem
1383 3386 1531 3461 pravi
1579 3382 1884 3446 intellectus

284 3507 472 3549 eorum
498 3535 515 3561 ,
552 3500 806 3547 utrumne
828 3488 940 3547 sint
960 3488 1103 3559 apud
1124 3502 1185 3544 se
1204 3487 1478 3557 sapientes
1503 3528 1518 3552 ,
1544 3484 1710 3541 divini
1734 3486 1883 3543 verbi

283 3586 565 3644 scientiam
588 3586 897 3656 ignorantes
920 3599 936 3650 ;
962 3583 1214 3655 quoniam
1236 3580 1455 3636 dicentes
1474 3571 1583 3637 esse
1602 3596 1657 3635 se
1677 3581 1882 3651 sapien-

283 3690 355 3736 tes
380 3722 394 3746 ,
427 3674 569 3734 stulti
591 3676 716 3749 facti
737 3686 854 3733 sunt
886 3718 902 3744 ,
935 3678 981 3731 et
1010 3682 1329 3732 triulaoerunt
1372 3666 1590 3746 gloriam
1628 3668 1805 3745 (Rom.
1838 3673 1877 3746 ι)

282 3771 565 3827 catholicae
586 3769 833 3826 ecclesiae
859 3767 1073 3839 propria
1094 3768 1332 3823 novitate
1352 3777 1409 3822 et
1436 3766 1740 3835 voluntate,
1764 3768 1881 3824 sive

281 3877 380 3934 per
399 3877 486 3929 ea,
517 3876 637 3933 quas
664 3861 854 3917 illicite
876 3861 931 3915 in
962 3859 1078 3933 ejus
1099 3859 1415 3916 defensione
1436 3869 1584 3929 geSta
1608 3867 1755 3925 sunt,
1770 3857 1881 3913 bte-

279 3953 503 4010 reticam
528 3952 910 4008 turbulentiam
937 3951 1371 4018 introducentes,
1406 3951 1534 4006 illud
1557 3959 1874 4020 competen-

280 4053 365 4101 ter
390 4044 456 4100 ad
481 4058 582 4100 nos
602 4044 932 4109 retinentes,
964 4042 1109 4113 quod
1132 4042 1269 4098 bene
1289 4042 1356 4097 ad
1376 4041 1560 4098 Iesum
1588 4041 1759 4097 tilium
1788 4041 1875 4097 Si-

276 4137 409 4193 raeb
432 4136 635 4192 dictum
660 4144 744 4192 est
775 4152 790 4190 :
826 4133 997 4207 Usque
1033 4134 1102 4190 sit
1135 4144 1351 4192 mortem
1365 4143 1505 4191 certa
1530 4150 1626 4208 pre
1647 4135 1871 4203 veritate,

270 4240 330 4288 et
350 4230 603 4287 Dentium
626 4228 767 4285 Deus
791 4229 1034 4302 pugnabit
1055 4240 1151 4300 pro
1172 4238 1241 4284 te.
1269 4227 1443 4302 (Eccl.
1473 4227 1572 4301 tv.)
1596 4227 1768 4299 Hujus
1797 4229 1876 4286 rei

276 4325 450 4398 gratia
476 4362 493 4394 ,
538 4323 861 4381 universalis
894 4323 1046 4380 vobis
1074 4336 1103 4377 a
1129 4322 1350 4379 Christo
1399 4323 1531 4380 Iesu
1575 4322 1872 4380 commissa

273 4424 364 4475 est
386 4418 656 4485 ecclesia,
704 4425 763 4473 ut
784 4426 884 4489 pro
925 4415 1176 4473 omnibus
1225 4414 1482 4473 laboratis
1508 4452 1524 4483 ,
1570 4422 1627 4472 et
1664 4415 1874 4473 eunetis

262 4516 438 4583 'opem
458 4511 600 4568 ferre
615 4524 720 4567 non
737 4510 1018 4583 negligatis
1034 4520 1047 4565 ι
1063 4511 1188 4581 quia
1204 4512 1328 4565 dum
1342 4508 1493 4582 fortis
1512 4520 1739 4566 erniatns
1754 4522 1873 4567 cus.

957 299 1317 358 EPISTOL/E
1349 296 1691 354 ΛΜαΞΒΕιΕ
1728 289 1889 354 Εϐἵ

1988 338 2001 352 .
2042 292 2251 352 EPISC.
2288 293 2378 350 ET
2418 289 2672 348 LIBERI!
2711 286 2935 343 ΡΑΡᾹΞ.

3465 238 3609 333 ttae

2640 398 2978 461 EPISTOLA
3359 399 3363 403 '
3596 362 3615 391 ³

2182 560 2379 602 LIBERI!
2403 558 2555 601 PAP£
2587 554 2656 600 AD
2686 554 3023 598 ATIANAMUI
3051 554 3121 595 ΒΤ
3152 550 3428 594 ιςιιιιωιιοι

2469 646 2742 693 ιῦιινιιοε
2772 647 3146 691 ιιεενοιιεοιιιλ.

2505 751 2673 809 (Cone.
2699 755 2733 801 t.
2760 764 2793 800 ιι
2813 790 2826 815 ,
2852 746 2945 800 eoi.
2969 742 3104 809 765.)

2004 858 2182 916 Contra
2199 861 2574 928 perturbatores
2599 861 2728 928 pacis
2753 866 2807 910 et
2828 856 3378 928 quietis__ecclesiarum,
3405 860 3456 907 et
3480 854 3602 908 tales

2555 920 2772 989 qualiter
2796 920 3054 987 puniendl.

2005 1048 2330 1119 Dilectissimo
2363 1050 2472 1119 fi_lio
2507 1048 2802 1119 ριιιαηᾳδὶο,
2827 1059 2873 1105 et
2895 1052 3112 1119 omnibus
3134 1055 3185 1119 iu
3208 1067 3356 1106 unum
3396 1036 3606 1119 ιςοριςιοε-Δ

2064 1114 2207 1189 goria,
2228 1121 2276 1188 et
2296 1114 2633 1189 afﬁnitatis
2654 1116 2755 1177 ﬁds
2775 1114 2908 1170 recte
2931 1116 3239 1170 sentisntrbus
3265 1114 3602 1185 Egyptio'rum

2064 1177 2322 1245 episcopis,
2349 1177 2567 1233 Liberius
2592 1192 2739 1245 papa.

2075 1306 2213 1364 Olim
2243 1315 2300 1362 et
2327 1307 2396 1360 sb
2421 1304 2578 1363 initio
2605 1312 2809 1362 tantum
2836 1304 2934 1379 (S.
2962 1302 3087 1362 Leo.
3119 1322 3202 1375 ep.
3237 1305 3384 1378 xxiv)
3414 1318 3603 1378 perco-

2005 1401 2185 1471 pimus
2207 1415 2238 1454 a
2269 1399 2330 1454 B.
2361 1398 2525 1454 Petro
2554 1399 2924 1469 apostolorum
2956 1399 3198 1469 principe
3228 1398 3478 1455 llduciam
3499 1442 3512 1465 ,
3549 1407 3605 1455 nt

2007 1491 2301 1547 habeamus
2314 1493 2690 1548 auctoritatem
2706 1502 2801 1562 pro
2816 1488 3101 1546 universali
3126 1491 3386 1558 Ecclesia,
3408 1492 3472 1547 ad
3490 1508 3603 1547 rec—-

2006 1592 2113 1638 tam
2139 1582 2529 1638 defendendam
2558 1582 2740 1650 ﬁdem,
2768 1591 3032 1653 quatenus
3058 1582 3189 1639 nulli
3238 1583 3396 1641 liceat
3433 1596 3603 1640 statu—

2008 1687 2116 1730 tum
2144 1683 2348 1731 salicta
2376 1674 2630 1731 Ecclesia:
2656 1684 2996 1732 commovere
3016 1719 3029 1743 ,
3059 1677 3125 1731 ad
3156 1677 3429 1733 lit-sionem
3460 1686 3604 1734 recte

1646 1767 1900 1863 ὶεάαεεὲὸ-
1929 1792 1980 1864 Β
2006 1767 2339 1864 credentium
2359 1802 2375 1835 ,
2406 1768 2608 1840 absque
2634 1769 2718 1864 sui
2749 1770 2986 1840 periculo
3029 1768 3267 1825 honoris.
3310 1770 3601 1843 Epistolaut

2005 1862 2268 1934 siquidem
2299 1870 2553 1929 vestram,
2588 1862 2849 1935 nobisque
2877 1865 3158 1934 dilectam,
3190 1872 3315 1921 ante
3344 1880 3441 1920 nos
3468 1866 3605 1922 reci-

2005 1956 2104 2011 turi
2137 1955 2382 2021 iecimus,
2412 1955 2786 2011 tribulationes
2809 1965 2865 2012 et
2890 1958 3313 2027 persecutiones,
3342 1974 3477 2030 quas
3506 1964 3602 2029 pro

2003 2059 2149 2105 recta
2181 2047 2286 2103 tida
2316 2049 2556 2118 patimini
2590 2049 2968 2106 intelleximus.
2999 2050 3177 2121 Super
3206 2049 3399 2123 quibus
3424 2058 3478 2106 et
3505 2058 3602 2107 nos

2001 2154 2108 2198 una
2135 2142 2412 2200 vobiscum
2439 2143 2823 2210 condelemus,
2852 2150 2910 2199 et
2936 2145 3181 2201 laborare
3209 2154 3308 2217 pro
3340 2145 3512 2210 vobis,
3546 2146 3604 2200 ut

2000 2244 2155 2307 pater
2192 2252 2289 2307 pro
2330 2237 2482 2305 llliis,
2535 2239 2703 2308 parati
2744 2246 2951 2294 sumus.
2993 2238 3180 2295 Fidem
3225 2248 3354 2295 vero
3406 2238 3601 2295 niczrnl

1997 2331 2212 2387 eotieilii
2244 2331 2298 2387 in
2326 2332 2518 2388 «idem
2545 2333 2773 2402 epistola
2814 2342 3015 2390 rectam
3059 2336 3391 2403 reperimus,
3437 2344 3600 2404 super

1996 2441 2102 2498 qua
2129 2435 2184 2481 et
2211 2426 2322 2483 Deo
2343 2427 2545 2497 graues
2575 2427 2873 2484 uberrimas
2904 2426 3208 2496 retulimus,
3236 2443 3333 2499 pro
3360 2442 3462 2500 qua
3493 2438 3601 2484 non

1996 2518 2344 2575 solummodo
2374 2521 2777 2590 persecutiones
2807 2528 2862 2575 et
2901 2521 3181 2591 passiones
3212 2522 3479 2577 sustinere
3507 2536 3601 2577 vo-

1996 2612 2204 2668 biscum
2236 2615 2408 2682 parati
2449 2624 2665 2682 sumus,
2710 2614 2804 2669 sed
2846 2615 3009 2671 etiam
3054 2615 3102 2669 si
3145 2626 3369 2671 necesse
3404 2612 3596 2681 fuerit,

1995 2705 2136 2760 litori
2179 2719 2279 2775 pro
2316 2705 2519 2761 Christi
2565 2706 2817 2775 nomine,
2857 2708 2909 2762 in
2948 2710 3206 2779 quantum
3245 2708 3429 2764 nostra
3469 2708 3598 2765 sinit

1994 2795 2287 2867 fragilitas,
2322 2810 2426 2853 non
2457 2800 2783 2871 respuimus.
2816 2799 2979 2870 [gitur
3008 2801 3320 2870 prtcdictum
3353 2808 3596 2856 sanctum

1993 2887 2319 2956 coiicilium,
2349 2900 2406 2945 ut
2446 2889 2709 2961 legimus,
2749 2890 2940 2948 definit
2982 2891 3248 2947 nictenum
3297 2888 3597 2965 (Maximus

1994 2982 2324 3053 equiieiensis
2366 2999 2510 3037 conc.
2545 2999 2596 3038 tv
2624 2998 2772 3038 cons.
2803 2983 2980 3039 Later.
3010 2996 3146 3039 anno
3175 2984 3282 3041 649
3312 2985 3594 3057 celebrati),

1993 3073 2153 3129 aliam
2181 3074 2343 3132 iidem
2376 3076 2507 3131 nulli
2536 3076 2698 3132 licere
2724 3074 2997 3149 proferre,
3019 3085 3112 3133 aut
3136 3078 3481 3134 conscribere
3510 3074 3596 3134 vel

1914 3182 1961 3256 ο
1993 3181 2345 3239 componere,
2374 3180 2469 3226 aut
2491 3180 2686 3241 sapere
2714 3171 2799 3228 vel
2827 3171 3027 3227 docere
3068 3170 3246 3240 aliter,
3295 3186 3396 3229 nec
3438 3172 3596 3243 quid‘

1992 3277 2153 3335 quam
2184 3263 2239 3320 in
2273 3264 2380 3320 ilde
2406 3266 2629 3332 sentire,
2660 3272 2753 3321 aut
2783 3264 3056 3337 proferre,
3087 3265 3231 3337 quod
3265 3265 3349 3322 bis
3376 3264 3593 3323 Patrum

1988 3357 2191 3429 regulis
2218 3359 2390 3429 possit
2412 3359 2654 3416 obviare.
2681 3360 2782 3428 Qui
2812 3368 2989 3416 autem
3016 3362 3418 3431 praesumpserit
3439 3372 3594 3416 com:

1987 3464 2194 3521 ponere
2223 3451 2386 3506 aliam
2417 3450 2581 3507 ﬁdem
2613 3460 2706 3507 aut
2738 3451 3001 3523 proferre,
3031 3452 3232 3509 decere
3261 3454 3349 3509 vel
3377 3453 3594 3510 tradere

1985 3543 2130 3599 aliud
2159 3544 2500 3616 symbolum,
2532 3544 2599 3600 nd
2630 3547 2770 3600 viam
2813 3544 3059 3601 veritatis
3096 3548 3340 3602 converti
3379 3546 3595 3605 desides

1983 3636 2226 3692 rentibus
2248 3636 2318 3693 de
2336 3646 2676 3708 quaesitaque
2704 3637 2928 3703 lintresi,
2961 3637 3043 3694 vel
3069 3650 3137 3694 ex
3163 3638 3384 3707 ludatis,
3414 3634 3500 3696 vel
3526 3652 3593 3697 ex

1985 3730 2206 3802 paganis
2234 3728 2569 3787 Christianos
2597 3745 2658 3787 se
2688 3731 2804 3786 lteri
2839 3731 3163 3799 volentibus,
3190 3731 3242 3787 hi
3274 3733 3319 3787 sl
3350 3732 3591 3805 episcopi

1981 3821 2209 3890 luet-int,
2254 3832 2345 3878 aut
2387 3823 2605 3891 clerici,
2649 3824 2875 3879 alienari
2918 3824 3137 3895 quidem
3183 3827 3470 3897 episc0pos
3524 3829 3592 3887 ab

1980 3917 2328 3987 episcopatu.
2367 3917 2598 3973 clericos
2638 3928 2671 3971 u
2711 3916 2896 3973 clero:
2927 3917 2971 3972 si
3001 3929 3132 3974 vero
3161 3920 3446 3987 monachi,
3496 3931 3589 3977 aut

1981 4008 2104 4065 laici
2136 4009 2365 4078 fuerint,
2390 4009 2740 4067 snsitbemate
2767 4012 2937 4066 teriri.
2969 4011 3304 4068 Proteststur
3327 4014 3413 4085 (8.
3440 4008 3589 4070 lter-

1979 4105 2119 4160 timts
2157 4120 2299 4161 eoas.
2341 4118 2400 4174 ν,
2438 4110 2671 4180 ejusdem
2707 4108 2949 4182 concilii)
2979 4109 3178 4165 ctenim
3223 4109 3412 4167 beatus
3442 4114 3588 4183 Apo-

1982 4199 2179 4266 stolus,
2207 4199 2395 4257 dicens
2423 4214 2437 4256 ι
2467 4201 2533 4258 Si
2556 4205 2671 4275 quis
2694 4213 2875 4271 certat,
2892 4216 2995 4259 non
3022 4214 3317 4273 coronatur,
3335 4206 3434 4261 nisi
3460 4205 3585 4278 legi-

1981 4295 2102 4349 time
2142 4291 2428 4353 certauerit.
2474 4297 2543 4353 Et
2586 4299 2779 4354 iterum
2815 4299 3077 4356 Dominus
3116 4301 3220 4356 sit:
3266 4298 3367 4367 Qui
3407 4310 3581 4356 autem

1980 4390 2376 4458 perseuerauerit
2414 4400 2579 4458 sisque
2609 4392 2663 4446 in
2693 4393 2879 4463 ﬁnem,
2910 4392 2992 4446 hic
3020 4389 3193 4448 saluus
3220 4393 3318 4448 erit
3347 4393 3366 4466 (
3392 4392 3407 4447 Ι
3441 4391 3575 4449 Tim.

1980 4494 2056 4548 vt,
2080 4480 2269 4538 Hatth.
2287 4476 2366 4556 ιι).
2388 4483 2671 4551 Videlicet,
2694 4484 3080 4541 certaminibus
3100 4486 3271 4541 sacris
3294 4484 3582 4555 propositis

271 4573 409 4660 radit
432 4605 620 4658 atrium
644 4573 839 4671 suum:
880 4573 934 4657 in
957 4573 1223 4676 pace-sunt
1246 4573 1455 4669 omnia,
1484 4614 1602 4675 quis
1624 4602 1869 4676 possidet.
1897 4583 1953 4646 Ῑ)
1978 4573 2165 4676 ηίξδίθν
2197 4584 2302 4676 ῬΓἿ
2326 4574 2642 4632 (Μεηδίθθθ
2668 4576 2950 4676 φιδοηθθῗ
2975 4577 3248 4676 “cies”,
3279 4590 3580 4676 ¹¹¹⁸Βξ¹³η⁰θ

270 4693 432 4766 (Luc.
463 4692 547 4765 ιι).
579 4694 812 4765 ideoque
836 4701 982 4750 tanta
1004 4703 1228 4763 urgente
1245 4694 1568 4751 necessitate
1591 4730 1607 4762 ,
1631 4708 1870 4750 summm

274 4802 407 4859 pere
430 4787 773 4857 comprimite
800 4796 982 4843 vestra
1005 4800 1217 4841 summa
1249 4788 1573 4843 auctoritate
1597 4786 1825 4844 infestos
1850 4822 1866 4855 ,

273 4880 517 4938 relevate
551 4894 860 4951 oppressos,
905 4889 964 4935 ut
986 4879 1187 4951 absque
1221 4882 1390 4952 gravi,
1419 4881 1649 4938 Domino
1686 4882 1868 4954 opitu-

272 4974 421 5030 lante
447 5016 463 5041 ,
493 4973 805 5031 difﬁcultate
825 4972 929 5044 ipsi
947 4973 1223 5043 gratanter
1248 4972 1395 5029 aiunt
1431 4983 1671 5044 tempore
1695 4975 1865 5030 sacri-

265 5065 437 5122 ﬁcare
454 5080 760 5123 mereamur
783 5064 957 5121 illaesi.
982 5063 1049 5120 Et
1069 5066 1379 5139 subscriptio
1398 5081 1417 5120 :
1436 5064 1665 5123 JEterna
1681 5078 1733 5124 te
1761 5082 1868 5123 ser-

270 5170 366 5216 vet
393 5159 650 5216 Divinitas
698 5175 792 5231 per
828 5160 1025 5217 multos
1050 5174 1243 5227 annos,
1282 5161 1620 5217 sanctissime
1644 5161 1863 5218 Patrum

267 5253 451 5310 Pater.
476 5253 669 5311 Amen.
703 5250 917 5327 (Justin.
951 5268 1008 5322 ιι,
1038 5252 1107 5308 ad
1127 5250 1383 5310 Joannem
1414 5251 1477 5320 V,
1506 5253 1749 5327 papam.)

926 5546 1238 5568 ﬂ

1975 4666 2149 4723 salute
2174 4680 2241 4723 ex
2288 4671 2390 4723 hoc
2432 4676 2647 4740 sperate
2688 4670 2755 4725 ab
2794 4671 3036 4726 omnium
3079 4671 3343 4726 bonorum
3389 4670 3579 4728 datare

1977 4762 2121 4829 Deo,
2152 4772 2259 4817 tton
2288 4762 2541 4819 deﬁciant
2586 4772 2778 4821 manus
2821 4776 3050 4830 nostra),
3092 4765 3428 4822 dilectissimi
3468 4765 3577 4822 fra-

1975 4864 2105 4922 tres,
2123 4870 2218 4927 per
2240 4859 2582 4913 occasionem
2603 4858 2891 4930 cujuslibet
2909 4859 3150 4928 desidiae,
3164 4858 3440 4918 dissolutae
3455 4863 3575 4919 :sed

1972 4947 2143 5005 fortes
2163 4948 2466 5006 efﬁciamur
2493 4962 2589 5022 per
2610 4954 2836 5023 gratiam
2868 4952 3077 5009 Domini
3123 4964 3282 5025 atque
3321 4953 3573 5012 virtutem

1971 5045 2227 5115 potentiae
2246 5044 2385 5116 ejus,
2405 5047 2648 5117 quoniam
2669 5049 2879 5119 perfecit
2903 5048 3055 5121 pedes
3078 5059 3277 5107 nostros
3314 5057 3573 5122 tamquam

1969 5147 2232 5193 servorum
2259 5139 2281 5204 (
2297 5137 2444 5203 Psal.
2480 5138 2618 5213 vtt),
2649 5148 2703 5198 et
2732 5154 2894 5214 super
2931 5142 3142 5201 excelsa
3174 5144 3378 5202 tlrmius
3409 5145 3572 5201 satuit

1967 5228 2299 5286 intellectutn
2325 5240 2550 5288 summae
2574 5233 2694 5305 ejus
2717 5233 3066 5291 humanitatis
3092 5247 3310 5308 propter
3331 5246 3569 5294 nostram

1969 5322 2229 5391 salutem,
2262 5325 2496 5381 maxime
2534 5334 2737 5382 tantam
2788 5326 3049 5386 habentes
3077 5329 3380 5401 impositam
3408 5343 3567 5385 sanc-

1971 5422 2150 5472 torum
2184 5420 2401 5474 testium
2432 5420 2653 5477 nubem.
2698 5420 3019 5493 Deponentes
3044 5440 3164 5495 ergo
3191 5439 3339 5479 omne
3366 5423 3569 5494 pondus

1968 5512 2019 5565 et
2045 5510 2457 5569 circumstantiam
2481 5513 2890 5572 adversariorum
2918 5514 3217 5583 nouitatem,
3252 5533 3343 5589 per
3371 5519 3569 5587 patien-

1970 5600 2097 5660 tiam
2112 5621 2402 5676 curramus,
2425 5610 2725 5681 aspicientes
2748 5612 2804 5666 in
2838 5592 3097 5666 auctorem
3121 5610 3245 5680 ﬁdei
3267 5621 3315 5665 et
3333 5627 3570 5666 consum.

1961 5708 2217 5756 maiorm
2244 5700 2425 5759 Iesum
2471 5702 2671 5780 (Hebr.
2702 5702 2845 5777 xu),
2875 5702 2966 5776 qui
3003 5703 3057 5761 in
3098 5703 3376 5777 proposito
3414 5700 3567 5760 nobis

1966 5799 2191 5879 propter
2230 5806 2354 5867 eum
2398 5798 2650 5881 negotio,
2692 5798 2942 5878 spiritum
2980 5796 3138 5871 nobis
3173 5811 3287 5871 suae
3325 5796 3566 5883 veritatis
