4106 6184
484 222 622 285 1407

1848 242 2170 303 LIBERIUS
2204 243 2401 305 PAPA.

3646 265 3794 323 “08

480 342 780 410 condonet,
825 343 1130 418 loquentem
1178 349 1231 404 in
1277 351 1462 422 nobis,
1504 366 1666 427 atque
1709 359 2080 428 perbibentem
2107 367 2157 424 Α
2184 363 2427 420 dicentes
2468 379 2588 421 cum
2629 368 2833 426 David:
2880 372 3070 430 Revela
3106 379 3282 435 oculos
3321 396 3492 447 meos,
3536 390 3586 437 et
3625 382 3802 437 consi-

483 435 746 504 magnalia
774 437 895 493 fidei
921 455 1014 509 per
1034 442 1333 499 doctrinam
1361 459 1668 504 sanctorum
1694 451 1932 519 Patrum,
1957 471 2090 524 quos

482 529 778 586 adversarii
797 533 1192 592 calumniantur
1212 540 1469 607 quotidie.
1489 543 1546 598 In
1572 545 1842 614 prophetis
1863 563 2094 618 namque

484 619 675 690 (Idem
700 634 908 680 sanctus
939 626 1094 682 Mart.
1123 646 1263 685 cons.
1294 631 1392 706 ιιι)
1425 633 1680 691 habetur:
1715 637 1934 711 Pr0pter
1963 641 2094 696 Sion

485 728 588 768 non
618 715 812 781 tacebo,
844 727 891 772 et
919 729 1124 789 propter
1152 721 1441 778 Jerusalem
1465 743 1567 782 non
1610 730 1865 798 quiescam
1885 773 1902 797 ,
1937 732 2094 788 donec

487 806 777 876 egrediatur
796 819 850 863 ut
870 811 1111 880 splendor
1122 814 1299 884 justus
1318 817 1428 888 ejus
1449 829 1494 872 et
1515 821 1737 875 salvator
1758 827 1870 896 ejus
1893 834 1944 878 ut
1967 826 2095 880 lant-

489 914 582 967 pas
603 901 911 954 accendatur
932 901 1034 959 (Is.
1061 921 1164 960 uti
1181 904 1221 978 ).
1247 907 1498 966 Profecto
1525 913 1791 970 catholica
1816 916 2056 973 Ecclesia
2075 959 2091 986 ,

491 1006 611 1064 qua:
640 1008 763 1049 vera
795 997 1041 1052 consistit
1067 999 1194 1056 Sion
1214 1043 1226 1066 ,
1277 1013 1332 1057 et
1361 1005 1549 1060 civitas
1587 1006 1790 1064 Christi
1829 1012 2094 1068 ctrlorum

492 1085 654 1157 regis.
683 1103 778 1157 per
807 1097 884 1144 tot
906 1107 1166 1148 annorum
1195 1097 1364 1166 spatia
1388 1111 1690 1171 expugnata
1713 1104 1781 1158 ab
1801 1109 2097 1162 aversanti-

491 1179 594 1235 bus
615 1183 776 1236 verba
797 1184 951 1253 lidei,
977 1187 1066 1256 qui
1091 1204 1264 1259 neque
1291 1191 1454 1246 Deum
1480 1195 1698 1262 timent,
1727 1212 1900 1268 neque
1924 1199 2099 1256 homi-

493 1287 619 1329 nem
649 1289 990 1346 reverentur,
1025 1283 1120 1335 sed
1149 1282 1416 1338 incassum
1449 1288 1869 1356 perducentibus
1901 1293 2014 1364 pias
2044 1304 2100 1350 et

493 1369 786 1423 canonicas
815 1370 883 1425 de
915 1372 1018 1426 hoc
1060 1375 1225 1429 verbo
1268 1375 1579 1448 doctrinas,
1624 1381 1754 1438 dum
1799 1401 1828 1438 a
1871 1386 2099 1444 diversis

497 1463 798 1533 tantisque,
849 1465 1053 1538 scripto
1096 1477 1152 1524 et
1178 1470 1296 1526 sine
1334 1474 1572 1545 scripto,
1615 1482 2099 1538 contestationibus

497 1551 706 1609 invitati
737 1554 969 1614 fuissent
995 1562 1270 1633 corrigere
1302 1568 1574 1636 propriam
1623 1580 1677 1625 et
1718 1587 1747 1625 a
1791 1588 1850 1628 se
1897 1575 2099 1644 pellere

500 1645 750 1704 hazrcsim
771 1691 786 1716 ,
818 1652 974 1708 sicuti
1006 1665 1059 1710 et
1094 1671 1190 1726 per
1221 1661 1548 1718 anteriorem
1601 1667 1961 1737 cognitionem
2020 1671 2098 1726 lu-

2196 457 2381 512 derabo
2423 459 2683 517 mirabilia
2723 464 2786 518 de
2824 467 2934 537 lege
2974 477 3099 523 tua:
3137 469 3373 526 Lucerna
3413 475 3546 528 enim
3588 476 3810 545 pedibus

2197 550 2320 604 meis
2347 553 2732 621 verbamlunm,
2751 555 2992 623 Domine,
3019 569 3065 613 et
3083 562 3250 616 lumen
3276 566 3466 619 semitis
3492 569 3654 630 meis;
3677 583 3811 636 quo-

2197 642 2335 697 niam
2355 644 2518 713 ipsius
2544 657 2616 700 est
2635 690 2650 714 ,
2680 649 2820 703 sicut
2841 651 2915 704 ait
2941 651 3004 708 Β.
3036 653 3221 709 Daniel
3250 659 3511 726 propheta
3535 702 3549 725 ,
3584 661 3807 729 sapieno

2197 729 2265 788 tia
2288 745 2334 789 et
2354 739 2623 807 fortitudo.
2653 739 2754 794 Dat
2780 744 3082 812 sapientiam
3103 749 3444 816 sapientibus,
3471 761 3516 805 et
3536 751 3811 805 scientiam

2197 825 2596 896 intelligentibus
2639 831 2984 902 disciplinam.
3038 835 3159 907 Ipse
3202 840 3390 894 revelat
3435 842 3703 912 profunda
3755 850 3809 896 et

2197 919 2516 983 abscondita,
2541 931 2588 976 et
2612 925 2748 976 novit
2773 926 2824 978 in
2853 930 3069 984 tenebris
3095 933 3390 999 constituta,
3411 943 3455 987 et
3483 935 3577 988 lux
3601 952 3720 989 cum
3749 951 3813 991 eo

2198 1021 2305 1076 est,
2351 1015 2438 1083 qui
2482 1015 2817 1083 sapientiam,
2862 1019 3065 1090 inquit,
3117 1034 3162 1076 et
3209 1026 3560 1094 [ortitudinem
3607 1029 3805 1083 dedisti

2200 1108 2353 1173 mihi,
2401 1117 2447 1163 et
2491 1112 2757 1167 ostendisti
2803 1116 2958 1182 mihi,
3003 1134 3118 1188 qua:
3159 1122 3334 1189 rogavi
3361 1121 3564 1194 te(Ps.
3595 1139 3812 1181 cum:

2199 1199 2338 1254 Dan.
2367 1200 2466 1273 ιι),
2507 1218 2628 1257 cum
2675 1220 2778 1275 ope
2820 1207 3030 1276 divina,
3081 1213 3507 1283 uniuscujuSque
3550 1231 3810 1285 perstinzn

2200 1300 2505 1370 conscripta
2531 1316 2719 1356 eorum
2740 1343 2756 1369 ,
2785 1304 2874 1373 qui
2904 1321 3000 1376 pro
3026 1307 3281 1362 novitatis
3307 1319 3616 1365 commento
3639 1326 3813 1366 accuo

2202 1393 2302 1446 sati
2347 1403 2500 1460 sunt,
2529 1394 2598 1450 de
2624 1398 2921 1453 venerabili
2960 1400 3162 1455 scrinio
3198 1413 3385 1456 n05tro
3428 1402 3820 1458 obsecundan-

2204 1485 2375 1552 tibus,
2406 1497 2460 1541 et
2500 1488 2655 1543 nobis
2699 1490 3094 1547 rationabiliter
3151 1492 3508 1548 offerentibus
3549 1494 3820 1549 solertius

2204 1580 2576 1648 intendamus;
2618 1583 2688 1637 ita
2733 1593 2790 1638 ut
2817 1587 2905 1655 qui
2937 1585 3051 1641 haec
3081 1589 3523 1658 prmsumpserint
3552 1592 3822 1660 praevari-

2203 1673 2313 1728 cari
2332 1715 2346 1738 ,
2371 1673 2602 1743 primum
2626 1676 2842 1746 quidem
2871 1678 3188 1748 subjaceant
3207 1681 3411 1751 judicio
3437 1682 3668 1737 terribili
3698 1697 3825 1737 om-

497 1743 765 1799 culentius
792 1745 1220 1807 demonstratum
1251 1763 1369 1819 est,
1405 1763 1510 1810 tam
1545 1773 1641 1828 per
1663 1760 1876 1818 libellos
1898 1805 1912 1830 ,
1938 1781 2097 1836 quam
2129 1757 2177 1818 B
2209 1767 2500 1835 nipotentis
2534 1743 2660 1834 Dei,
2691 1769 2889 1827 deinde
2917 1783 3095 1828 autem
3126 1777 3578 1845 qualemcumque
3607 1777 3821 1849 (Typus

500 1848 600 1904 per
628 1839 1008 1908 suggestiones
1037 1847 1612 1906 reverendissimorum
1642 1857 1980 1914 sacerdotum
2003 1903 2016 1923 ,
2049 1872 2104 1918 et

500 1930 888 1987 venerabilium
919 1934 1206 2004 abbatum,
1250 1943 1496 2011 apostolo
1540 1955 1873 2016 protestante
1912 1954 2101 2024 nobis,

501 2030 558 2075 ut
586 2022 841 2079 hominem
872 2025 1166 2084 luereticum
1193 2043 1306 2098 post
1336 2037 1554 2105 primam
1584 2049 1631 2092 et
1670 2044 1945 2099 secundum
1988 2022 2104 2101 cor-

498 2115 782 2184 reptionem
821 2119 1008 2176 evitare
1048 2123 1352 2196 debeamus,
1397 2130 1611 2186 scientes
1651 2133 1771 2202 quia
1811 2136 2107 2210 Imjusmodi

504 2209 777 2266 subversas
806 2222 914 2280 est,
949 2224 994 2268 et
1022 2216 1272 2287 delinquit
1312 2222 1522 2290 proprio
1551 2224 1756 2296 judicio
1795 2209 2106 2284 condemna-

503 2310 587 2356 tus
615 2301 746 2374 (Tit.
783 2306 906 2376 In),
940 2308 1088 2362 nullo
1127 2311 1290 2367 modo
1341 2325 1554 2384 oportet
1596 2332 1694 2372 nos
1733 2319 1990 2392 deinceps
2029 2331 2110 2377 ta-

501 2407 654 2460 cere,
689 2405 780 2450 aut
804 2398 1120 2469 quiescere,
1150 2419 1219 2459 ne
1247 2420 1464 2475 quoquo
1491 2409 1655 2465 modo
1693 2412 1862 2483 iniqui
1901 2414 2110 2485 judice-

502 2503 645 2552 mur,
697 2490 948 2547 odibilem
999 2495 1112 2550 Deo
1156 2513 1343 2567 pacem
1388 2504 1805 2572 amplectentes:
1855 2509 2108 2578 quoniam

504 2583 764 2653 scriptum
805 2594 886 2640 est
930 2587 1143 2644 :Zelaui
1174 2592 1224 2644 in
1252 2597 1633 2663 peccatoribus,
1667 2617 1840 2668 pacent
1871 2615 2108 2672 peccato-

507 2692 625 2730 rum
653 2677 860 2733 videns:
893 2689 948 2735 et
977 2681 1124 2738 dicat
1153 2686 1313 2741 etiam
1345 2689 1412 2744 de
1441 2692 1631 2747 nobis:
1667 2693 1972 2751 Sacerdotes
2013 2700 2111 2752 mei

505 2780 916 2842 contempserunt
957 2775 1118 2847 legem
1156 2796 1352 2849 meam,
1391 2793 1436 2836 et
1481 2785 1775 2855 polluerunt
1817 2792 2112 2846 sanctuaria

504 2881 654 2919 mea:
683 2866 813 2920 inter
841 2879 1075 2924 sanctum
1102 2880 1150 2927 et
1191 2878 1466 2946 profanum
1509 2895 1609 2932 non
1648 2880 1873 2936 habuere
1914 2883 2112 2938 distan-

507 2960 662 3028 tiam,
716 2961 846 3017 inter
896 2966 1147 3036 pollutum
1199 2978 1247 3023 et
1301 2971 1548 3026 mundum
1600 2991 1700 3029 non
1752 2976 2111 3032 intellexerunt

508 3052 681 3125 (Psal.
703 3070 888 3121 Lxxu;
915 3055 1115 3129 Sopho.
1139 3076 1228 3127 nt;
1254 3061 1444 3118 Ezech.
1467 3073 1637 3138 xxn):
1670 3068 1763 3123 sed
1779 3084 2110 3142 consurgere

2209 1857 2503 1916 Constantis
2528 1860 2664 1934 Aug.
2693 1880 2835 1919 cons.
2867 1880 2937 1933 tv,
2971 1883 3114 1920 conc.
3143 1866 3316 1922 Later.
3349 1869 3440 1922 sub
3467 1882 3643 1924 sancto
3672 1869 3829 1923 Mar-

2209 1952 2337 2024 tino)
2365 1956 2600 2025 regalem
2629 1956 3052 2028 indignationem
3083 1975 3456 2030 revereantur,
3487 1981 3584 2034 per
3613 1982 3782 2036 quam
3808 2009 3824 2032 ,

2208 2046 2252 2100 si
2283 2047 2501 2117 quidem
2533 2050 2772 2121 episcopi
2799 2065 2889 2108 aut
2914 2054 3094 2109 clerici
3124 2065 3282 2121 sunt,
3310 2071 3340 2110 a
3368 2057 3450 2112 sui
3477 2058 3771 2114 sacerdotii
3798 2101 3816 2127 ,

2210 2141 2325 2196 sive
2365 2156 2394 2196 a
2437 2143 2570 2199 cleri
2610 2146 2695 2200 sui
2741 2146 2931 2203 ordine
2963 2149 3136 2205 modis
3167 2151 3420 2206 omnibus
3451 2153 3739 2208 excidant:
3773 2155 3827 2210 si

2210 2243 2389 2289 autem
2428 2237 2672 2291 monachi
2715 2249 2869 2308 sunt,
2909 2252 3283 2312 segregenlnr,
3322 2253 3377 2298 et
3405 2245 3565 2299 alieni
3608 2245 3722 2300 sint
3752 2245 3829 2303 de

2212 2327 2324 2382 suis
2374 2328 2529 2384 locis.
2579 2330 2634 2387 Si
2681 2342 2860 2388 autem
2906 2333 3256 2405 dignitatem,
3287 2343 3379 2390 aut
3399 2337 3700 2408 cingulum,
3730 2346 3826 2392 aut

2213 2421 2457 2477 militiam
2488 2422 2753 2492 habeant,
2784 2427 3055 2482 nudentur
3082 2430 3182 2484 eis.
3213 2430 3270 2485 Si
3313 2439 3495 2485 autem
3537 2441 3669 2485 sunt
3711 2430 3827 2501 pri-

2211 2517 2351 2585 vati,
2394 2518 2437 2573 si
2481 2518 2699 2589 quidem
2747 2520 2960 2576 nobiles
3001 2524 3276 2589 existunt,
3307 2539 3524 2579 suarum
3558 2527 3826 2581 substan-

2214 2611 2409 2666 tiarum
2439 2615 2887 2683 proscriptionem
2918 2617 3211 2686 patiantur.
3238 2617 3295 2673 Si
3320 2627 3497 2673 autem
3524 2619 3822 2690 ignobiles,

2215 2720 2323 2758 non
2352 2705 2525 2760 solum
2557 2706 2609 2760 in
2638 2721 2868 2777 corpore
2895 2709 3278 2776 verbi-rentur,
3309 2709 3402 2764 sed
3429 2710 3598 2764 exilio
3627 2726 3829 2781 perpe-

2217 2804 2310 2850 tuo
2348 2796 2714 2867 castigentur:
2757 2808 2814 2853 ut
2840 2813 3029 2854 omnes
3061 2801 3256 2855 timore
3286 2799 3384 2854 Dei
3410 2801 3747 2871 compressi,
3775 2810 3834 2856 et

2215 2890 2541 2944 comminata
2571 2891 2649 2945 eis
2679 2889 2835 2961 digna
2867 2892 3128 2962 supplicia
3171 2902 3521 2954 reverentes.
3567 2893 3832 2948 immobi-

2217 2984 2322 3038 lem
2362 2993 2415 3038 et
2444 2983 2562 3038 sine
2594 2985 2900 3039 turbatione
2941 3001 3127 3056 pacem
3165 2995 3472 3040 sanctarum
3513 2985 3610 3041 Dei
3649 2987 3840 3042 eccle-

2215 3077 2415 3131 siarum
2437 3075 2763 3131 custodiant.
2808 3077 2934 3131 Data
2987 3092 3126 3131 rom.
3183 3076 3291 3132 Vlll
3320 3076 3686 3132 Kalendarum
3738 3076 3839 3132 Ju-

507 3159 628 3200 cum
675 3147 814 3215 Deo,
859 3158 913 3204 et
953 3153 1254 3210 consistere
1300 3168 1583 3228 prompte,
1631 3159 1920 3218 induentes
1960 3179 2107 3220 arma
2135 3171 2180 3233 (ζ
2214 3169 2322 3232 nii,
2357 3169 2607 3236 Asclepio
2633 3179 2686 3223 et
2718 3169 2958 3223 Deodato
2988 3169 3118 3224 viris
3156 3169 3471 3224 clarissimis
3509 3169 3840 3225 consulibus

507 3239 731 3308 Spiritus
749 3281 763 3306 ,
794 3240 1060 3299 adversus
1090 3247 1444 3317 malignantes
1471 3261 1664 3307 contra
1692 3252 1851 3308 fidem
1878 3255 2017 3326 ejus,
2048 3267 2106 3312 ut

507 3334 869 3404 approbemus
897 3338 1118 3407 spiritus
1145 3341 1437 3412 sapienter,
1468 3344 1521 3399 id
1551 3354 1664 3412 est,
1695 3347 1853 3403 verba
1883 3363 2070 3404 eorum
2092 3393 2107 3418 ,

508 3426 555 3480 si
585 3442 654 3480 ex
690 3426 799 3483 Deo
827 3441 973 3485 sunt.
1005 3432 1276 3502 Scriptum
1306 3443 1389 3490 est
1417 3437 1560 3492 enim
1593 3439 1645 3492 in
1676 3439 1942 3496 Jeremia:
1977 3440 2112 3496 Pro-

510 3519 735 3573 batorem
763 3520 880 3574 dedi
910 3531 958 3576 te
986 3523 1038 3578 in
1069 3527 1263 3596 populo
1291 3544 1402 3583 meo
1429 3529 1729 3597 robustum,
1773 3540 1818 3585 et
1861 3533 1986 3588 scies
2007 3574 2023 3601 ,
2067 3543 2111 3588 et

509 3611 745 3685 probabis
767 3614 903 3668 viam
925 3633 1100 3672 eorum
1123 3619 1258 3693 (Jer.
1279 3621 1376 3693 vn).
1401 3622 1561 3678 Multa
1584 3639 1818 3696 namque
1843 3627 1996 3682 nobis
2020 3642 2114 3682 ne-

511 3709 748 3763 cessaria
780 3719 865 3766 est
891 3712 1201 3782 vigilantia;
1234 3724 1288 3770 et
1317 3724 1463 3772 tanta
1492 3718 1688 3773 divinae
1717 3720 2000 3790 sapientiae
2040 3721 2118 3776 ri-

513 3802 702 3867 matio,
744 3817 867 3873 quae
897 3807 1108 3862 occulta
1139 3810 1481 3866 tenebrarum
1511 3813 1746 3879 revelat,
1775 3813 1842 3868 ad
1881 3815 2114 3885 requisi-

513 3898 716 3955 tionem
741 3899 1062 3972 hujusmodi,
1083 3903 1160 3957 rei
1197 3914 1251 3960 et
1272 3907 1656 3962 scrutationem
1674 3949 1690 3975 ,
1709 3909 1963 3979 quoniam
1989 3911 2118 3966 latet

513 3995 747 4064 quodam
776 3993 938 4049 modo
956 4006 1012 4050 et
1031 3997 1403 4066 absconditur,
1431 4001 1620 4070 visque
1641 4001 2120 4074 comprehenditur

516 4087 706 4143 dolosa
749 4091 992 4146 existens
1022 4091 1260 4160 malitia,
1310 4107 1407 4162 pro
1434 4107 1500 4148 eo
1539 4093 1683 4163 quod
1724 4093 1824 4149 sibi
1867 4097 2120 4163 pietatem

519 4183 713 4238 callide
743 4183 1072 4250 blandiatur,
1105 4197 1163 4242 ut
1193 4188 1370 4242 valeat
1398 4191 1752 4244 scrutantium
1778 4202 2012 4245 mentem
2046 4189 2122 4244 la-

521 4281 657 4329 tere.
683 4274 835 4342 Quod
869 4275 1053 4347 utique
1077 4279 1256 4332 sciens
1285 4279 1480 4335 beatus
1504 4279 1802 4349 Aposmlus
1842 4282 1949 4334 ait:
1984 4279 2124 4334 Nam

520 4367 820 4438 hujusmodi
859 4370 1279 4441 pseudoapostoli
1318 4381 1363 4424 et
1394 4373 1616 4439 operarii
1647 4373 1849 4426 subdoli
1871 4413 1885 4437 ,
1917 4373 2126 4441 transﬁ-

518 4471 710 4528 gurant
738 4477 794 4516 se
821 4462 873 4514 in
902 4463 1162 4533 apostolos
1190 4463 1379 4519 Christi
1403 4463 1467 4538 (ll
1489 4463 1610 4521 Cor.
1633 4464 1730 4537 XI).
1755 4463 1862 4521 Sed
1893 4481 2000 4520 non
2029 4468 2128 4520 mi-

521 4567 640 4607 rum
658 4593 673 4619 ,
705 4554 948 4624 quoniam
977 4566 1023 4609 et
1051 4557 1162 4625 ipse
1189 4556 1414 4612 Satanas
1446 4559 1778 4629 transﬁgurat
1804 4574 1857 4612 se
1875 4559 2006 4613 velut
2032 4576 2127 4613 an-

522 4643 693 4715 gelum
741 4645 892 4700 lucis.
944 4645 1013 4701 Et
1060 4648 1182 4703 ideo
1215 4663 1322 4703 non
1369 4649 1594 4718 mirum,
1639 4652 1684 4705 si
1728 4650 1964 4706 ministri
2008 4652 2126 4722 ejus

525 4741 994 4809 transligurautur,
1023 4741 1168 4796 velut
1196 4742 1441 4797 minister
1463 4742 1716 4813 justitite,
1743 4757 1973 4812 quorum
2005 4743 2126 4798 finis

526 4829 822 4883 secundum
852 4847 1014 4901 opera
1044 4847 1255 4889 eorum.
1285 4833 1390 4889 Sed
1413 4842 1469 4890 et
1497 4836 1754 4892 Dominus
1784 4836 1836 4890 in
1855 4835 1958 4892 hoc
1986 4852 2126 4907 pra:-

526 4923 775 4978 muniens
806 4941 936 4992 nos,
963 4927 1072 4983 ait:
1102 4930 1357 4986 Attendite
1380 4947 1412 4984 a
1441 4932 1588 5002 falsis
1615 4932 1898 5002 prophetis,
1927 4933 2012 5002 qui
2042 4947 2126 4987 ve-

527 5014 674 5067 niunt
700 5015 767 5068 ad
793 5031 880 5072 vos
920 5020 973 5074 in
1013 5023 1327 5078 uestimentis
1370 5026 1570 5092 ovium,
1613 5025 1914 5080 intrinsecus
1955 5036 2128 5081 autem

526 5117 645 5162 sunt
683 5108 796 5179 lupi
833 5127 1064 5182 rapaces.
1107 5116 1152 5170 A
1191 5117 1443 5188 fructibus
1480 5135 1655 5174 eorum
1691 5121 2004 5190 cognoscetis
2042 5139 2127 5178 eos

527 5203 744 5279 (Matth.
771 5207 882 5275 vn).
915 5206 1054 5278 Ergo
1079 5211 1132 5264 in
1160 5211 1389 5280 idipsum
1413 5229 1477 5266 ex
1506 5220 1618 5267 toto
1642 5215 1805 5270 corde
1826 5212 2127 5270 referentes

529 5305 655 5352 ante
693 5299 874 5353 omnia
905 5312 1068 5368 super
1100 5301 1192 5356 tali
1219 5304 1518 5373 quaestione
1556 5305 1992 5375 deprecationem
2013 5346 2030 5373 ,
2073 5315 2129 5360 et

606 5461 683 5532 (1)
713 5462 977 5519 Consules
999 5463 1123 5520 huic
1151 5466 1397 5534 epistolae
1423 5468 1774 5535 superadditi,
1794 5486 1911 5524 eam
1941 5471 2009 5526 de
2033 5470 2137 5528 ﬁde

537 5545 842 5607 suspectam
884 5549 1146 5606 arguunt:
1192 5553 1452 5607 nusquam
1496 5541 1639 5593 enim
1687 5557 1875 5596 eorum
1922 5543 2138 5597 nomina

538 5600 694 5678 lastis-
724 5605 853 5678 alibi
880 5600 1148 5678 adscripta
1174 5600 1416 5664 invenire
1439 5613 1606 5676 potui.
1636 5610 1835 5666 Ultimo
1860 5613 1978 5667 Ιοευ
2004 5616 2141 5669 lianc

541 5675 825 5752 epistolam
855 5675 1153 5734 unicaniin
1185 5684 1347 5735 tomis
1392 5675 1743 5737 conciliorum
1793 5688 1989 5752 prioris
2029 5687 2143 5740 edi-

545 5743 1028 5825 tionis_extantent
1079 5752 1180 5805 huc
1231 5753 1424 5809 retuli:
1457 5743 1932 5825 quiaianteriores
1955 5773 2143 5813 omnes

543 5813 840 5869 secundum
891 5820 1132 5876 ordinem
1175 5813 1491 5892 temporum.
1521 5824 1804 5881 collocavi.
1850 5826 1976 5882 lla-c
2021 5828 2064 5881 si
2113 5842 2143 5882 τι

2215 3259 2498 3331 (Consules
2529 3260 2635 3328 ﬁcti
2673 3260 2742 3313 ad
2782 3257 3038 3331 libitum).
3084 3259 3265 3316 Gloria
3301 3259 3517 3316 Christo
3556 3259 3691 3316 Jesu
3724 3260 3839 3316 Do—

2211 3353 2358 3408 mino
2383 3361 2597 3420 nostro;
2627 3370 2726 3425 pax
2754 3353 2928 3409 vobis.
2960 3355 3132 3410 Amen
3163 3355 3264 3426 (l).

2685 3509 2929 3550 DECRETA
2960 3510 3160 3550 LIBER“
3185 3511 3335 3552 ΡΑΡΕ
3345 3537 3359 3562 ,

2398 3630 2686 3702 Desuntpta
2727 3648 2790 3687 ea:
2827 3631 3002 3686 codice
3040 3640 3232 3686 vetusto
3263 3631 3330 3685 16
3371 3631 3656 3696 librorum,

2759 3725 2850 3779 lib.
2895 3740 3031 3792 xm,
3072 3740 3191 3795 cap.
3234 3723 3289 3779 9.

2319 3883 2460 3943 Quod
2498 3884 2546 3934 in
2585 3884 2766 3934 diebus
2789 3884 2965 3946 jejunii
2999 3882 3129 3933 nulla
3150 3881 3312 3946 jurgia
3339 3893 3452 3931 esse
3487 3880 3736 3930 debeant.

2223 4032 2284 4087 In
2344 4032 2430 4087 bis
2483 4032 2811 4103 jejuniornm
2853 4031 3046 4087 diebus
3088 4031 3249 4086 nulla:
3295 4031 3448 4096 lites,
3501 4029 3669 4085 nulla:
3711 4045 3847 4085 con-

2228 4127 2501 4180 tentiones
2540 4141 2661 4181 esse
2701 4125 2934 4192 debent,
2968 4126 3062 4180 sed
3093 4127 3145 4179 in
3177 4125 3269 4180 Dei
3303 4123 3551 4179 laudibus
3583 4131 3642 4179 et
3672 4139 3841 4194 opere

2227 4217 2535 4274 necessario
2564 4217 2981 4288 persistendum.
3008 4216 3201 4288 Arguit
3228 4218 3372 4272 enim
3401 4230 3527 4281 eos,
3570 4217 3660 4284 qui
3705 4230 3841 4270 con-

2228 4310 2498 4365 tentiones
2529 4320 2581 4365 et
2613 4311 2735 4365 lites
2765 4310 3193 4380 quadragesima:
3225 4318 3470 4378 tempore
3503 4307 3746 4372 faciunt,
3791 4318 3845 4362 et

2229 4404 2318 4474 qui
2357 4402 2537 4458 debita
2567 4419 2594 4456 a
2627 4402 2965 4458 debitoribus
2997 4402 3250 4471 exigunt,
3286 4401 3544 4455 Dominus
3573 4415 3671 4470 per
3711 4414 3843 4470 pro-

2237 4497 2451 4567 phetam
2483 4495 2700 4551 dicens:
2734 4494 2865 4550 Ecce
2894 4496 2946 4548 in
2978 4493 3153 4548 diebus
3175 4494 3362 4567 jejunii
3393 4492 3544 4546 uestri
3588 4493 3849 4544 inuenitur

2153 4575 2206 4634 Ῑ)
2232 4590 2465 4644 voluntas
2506 4598 2669 4643 vestra
2694 4630 2709 4652 ,
2753 4597 2800 4642 et
2841 4604 3014 4642 omnes
3054 4587 3306 4640 debitores
3350 4599 3542 4640 vestros
3587 4586 3844 4655 repetitis.

2231 4683 2364 4737 Ecce
2384 4683 2452 4736 ad
2483 4683 2596 4738 lites
2623 4693 2668 4738 et
2693 4684 3041 4737 contentiones
3066 4681 3344 4752 iejunatis,
3373 4689 3418 4734 et
3448 4679 3720 4750 percutitis
3749 4696 3849 4749 ptio

2228 4793 2327 4847 gno
2357 4776 2532 4846 impie.

2691 4946 2925 4989 ειυευειι
2951 4947 3139 4988 CAPI'I'E
3166 4945 3388 4987 υΕειιιο.

2241 5091 2308 5142 Ut
2341 5092 2394 5141 in
2440 5091 2596 5141 sacris
2631 5089 2808 5139 diebus
2838 5088 3140 5152 ieiuniorum
3161 5087 3410 5151 coniugati
3433 5098 3462 5134 a
3483 5085 3857 5150 coniugibusse

2885 5175 3179 5225 abstineant.

2308 5308 2701 5364 Abstinendum
2742 5316 2826 5363 est
2865 5307 2918 5362 in
2961 5307 3044 5362 his
3083 5307 3464 5363 sacratissimis
3494 5304 3855 5376 quadraginta

2241 5470 2456 5527 Liberio
2487 5469 2684 5535 scripta
2706 5476 2829 5544 est,
2860 5481 2978 5521 eam
3006 5465 3103 5544 vel
3123 5465 3224 5544 sub
3253 5465 3467 5520 Juliano
3496 5464 3579 5517 νυΙ
3609 5463 3715 5517 sub
3745 5462 3855 5544 Va-

2243 5543 2387 5598 lente
2415 5540 2863 5615 scripiamfuisse
2893 5539 3150 5615 oportuit.
3187 5537 3283 5615 Est
3311 5545 3463 5615 enim
3505 5539 3855 5615 responsuris

2247 5615 2312 5669 ad
2345 5607 2625 5680 epismlam
2663 5607 2981 5686 Athanasii,
3020 5609 3378 5686 qnascribit,
3423 5622 3483 5660 se
3523 5607 3595 5686 ab.
3640 5609 3857 5686 itrianis

2250 5686 2316 5758 ad
2351 5677 2578 5758 mortem
2610 5681 2850 5752 qu0tidte
2875 5677 3063 5758 qua-ri.
3107 5679 3277 5758 Sitne.
3301 5691 3528 5758 utraque
3555 5677 3853 5758 “Athanasii

2251 5756 2318 5810 ad
2351 5751 2657 5818 Liberium,
2689 5762 2744 5808 et
2771 5764 2959 5807 contra
2987 5751 3184 5807 Liberii
3215 5751 3279 5804 ad
3311 5751 3703 5812 Athanasium,
3739 5763 3858 5803 sus-

2248 5836 2415 5895 pectae
2447 5827 2565 5881 fidei
2589 5867 2602 5891 ,
2636 5824 2905 5881 doetiores
2929 5824 3186 5893 judicent.
3215 5822 3413 5876 Seven.
3449 5823 3649 5874 limus.
