4106 6184
320 205 458 264 1409

977 211 1067 270 DE
1115 215 1418 278 ΡΟΤΑΜΙΟ
1464 221 1790 283 EPISCOPO
1846 228 2376 294 ULYSSIPONENSI
2427 236 2965 306 PROLEGOMENA.

321 323 509 379 diebus
537 339 565 379 a
596 325 946 398 eonjugibus,
991 342 1044 386 et
1089 345 1238 392 caste
1283 347 1335 392 et
1381 339 1465 409 pie
1509 340 1825 409 vivendum,
1873 355 1930 402 ut
1957 352 2004 411 Α

318 417 648 474 sanctiﬁcato
671 419 837 475 corde
879 431 933 477 ct
964 440 1191 494 corpore
1242 429 1326 484 isti
1379 432 1494 488 dies
1539 437 1920 508 transigantur,

317 506 489 563 donec
538 512 877 579 perveniatur
927 515 993 570 ad
1026 516 1168 572 diem
1212 531 1455 578 sanctum
1492 525 1753 583 Pascha:
1797 535 1921 601 quia

319 615 456 668 pene
486 603 617 657 nihil
645 605 786 661 valet
808 605 1104 678 jejunium,
1134 613 1276 682 quod
1319 618 1585 688 conjngali
1613 637 1778 690 opere
1805 624 1922 694 pol-

3493 257 3631 318 “l0

2427 374 2658 416 EIUSDEM
2690 378 2879 419 CAPITE
2909 381 3234 425 DUODECIIIO.

2058 444 2109 492 Si
2137 449 2369 498 evenerit
2392 447 2550 500 fames
2572 460 2657 503 aut
2683 455 2985 520 iumqualitas
3009 463 3156 522 aeris,
3186 463 3302 526 quid
3327 468 3591 527 agendum.

2098 535 2154 593 Si
2197 541 2440 596 evenerit
2476 543 2675 610 fames,
2709 546 3044 617 inrequalitas
3075 554 3251 618 aeris,
3288 558 3624 627 pestilentia,

2024 629 2109 683 vel
2145 631 2264 687 talis
2287 635 2691 710 qualiscumque
2721 640 3010 709 tribulatio,
3036 645 3214 700 statim
3241 646 3458 718 jejuniis
3480 653 3625 707 elec-

1808 693 1818 694 ,
2303 693 2317 704 ,
2602 693 2618 710 ,
2744 693 2814 696 μή
2832 693 3010 709 ηπ,
3036 693 3214 700 _-_--...
3241 693 3458 718 ,.,......-
3481 693 3623 707 νην

319 693 501 762 luitur,
533 705 588 752 et
611 700 752 769 quod
780 701 1050 760 orationes
1069 747 1083 770 ,
1111 706 1310 778 vigilia:
1336 720 1391 766 et
1419 711 1780 787 eleemosynte
1809 731 1919 773 non
2025 724 2270 795 mosynis
2297 727 2858 802 etobsecrationibus,
2889 735 3103 793 Domini
3131 738 3501 799 misericordia
3528 743 3626 801 de-

319 791 718 850 commendant.

2091 962 2286 974 9——

1689 1117 1826 1158 ANNO
1845 1118 2028 1160 DOHINI
2050 1120 2217 1164 CCCLX
2226 1125 2274 1166 Vl
2285 1150 2298 1165 .

1334 1259 2582 1436 POTAMIUS

648 1522 1646 1656 EPISCOPUS
1737 1529 3294 1679 ULYSSIPONENSIS.

1805 1774 2165 1792 ⁸-Ρῂ-

1831 1789 2193 1806 δῇ-

1558 1885 2420 1975 PROLEGOMENA.

1266 2022 1356 2078 DE
1399 2022 1705 2080 POTAMIO
1739 2024 2075 2083 EPISCOPO
2115 2028 2666 2093 ULYSSIPONENSI.

1527 2135 1776 2202 (Galland.
1802 2176 1818 2204 ,
1842 2147 1879 2192 t.
1905 2155 1954 2204 v,
1981 2143 2182 2208 Proleg.
2209 2160 2259 2207 ρ.
2285 2148 2426 2214 xvn.)

380 2251 424 2304 l.
470 2245 761 2317 Superiore
779 2243 976 2300 saacnlo
997 2245 1463 2314 ediditAcherius,
1487 2250 1784 2306 monachus
1821 2250 1920 2306 Be-
1950 2251 1996 2312 Β
2024 2268 2139 2321 gua:
2173 2271 2262 2322 per
2291 2273 2444 2326 quam
2490 2260 2894 2334 blasphemarat,
2949 2269 3001 2323 in
3041 2271 3122 2326 via
3173 2275 3411 2346 moritur,
3458 2281 3631 2339 nullos

315 2340 642 2406 nedictinns,
666 2356 731 2396 ex
753 2340 940 2396 codice
965 2340 1205 2395 Abbatize
1245 2343 1415 2398 sancti
1462 2342 1665 2398 Ebrulli
1689 2342 1772 2415 (1)
1803 2347 1916 2415 epi-

318 2433 503 2486 stolam
525 2431 753 2487 Potamii
767 2432 835 2486 ad
856 2432 1189 2486 Athanasium
1203 2434 1495 2505 episcOpum
1512 2435 1918 2494 Alexandrinum

315 2523 377 2578 de
408 2524 928 2579 consubstantialitate
964 2523 1090 2578 Filii
1122 2523 1238 2589 Dei,
1273 2536 1327 2581 ut
1358 2525 1519 2583 habet
1541 2529 1657 2599 ejus
1682 2529 1917 2600 inscrip-

316 2615 388 2670 tio
437 2617 603 2672 relata
652 2618 704 2672 in
762 2617 936 2672 indice
974 2616 1380 2689 chronologico,
1426 2629 1573 2676 torno
1612 2622 1920 2678 reditionis

314 2727 466 2768 novae
489 2710 738 2783 prteliiro;
765 2711 854 2765 ubi
882 2721 932 2765 et
962 2711 1264 2780 conscripta
1293 2722 1541 2768 narratur
1569 2714 1706 2768 circa
1726 2733 1917 2771 annum

315 2805 442 2858 555.
467 2804 536 2860 At
569 2820 634 2859 eo
661 2803 761 2858 loci
790 2818 897 2874 quo
935 2803 1123 2859 eadem
1161 2803 1445 2860 exhibetur
1478 2807 1725 2875 epistola,
1761 2808 1918 2865 aliter

314 2892 536 2950 eﬂertur
566 2895 683 2963 ejus
712 2893 1010 2962 inscriptio,
1044 2909 1107 2948 es
1138 2895 1325 2951 codice
1352 2896 1568 2965 quidem
1603 2914 1704 2953 ms.
1736 2909 1793 2954 ut
1833 2902 1917 2956 vi-

313 2987 471 3043 detur
499 2987 800 3058 desumpta.
833 2987 921 3044 Sic
969 2987 1111 3042 enim
1145 2989 1214 3043 ibi
1251 3007 1262 3041 :
1301 2989 1536 3059 Epistola
1581 2992 1807 3048 Potantii
1850 2995 1918 3050 ad

312 3081 655 3136 Athanasium
675 3081 737 3133 ab
764 3079 968 3134 Arionis
991 3080 1318 3151 (impetitum)
1337 3093 1602 3154 postquam
1628 3086 1681 3140 in
1701 3088 1918 3142 concilio

313 3175 609 3228 ariminensi
637 3174 1063 3241 subscripserunt.
1113 3173 1224 3229 Utri
1253 3189 1386 3229 vero
1417 3176 1754 3248 inscriptioni
1786 3179 1918 3235 lides

315 3265 652 3331 adhibenda;
706 3281 812 3336 quo
853 3265 1069 3320 demum
1124 3266 1244 3336 quis
1293 3267 1452 3322 fuerit
1506 3269 1779 3326 Potamins
1828 3272 1919 3328 ille

313 3363 562 3431 epistolae
609 3372 816 3424 auctor,
849 3361 1072 3416 delinire
1101 3361 1334 3432 quodam
1387 3363 1550 3418 modo
1603 3368 1917 3423 valeamus?

316 3455 684 3510 Existimarim
706 3454 958 3523 equidem
985 3454 1183 3509 nullam
1216 3456 1529 3524 posterioris
1549 3457 1917 3527 inscriptionis

2021 2347 2222 2416 fructus
2254 2350 2403 2417 [undi
2440 2355 2516 2409 vel
2551 2356 2744 2413 visione
2783 2364 3085 2435 percipiens.
3128 2367 3196 2424 Et
3235 2371 3383 2440 justo
3414 2375 3632 2445 quidem

2023 2438 2118 2494 Dei
2152 2441 2356 2512 judicio
2405 2464 2420 2501 :
2463 2465 2587 2504 nam
2628 2451 2916 2513 haereticus
2959 2459 3143 2529 homo,
3193 2438 3250 2520 ut
3283 2438 3635 2529 satis-innuit

2021 2531 2349 2593 Pbmbadius
2388 2539 2712 2612 Aginnensis
2742 2551 3029 2623 episcopus
3061 2555 3158 2629 (4).
3183 2574 3302 2615 eam
3330 2564 3633 2624 confecisse

2021 2627 2251 2684 traditur
2282 2629 2404 2687 ﬁdei
2441 2633 2727 2694 formulam
2759 2641 2811 2696 in
2842 2627 3077 2714 praelata
3113 2627 3322 2722 Synodo
3351 2655 3634 2716 Sirmicnsi

2020 2719 2247 2789 editam,
2289 2741 2409 2796 quae
2456 2733 2684 2800 septima
2735 2752 2962 2796 numero
3001 2719 3314 2803 recensetur
3351 2750 3420 2805 ab
3467 2755 3637 2808 Atha-

2021 2813 2174 2867 nasio
2204 2815 2305 2887 (5),
2330 2834 2560 2892 quaeque
2590 2837 2733 2881 tanta
2765 2829 2862 2884 luit
2889 2832 3163 2903 impietate
3184 2840 3402 2910 referta,
3426 2853 3485 2899 ut
3511 2861 3631 2902 eam

2021 2902 2348 2977 blasphemiae
2389 2915 2608 2973 nomine
2656 2922 2940 2989 appellarit
2968 2902 3216 2986 il—lilarius
3262 2902 3537 3005 (6).'Quin
3576 2950 3632 2998 et

2022 2998 2265 3065 ejusdem
2315 3003 2368 3058 in
2412 3007 2600 3075 primis
2649 3013 2834 3068 Ariani
2886 3021 3130 3086 praesulis
3173 3039 3336 3094 opera
3376 3044 3629 3101 magnum

2024 3087 2248 3146 Hosium
2293 3099 2594 3154 accersitum
2645 3104 2713 3157 ad
2755 3103 3106 3167 Constantium
3142 3131 3331 3188 regem,
3383 3123 3630 3194 minisque

2022 3187 2350 3250 perterritum
2380 3190 2581 3246 dedisse
2610 3211 2791 3253 manus
2811 3199 3082 3272 impietati,
3115 3224 3181 3262 ex
3204 3187 3376 3268 modo
3400 3187 3628 3275 laudatis

2021 3277 2356 3348 presbyteris
2390 3280 2741 3343 Lucilerianis
2766 3295 3162 3372 erutlimur(7).

2092 3370 2181 3426 ΙΙΙ.
2226 3373 2357 3441 Quae
2385 3393 2547 3447 quum
2582 3380 2652 3435 ita
2681 3397 2741 3438 se
2777 3385 3032 3458 habeant,
3071 3370 3352 3465 scripserit
3374 3415 3504 3472 ergo
3532 3403 3636 3462 Po-

2025 3463 2218 3519 tantius
2243 3467 2310 3520 ad
2337 3468 2691 3528 Athanasium
2717 3477 3002 3547 epistolam
3027 3463 3637 3560 quamﬁvulgavithche

315 3547 620 3604 habendam
647 3562 768 3603 esse
791 3548 1078 3612 rationem,
1104 3548 1302 3618 quippe
1319 3564 1439 3618 qtne
1459 3548 1526 3603 ab
1549 3549 1799 3620 imperito
1822 3566 1918 3622 po-
2019 3557 2152 3625 rius,
2184 3559 2312 3616 dum
2334 3563 2508 3621 adhuc
2527 3582 2668 3624 esset
2702 3571 2826 3627 lidei
2858 3574 3091 3633 Nicaenae
3117 3594 3373 3642 strenuus
3413 3589 3631 3660 vindex,

469 3639 679 3660 .ει.μ,.εΔ
719 3655 867 3660 ---ω
918 3639 978 3660 ,ι
1014 3640 1124 3660 εξ.--
1406 3643 1530 3660 ____.
1699 3658 1736 3660 ,s
1870 3645 1882 3656 ς
1955 3651 1990 3660 ι.
2057 3649 2066 3657 -
2449 3657 2495 3660 μ-

3281 3639 3289 3640 ί
3329 3639 3368 3642 ’—
3425 3639 3631 3660 """"',

314 3641 422 3695 tius
467 3639 685 3694 librario
713 3655 871 3711 quam
915 3639 982 3695 ab
1013 3640 1129 3709 ipso
1154 3651 1374 3696 anetore
1406 3643 1643 3712 proicera
1684 3658 1805 3698 esse
1834 3645 1917 3699 vi-
1947 3651 1991 3716 C
2023 3649 2163 3704 circa
2185 3667 2382 3710 anitum
2410 3657 2660 3716 videlicet
2687 3677 2880 3734 δοσιν,
2912 3680 2968 3723 ut
2996 3674 3144 3741 prior
3165 3677 3385 3746 pra-fert
3406 3681 3637 3756 inscrip—

321 3733 507 3756 ,ι,.-.--..
563 3733 735 3756 n.......-
766 3733 904 3756 Ant...
931 3747 1048 3756 ..ι-η.
1073 3732 1420 3756 -.l.-__--2-_,_
1459 3737 1721 3756 -s-___2_a4_
1753 3737 1909 3756 _|-___,_
2027 3743 2058 3756 ,ο
2152 3745 2194 3756 -.

316 3733 526 3790 deatur.
563 3733 736 3799 Quum
763 3733 907 3787 enim
931 3747 1052 3786 τενο
1072 3732 1426 3789 athanasiano
1457 3737 1726 3792 neminem
1749 3737 1915 3792 alium

315 3825 568 3881 ﬂoruisse
594 3823 895 3879 Potamium
929 3834 1124 3894 prmter
1156 3824 1632 3896 Ulyssiponensem
1655 3845 1918 3899 agnosca-

317 3934 466 3982 mus;
500 3918 766 3988 ejusmodi
807 3931 935 3972 sane
975 3917 1260 3986 epistolam
1301 3920 1599 3975 Athanasio
1655 3920 1797 3977 haud
1838 3923 1919 3977 iu-

315 4013 559 4068 scribere
578 4013 667 4068 ille
692 4013 857 4081 potuit
887 4020 1002 4080 post
1029 4011 1353 4068 ariminense
1381 4015 1686 4083 concilium,
1719 4016 1920 4073 hocest

315 4121 459 4162 anno
484 4105 590 4162 560
612 4107 724 4160 sive
757 4116 810 4159 ut
839 4104 996 4160 citius
1029 4106 1155 4173 559,
1189 4108 1276 4177 qui
1308 4109 1511 4164 scilicet
1540 4122 1666 4164 ante
1690 4123 1920 4182 quatuor

317 4209 409 4253 aut
438 4198 674 4269 quinque
709 4213 882 4253 annos
929 4196 994 4252 ad
1039 4197 1361 4254 Arianorum
1403 4211 1576 4254 castra
1611 4204 1916 4272 transierat,

316 4292 514 4363 quique
533 4290 871 4361 potissimum
895 4290 946 4344 in
978 4292 1214 4346 secunda
1251 4293 1459 4363 synodo
1479 4293 1761 4350 Sirmicnsi
1779 4311 1920 4352 anno

317 4383 444 4450 557,
479 4394 665 4439 coacta
693 4383 832 4437 inter
859 4382 1159 4454 primipilos
1185 4383 1550 4440 Ariomanitas
1572 4388 1916 4444 censebatur.

391 4475 458 4531 ll.
500 4475 762 4530 Nimirum
783 4517 797 4537 ,
830 4484 888 4529 ut
914 4491 978 4530 ex
1009 4475 1323 4531 Marcellino
1353 4487 1406 4531 et
1438 4477 1694 4534 Faustino
1721 4481 1921 4536 intelli-

319 4569 494 4638 gimus
533 4567 635 4639 (Ξ).
674 4566 938 4620 Potamius
968 4565 1071 4622 iste
1091 4569 1310 4638 primum
1331 4569 1534 4639 quidem
1561 4571 1716 4641 ﬁdem
1741 4575 1919 4629 cat/to-

321 4661 472 4715 licam
495 4659 792 4723 vindicans;
823 4669 998 4730 postea
1014 4674 1128 4713 vero
1149 4664 1359 4729 praemio
1387 4664 1538 4734 fundi
1556 4665 1748 4731 ﬁscalis
1774 4684 1922 4735 quem

239 4778 244 4782 -
321 4753 504 4807 habere
541 4752 913 4823 concupiverat,
947 4751 1099 4820 ﬁdem
1131 4754 1491 4818 prtevoricatus
1520 4766 1612 4812 est.
1645 4757 1761 4825 Quo
1806 4759 1921 4815 fac-

323 4854 457 4911 tum,
518 4844 752 4899 subdunt
798 4843 957 4898 iidem
1020 4845 1331 4915 scriptores,
1387 4857 1444 4902 ut
1491 4849 1627 4904 hunc
1672 4850 1825 4907 Osius
1861 4854 1925 4909 de

323 4933 563 4991 Corduba
588 4936 727 5003 apud
754 4937 992 4990 ecclesias
1017 4936 1386 5010 Hispaniarum
1407 4949 1455 4994 et
1482 4943 1669 4996 detexit
1697 4955 1744 4999 et
1771 4963 1922 5019 repu-

324 5029 381 5082 lit
410 5037 463 5082 ut
489 5029 704 5096 impium
730 5029 1040 5084 Itareticum.

323 5131 471 5176 tanta
519 5122 792 5191 impietate
835 5123 1001 5192 partis
1029 5122 1129 5177 l'rni
1163 5124 1312 5178 licuit
1343 5145 1356 5180 :
1391 5126 1518 5182 dum
1545 5129 1688 5184 enim
1733 5131 1811 5204 (5)
1856 5134 1924 5188 ad

324 5213 543 5284 fundum
570 5225 806 5284 properat
832 5232 978 5285 quem
1009 5235 1104 5289 pro
1142 5219 1300 5290 impia
1326 5221 1448 5290 fidei
1474 5224 1845 5296 subscriptione
1866 5230 1928 5284 ob

323 5307 628 5375 imperatore
668 5320 920 5364 meruerat
950 5311 1240 5383 impetrare,
1273 5314 1401 5369 dans
1433 5333 1587 5372 novas
1621 5335 1794 5390 poenas
1827 5320 1925 5376 lin-

397 5446 475 5514 (1)
513 5445 864 5522 ΛεΙιρίνΣᾹιοιη.
914 5463 972 5517 n,
1022 5466 1139 5522 pag.
1175 5452 1313 5522 566,
1359 5456 1472 5512 sive
1515 5464 1645 5513 tom.
1694 5477 1753 5518 ιιι
1789 5465 1919 5521 edit.

327 5531 452 5570 nov.
483 5533 597 5584 pag.
633 5518 761 5573 299.

399 5587 480 5659 (2)
528 5586 763 5674 ἐξετέθη.
803 5599 858 5647 et
885 5589 1069 5649 Faust.
1099 5593 1290 5653 Libell.
1333 5613 1478 5669 prec.
1509 5615 1628 5674 pag.
1668 5606 1758 5674 t3,
1788 5607 1917 5666 edit.

323 5655 500 5714 Oxon.
528 5659 686 5716 1678.

401 5727 482 5801 (5)
520 5729 704 5800 Iidem,
741 5733 870 5789 ibid.
904 5750 1023 5809 pag.
1058 5739 1145 5795 17.

2024 3743 2116 3797 tio.
2149 3745 2336 3815 Neque
2366 3766 2528 3821 porro
2566 3765 2668 3824 est,
2698 3773 2794 3814 cur
2831 3765 3080 3821 eamdem
3111 3772 3396 3838 epistolam
3438 3777 3634 3850 ingenti

2021 3839 2310 3901 suspicione
2326 3843 2578 3914 laborare,
2593 3849 2715 3918 jure
2735 3867 2955 3912 censeat
2973 3859 3041 3914 cl.
3063 3861 3495 3925 Montl‘aucouius
3511 3873 3625 3942 (8):

2022 3927 2074 3982 in
2109 3933 2294 4000 primis
2318 3936 2363 3991 si
2390 3941 2751 4012 attendamus,
2779 3949 2949 4018 ipsius
2979 3953 3203 4012 Potamii
3227 3959 3421 4016 librum
3453 3927 3634 4020 contra

2023 4027 2294 4094 per/idiom
2334 4029 2447 4086 Arii
2476 4049 2579 4092 ms.
2611 4048 2827 4098 exstare
2863 4043 2916 4098 in
2957 4045 3285 4108 bibliotheca
3311 4058 3632 4115 monasterii

2021 4119 2194 4174 sancti
2262 4121 2478 4180 Vedasti
2530 4130 2932 4202 Atrebatensis,
2995 4146 3132 4197 teste
3201 4145 3436 4202 Antonio
3493 4149 3633 4206 San-

2022 4209 2154 4265 dero
2189 4212 2291 4285 (9),
2337 4226 2394 4271 ut
2443 4223 2720 4278 annotavit
2754 4225 3169 4300 Schoettgenius
3191 4236 3331 4308 (10).
3362 4239 3630 4301 Caeterum

2023 4301 2212 4360 Latine
2242 4308 2529 4378 scripsisse
2557 4313 2694 4371 hanc
2717 4317 3022 4387 epistolam,
3057 4334 3216 4395 prout
3258 4346 3400 4386 nunc
3430 4342 3628 4404 exstat,

2025 4395 2317 4468 Hispanum
2345 4403 2692 4476 episcopum,
2729 4426 2827 4466 nos
2856 4411 3104 4471 dubitare
3137 4419 3278 4476 haud
3306 4421 3434 4479 sinit
3462 4395 3631 4481 Alba;

2024 4493 2238 4549 nasins:
2272 4495 2539 4567 siquidem
2562 4503 2726 4560 verba
2751 4504 2953 4563 faciens
2975 4523 3195 4568 sanctus
3220 4514 3420 4573 Doctor
3442 4518 3510 4576 de
3525 4523 3632 4578 lor-

2023 4587 2169 4641 mula
2217 4589 2340 4646 lidei
2399 4594 2667 4651 Sirmiana
2714 4599 3043 4672 blasphemiae
3088 4610 3304 4667 nomine
3351 4613 3627 4690 insignita,

2023 4680 2177 4752 cujus
2207 4694 2394 4741 auctor
2413 4687 2576 4746 fuisse
2603 4702 2818 4762 putatur
2845 4697 3139 4768 Potamins,
3168 4714 3226 4759 ut
3252 4707 3413 4764 modo
3437 4715 3627 4770 memi-

2024 4779 2241 4835 nimus:
2281 4801 2300 4834 ›
2347 4783 2411 4838 Ει
2437 4785 2576 4854 lucc,
2610 4789 2800 4860 inquit,
2820 4792 3000 4850 Sirmii
3030 4797 3192 4856 latine
3221 4805 3481 4874 seribunt,
3505 4826 3627 4881 qua:

2033 4891 2051 4924 ε
2097 4888 2274 4944 graece
2332 4879 2584 4934 translata
2636 4895 2757 4938 sunt
2803 4903 2873 4939 τι
2914 4895 2998 4946 καὶ
3047 4895 3308 4970 γράφουσι
3358 4907 3526 4959 ταῦτα
3578 4905 3630 4959 ἐν

2023 4968 2208 5040 Σιρμὶῳ
2259 4975 2514 5041 Ρωμαίστὶ
2557 4977 2677 5046 μὲν,
2735 4968 3087 5051 ἔρμενευθένταν
3123 4968 3176 5042 δέ
3221 4988 3534 5052 Ἐλλωιπίε
3572 5007 3632 5053 ut

1073 5030 1254 5101 Neque
1286 5040 1461 5087 tamen
1494 5034 1739 5091 Potamio
1763 5038 1919 5095 bonis

2076 5030 2119 5040 ..
2181 5030 2189 5038 .
2334 5030 2343 5041 .
2557 5030 2567 5046 ι
2663 5030 2677 5044 1
2739 5030 3079 5051 τΓ--ν---υ-νπ
3123 5030 3173 5042 ν·-
3235 5030 3494 5052 uim-nuru
3522 5037 3532 5048 -
3575 5030 3628 5053 Ill

2028 5068 2312 5127 propterea
2350 5064 2527 5119 minus
2567 5076 2714 5124 recte
2737 5072 3058 5132 existimarit
3102 5094 3273 5138 novus
3314 5087 3628 5145 Archeriani

2232 5193 2606 5286 Ifbwbadnlib.
2634 5216 2809 5286 c_ont_r.
2840 5212 3026 5286 Arian.
3052 5216 3153 5286 μ.

2113 5265 2592 5370 S'S)I‘Atfun.~3illi.
2638 5277 2705 5334 de
2750 5265 3027 5360 Syno—d.“§
3052 5265 3165 5358 dig,
3199 5292 3334 5365 Opp.
3389 5304 3519 5354 tom.
3570 5316 3628 5370 1,

2035 5344 2174 5412 part.
2204 5354 2266 5412 n__
2291 5356 2410 5412 pag.
2447 5343 2572 5401 744.

2128 5408 2184 5500 ξ)
2221 5408 2613 5500 ﬁilarthbsd-e
2631 5419 2834 5500 Synod.
2869 5426 2897 5500 ἕ
2925 5445 2999 5484 XI.

2131 5480 2184 5574 Ζ)
2218 5481 2450 5574 liturae“.
2484 5497 2539 5542 et
2567 5480 2743 5574 Fau'sI.
2774 5498 2810 5552 Ι.
2841 5480 2896 5574 cf
3084 5505 3171 5559 14.

2033 5551 2184 5695 “fit;
2217 5551 2501 5681 :I7ontfauc.
2535 5563 2742 5632 praefat.
2789 5551 3065 5628 additi".
3087 5551 3240 5649 δίῳ.
3272 5579 3472 5639 Athan.
3503 5599 3625 5658 pag.

2101 5693 2776 5792 ςὲὶιέξξνὲίὲοξττ.θίδές..ιὲεὶκο
2801 5727 2908 5792 ωεο
2938 5718 3176 5792 βμετ.-θδο

2103 5765 2222 5838 (l0)
2250 5769 2513 5847 Schoettg.
2548 5777 2685 5836 Bibl.
2712 5765 3237 5850 ﬂat—.wmerdjuli'a'bric.
3277 5806 3317 5852 t.
3344 5813 3414 5868 vt,
3447 5817 3503 5871 p.
3524 5799 3617 5860 25.
