4106 6184
503 266 644 324 1415

1470 258 1822 319 POTAMIUS
1863 257 2236 320 EPISCOPUS
2274 253 2865 321 ULYSSlPONENSlS.

3685 249 3801 306 “16

505 379 730 433 ternitas
767 373 1100 431 llectebatur.
1132 372 1254 428 Mox
1282 387 1413 444 ergo
1447 373 1605 429 Jesus
1639 373 1888 429 Christus
1910 373 1976 428 ad
2017 389 2104 430 se-
2129 377 2182 438 Α
2209 377 2452 433 sionilms
2474 371 2843 428 celebritatem
2873 366 3172 432 advertite;
3205 364 3487 439 qualisque
3530 365 3640 422 illic
3671 365 3812 421 luerit

504 472 746 543 pulcrum
794 468 983 523 Lazari
1011 467 1260 522 accessit.
1294 465 1488 522 Statim
1513 467 1756 538 jussione
1785 467 1904 537 ejus
1930 467 2105 522 revol-

505 575 704 622 vuntur
729 580 894 632 Saxa;
937 564 1288 621 secretarium
1331 566 1560 634 patescit
1596 563 1860 619 horroris.
1893 563 2108 618 Curiosi

505 659 707 716 affatim
758 660 812 714 in
858 674 1077 729 specum
1122 659 1448 729 gementium
1498 659 1814 728 p0pulurum
1855 657 1994 713 oculi
2028 657 2106 730 (1)

505 753 876 809 mittebantur.
916 751 1078 808 Visus
1119 761 1203 808 est
1230 751 1464 807 Lazarus
1497 760 1636 806 tecta
1666 751 1822 814 facie,
1865 751 2112 806 manibus

505 844 842 918 pedibusque
856 844 1179 900 constrictus
1196 861 1208 897 :
1227 854 1283 898 et
1297 843 1364 898 ad
1382 843 1695 898 documenta
1725 843 1983 898 virtutum
2033 842 2109 914 (2)

508 936 629 1020 ipse
659 953 718 992 se
745 946 1006 1002 mortuus,
1035 945 1090 991 et
1129 934 1304 990 adhuc
1333 934 1558 1006 pedibus
1583 934 1818 997 vinctus,
1849 943 1907 990 ut
1930 932 2116 988 Chris-

510 1036 598 1085 tus
622 1030 880 1099 jusserat,
907 1027 1022 1083 suis
1044 1027 1293 1082 manibus
1313 1027 1636 1082 resolvebat.
1664 1026 1818 1094 Qum,
1844 1041 1975 1097 rogo
1999 1038 2113 1091 vos,

511 1122 704 1179 lratres
750 1123 872 1193 (5),
915 1122 1029 1178 illic
1083 1124 1283 1180 voces?
1325 1124 1455 1193 Qua:
1497 1139 1747 1195 pressura
1786 1123 2117 1178 videntium?

511 1215 681 1285 Quam
702 1216 912 1271 curiosa
939 1217 1248 1271 mirantium
1274 1215 1472 1270 lumina
1493 1217 1516 1269 ?
1539 1216 1724 1284 Qualis
1747 1217 1799 1270 in
1817 1214 2119 1270 cervicibus

514 1307 956 1378 prawenientium
999 1307 1289 1362 multitudo
1319 1307 1616 1376 pendebat?
1646 1305 1746 1373 Qui
1779 1306 1971 1362 ﬂetus?
1999 1321 2119 1375 qua:

513 1401 739 1475 gaudia?
766 1401 922 1473 quale
949 1399 1231 1456 murmur?
1257 1415 1417 1472 quam
1453 1415 1649 1455 novum
1675 1408 1730 1454 et
1758 1399 1978 1455 caeleste
2015 1397 2118 1452 mi-

517 1495 796 1551 raculum?
833 1494 975 1549 Mors
997 1495 1252 1558 vincitur,
1292 1495 1454 1549 homo
1493 1491 1752 1557 redditur,
1785 1491 2120 1546 iufernornm

514 1598 722 1646 catenae
751 1586 1086 1657 franguntur,
1116 1595 1169 1642 et
1194 1595 1316 1658 post
1355 1586 1704 1656 quatriduum
1729 1585 1915 1640 Lazari
1947 1586 2122 1656 lingua

517 1687 783 1746 movetur,
817 1692 1006 1733 manus
1029 1677 1206 1733 oflicio
1237 1685 1624 1748 praeparantur,
1651 1678 1790 1732 oculi
1813 1675 1924 1731 suis
1965 1677 2018 1731 in
2041 1692 2126 1731 or-

2213 468 2458 540 martyrii
2489 465 2762 527 nobilitas,
2794 477 2952 534 quam
2981 461 3239 532 prmclara
3258 502 3272 526 ,
3301 474 3464 527 quam
3487 459 3664 514 furtis.
3693 458 3809 514 Cum

2213 565 2264 620 in
2286 564 2483 633 capite,
2500 561 2605 616 hoc
2624 567 2727 626 est,
2745 557 2986 612 collectae
3010 554 3380 611 sensualitatis
3401 553 3659 610 umbilico
3678 568 3810 610 serra

2212 661 2352 717 viam
2373 660 2597 722 faceret,
2617 665 2671 711 et
2688 654 2920 711 stridore
2939 653 3223 724 reciproco
3243 651 3424 707 sulcos
3444 649 3684 706 dentium
3707 650 3811 720 (15)

2214 755 2460 820 duceret,
2487 749 2766 807 labebatur
2799 747 3035 821 (credo)
3062 746 3284 811 lamina,
3313 744 3442 800 dum
3475 743 3665 800 dentes
3699 743 3814 798 inli-

2214 849 2315 918 git,
2337 857 2392 902 et
2418 861 2512 916 per
2533 858 2762 899 messem
2784 840 3175 911 capillamenti.
3204 852 3555 908 crassumque
3581 834 3815 909 tegminis

2217 940 2604 1002 velamentum,
2634 935 2717 991 vel
2744 935 2960 992 callosae
2989 936 3255 1006 glutinum
3285 933 3424 990 cutis
3455 932 3705 988 Hebraeas
3735 945 3818 987 ca-

2220 1036 2344 1105 pitis
2373 1034 2580 1088 litteras
2609 1042 2812 1086 textum
2844 1029 3188 1103 verticis(tb)
3204 1029 3411 1085 mersit.
3441 1028 3563 1083 Mox
3590 1041 3649 1083 se
3674 1037 3730 1082 ut
3751 1025 3816 1082 ad

2217 1126 2396 1182 cubile
2417 1125 2598 1181 cordis
2616 1121 2734 1197 (15)
2752 1121 3186 1181 concinnamenti
3217 1122 3340 1176 nisu
3370 1128 3551 1176 sector
3571 1118 3818 1175 sollicitus

2219 1219 2522 1283 deﬁxisset,
2570 1217 2735 1272 fontis
2774 1215 2974 1271 ﬂuenta
3023 1214 3279 1284 purpurei
3324 1212 3520 1268 laxatis
3573 1227 3814 1267 venarum

2220 1312 2481 1381 lapsibus,
2510 1324 2576 1365 ne
2603 1323 2768 1364 venas
2815 1307 3205 1364 vermiculatim
3229 1303 3559 1376 pollice(l6)
3581 1305 3822 1372 profanus

2227 1404 2554 1474 intenderet,
2584 1415 2811 1457 croceus
2842 1414 2900 1455 se
2921 1398 3122 1454 allatim
3154 1399 3330 1454 imber
3351 1397 3566 1463 inludit,
3599 1406 3654 1451 ut
3691 1405 3823 1452 tecta

2222 1497 2431 1568 gurgite
2455 1494 2734 1566 sanguinis
2757 1509 3012 1550 venarum
3045 1495 3250 1564 pictura
3273 1491 3391 1564 (17)
3421 1505 3526 1546 non
3555 1499 3822 1558 tremeret,

2226 1607 2402 1662 neque
2426 1591 2735 1652 miraretur,
2759 1588 2917 1659 quale
2939 1595 3088 1643 esset
3112 1586 3242 1641 illud
3263 1587 3408 1641 unde
3427 1587 3598 1640 victus
3618 1586 3830 1640 erubes-

2227 1699 2350 1740 cere
2369 1695 2673 1755 cogeretur.
2689 1679 3191 1750 Patueruntquippe
3212 1680 3547 1735 internorum
3570 1679 3832 1734 viscerum

516 1773 677 1830 bibus
703 1780 946 1838 currunt,
971 1772 1193 1843 vestigia
1221 1772 1499 1843 gressibus
1531 1771 2120 1841 explicantur,auribns
2150 1777 2198 1837 Β
2225 1778 2466 1834 castidici
2493 1775 2972 1848 juvenislaqueata
2999 1773 3348 1840 commercia,
3377 1787 3544 1828 sonus
3564 1771 3679 1845 (l8)
3705 1772 3836 1826 buc-

518 1875 811 1923 renovatur
833 1864 1070 1930 auditus,
1102 1865 1247 1920 acies
1274 1865 1520 1935 dirigitur
1542 1865 1593 1918 in
1623 1871 1898 1934 parentes,
1925 1878 2124 1934 cogna-

520 1957 596 2014 tio
624 1956 882 2014 redivivis
912 1956 1188 2012 obtutibus
1237 1957 1318 2027 (4)
1367 1965 1702 2024 numeratur,
1729 1956 1916 2027 frigida
1949 1957 2128 2026 posci-

519 2059 630 2118 tur,
654 2065 761 2107 non
788 2053 1060 2122 respuitur
1084 2051 1258 2122 panis,
1285 2050 1479 2108 domus
1504 2053 1720 2123 petitur,
1747 2051 1946 2108 Christi
1969 2051 2131 2107 mira-

521 2145 641 2201 cula
671 2144 982 2200 referuntur
999 2145 1106 2217 (5).

663 2253 977 2295 τκΑστΔτυε
1005 2254 1062 2294 11.
1103 2255 1171 2294 DE
1202 2255 1467 2297 [ARTYRIO
1487 2255 1641 2296 ISAIE.
1673 2255 1982 2298 ΡΒΟΡΗΕΤᾸΞ.

1093 2330 1362 2397 (Indidem
1382 2347 1432 2398 ρ.
1458 2331 1560 2396 98.)

590 2424 756 2482 Isaias
783 2439 903 2480 cum
933 2423 1205 2480 Christum
1240 2425 1318 2497 (6)
1360 2424 1696 2496 praedicaret,
1728 2424 1816 2480 vel
1842 2438 1962 2479 cum
1995 2422 2134 2478 l‘utu-

522 2534 599 2575 τω
623 2518 987 2573 damnationis
1011 2517 1245 2588 elogium
1277 2518 1564 2572 israelitico
1583 2518 1782 2588 populo
1811 2518 2130 2586 nuntiasset,

522 2609 694 2665 atroci
744 2607 956 2663 feritate
988 2607 1477 2678 blasphemantium
1505 2617 1776 2664 commota
1831 2607 2130 2674 barbaries,

528 2712 735 2759 sectum
763 2719 794 2758 a
824 2702 1000 2774 capite
1025 2701 1235 2757 duabus
1261 2717 1383 2757 eum
1413 2701 1648 2757 violento
1687 2701 1954 2772 supplicio
1983 2702 2134 2771 quasi

524 2795 702 2852 offulis
731 2795 810 2870 (7)
839 2794 1099 2862 bilidavit,
1122 2794 1436 2865 jussitquea
1463 2794 1640 2864 capite
1666 2810 1763 2866 per
1783 2811 1942 2850 aures
1966 2810 2136 2864 usque

523 2889 589 2945 ad
616 2891 861 2959 scapulas
907 2888 1077 2943 secari
1109 2889 1372 2942 cervicem
1415 2904 1428 2940 ε
1473 2887 1624 2958 quasi
1657 2903 1842 2958 parum
1882 2887 2044 2942 fuerit
2087 2885 2134 2943 si

525 2982 855 3039 immanitate
874 2982 1195 3054 lymphatica
1215 2991 1503 3052 martyrem
1521 2982 1612 3036 Dei
1631 2990 1789 3035 acuto
1810 2996 1942 3036 ense
1965 2989 2133 3036 trans-

525 3074 735 3131 foderct
763 3074 868 3146 (8),
891 3085 982 3128 aut
1021 3075 1134 3143 ipsa
1157 3073 1350 3128 lamina
1381 3074 1610 3128 insontis
1635 3073 1733 3128 viri
1769 3088 1862 3142 per
1885 3072 2134 3144 jugerum

2227 1875 2367 1930 cinae
2397 1871 2661 1931 ferientis.
2689 1869 2955 1941 profunda
2984 1868 3241 1923 vivacitas
3262 1876 3317 1922 et
3340 1867 3484 1922 sicca
3506 1866 3704 1937 jejunia
3730 1880 3834 1920 vo-

2227 1969 2511 2034 luptatum.
2534 1964 2638 2022 Sed
2655 1961 2772 2037 (19)
2788 1963 2984 2027 Belias,
3011 1961 3151 2017 (ilius
3171 1961 3440 2027 Ezechiae,
3463 1963 3544 2016 vir
3557 1971 3833 2029 cruentus,

2229 2068 2284 2116 et
2312 2059 2564 2130 prodigus
2591 2055 2939 2129 genealogias,
2958 2053 3372 2110 mathematicus
3392 2054 3834 2119 catabolicorum,

2230 2157 2345 2231 (20)
2371 2156 2736 2218 fatidicorum,
2768 2164 2823 2209 et
2850 2153 2967 2225 (21)
2998 2152 3410 2224 pythonicorum
3433 2152 3680 2210 antistes.
3700 2152 3839 2206 intra

2233 2251 2453 2307 loricam
2485 2250 2626 2306 sacri
2656 2247 2889 2318 pectoris
2919 2245 3041 2303 ﬁdei
3090 2246 3392 2312 comitium,
3437 2245 3838 2317 prmdicatinnis

2237 2346 2470 2418 politica:
2508 2345 2812 2399 litterarum
2843 2343 3046 2397 curiam
3095 2341 3422 2412 requirebat.
3474 2341 3543 2396 Et
3568 2341 3692 2396 licet
3725 2340 3839 2411 jam

2233 2447 2381 2494 esset
2423 2437 2768 2493 membratim
2817 2434 3060 2506 corporis
3091 2433 3259 2490 divisa
3289 2435 3582 2505 posSessio,
3629 2435 3838 2490 interna

2236 2531 2525 2602 proderet,
2576 2530 2754 2586 abdita
2804 2531 3112 2596 revelaret,
3151 2530 3378 2587 obscura
3417 2530 3749 2601 porrigeret,
3785 2536 3842 2585 et

2237 2627 2395 2696 quale
2418 2635 2566 2680 esset
2592 2625 2747 2690 illud,
2769 2625 2915 2682 unde
2935 2626 3107 2683 victus
3137 2626 3460 2682 erubescere
3484 2625 3596 2699 (22)
3619 2641 3844 2696 cogere-

2237 2727 2344 2780 tur.
2370 2729 2428 2774 ut
2455 2728 2770 2789 persecutor
2796 2718 3012 2774 infamis
3041 2720 3313 2774 hominem
3347 2717 3442 2773 Dei
3464 2717 3704 2774 dentibus
3726 2717 3844 2774 dis-

2239 2823 2484 2883 cerperet
2513 2811 2733 2880 alienis;
2760 2815 3020 2883 propheta
3047 2821 3227 2868 tamen
3257 2813 3504 2883 egregius
3535 2821 3588 2868 et
3613 2811 3843 2868 illustris

2240 2907 2382 2962 inter
2404 2907 2743 2975 rcsnpinatos
2765 2917 3027 2971 sectores,
3051 2919 3104 2961 et
3133 2907 3396 2976 pendulos
3423 2905 3621 2961 tamdiu
3645 2906 3843 2961 immo-

2238 2999 2330 3056 bili
2378 2999 2684 3056 inconcussi
2722 2999 2967 3070 corporis
3014 2999 3325 3070 perduravit
3375 3010 3541 3067 statu,
3583 2999 3846 3072 quamdiu

2239 3093 2348 3148 duo
2387 3107 2508 3150 esse
2549 3094 2871 3162 inciperent,
2925 3094 3016 3163 qui
3063 3094 3260 3166 figuras
3295 3095 3536 3166 gentium
3567 3111 3692 3151 cum
3744 3111 3848 3154 suo

525 3167 756 3224 ﬁdicula:
781 3166 1050 3220 szevientis
1076 3181 1171 3234 per
1209 3175 1389 3222 costas
1427 3166 1690 3222 stridente
1727 3167 1836 3221 ictu
1867 3170 2133 3234 sulcaret;
2163 3164 2209 3229 C
2245 3199 2587 3258 persecutore
2614 3188 2933 3246 damnarent
2958 3189 3097 3262 (εδ)⁹

526 3261 628 3317 nisi
660 3263 714 3316 in
757 3275 923 3315 unum
950 3273 1150 3329 corpus
1179 3259 1313 3315 duas
1340 3257 1530 3314 ollulas
1557 3259 1754 3330 gemini
1795 3275 1930 3330 pene
1968 3259 2133 3314 cada-

525 3357 670 3412 veris
699 3355 882 3412 scissa:
907 3356 1086 3412 carnis
1114 3366 1336 3426 ruptura
1365 3354 1704 3410 truculentus
1743 3365 2046 3424 appeteret,
2079 3362 2134 3411 et

525 3449 661 3504 duas
689 3448 759 3505 de
784 3449 1090 3520 aequalitate
1115 3450 1382 3519 juncturte
1410 3449 1561 3519 quasi
1586 3449 1664 3520 (9)
1691 3447 1951 3504 formulas
1977 3465 2134 3506 exse-

525 3551 695 3599 caret.
720 3541 828 3599 Sed
857 3543 910 3597 in
942 3550 1092 3598 tanto
1113 3542 1320 3598 ctelesti
1355 3542 1601 3612 palestrte
1641 3542 1901 3598 miraculo
1932 3544 2129 3612 nullus,

525 3646 585 3693 ut
612 3637 866 3705 arbitror,
891 3636 1197 3708 spectaculo
1227 3634 1340 3708 (10)
1364 3637 1668 3703 resultanti,
1698 3637 1768 3692 ita
1801 3637 1985 3693 videre
2015 3637 2130 3712 (11)

525 3743 648 3784 eum
676 3728 891 3800 poterit,
935 3728 1035 3783 nisi
1074 3737 1224 3800 gesta
1271 3743 1559 3783 numerare
1596 3737 1882 3800 pertentet.
1926 3728 2134 3788 Idcirco

524 3821 901 3896 sollicitis(l2)
915 3822 1118 3878 visibus
1142 3823 1340 3879 veteris
1368 3822 1666 3895 disciplina:
1691 3840 1883 3880 novam
1907 3825 1974 3882 de
2004 3842 2129 3897 pas-

523 3953 646 3995 ron.
687 3952 786 4006 pro
819 3937 928 4011 ejus
952 3937 1230 4010 paternitas
1261 3952 1594 4009 supposuere
1615 3949 1782 4010 pater;
1815 3954 1921 4011 quo
1947 3946 2129 3997 autem

525 4019 880 4068 monumento
894 4009 1226 4079 ignoramus.

595 4082 675 4154 (1)
716 4081 812 4136 Ms.
840 4082 1346 4154 Remainitebantur.

593 4151 675 4224 (2)
717 4153 771 4208 lu
814 4153 942 4226 edit.
994 4153 1306 4226 Venerat:
1335 4151 1457 4226 Ipse
1485 4155 1570 4223 qui
1603 4157 1769 4226 fuerat
1798 4164 2050 4225 mortuus,
2083 4167 2131 4213 et

522 4224 693 4298 adhuc
712 4224 950 4298 manibus
975 4235 1020 4278 et
1049 4224 1506 4298 pedibusvinctus,
1534 4224 1853 4281 ut‘Cltristus
1877 4224 2124 4298 jusserat,

521 4296 882 4368 resolvebatur.
915 4296 1234 4368 Congruuut
1265 4297 1380 4351 ha-c
1414 4298 1631 4366 quidem
1664 4299 1833 4368 magis
1864 4296 2127 4367 historian,

521 4378 583 4423 ut
610 4369 680 4423 ab
709 4366 1069 4436 EvangeliStis
1090 4369 1360 4433 innuitur;
1392 4369 1459 4421 ab
1485 4370 1682 4423 absunt
1705 4385 1734 4422 a
1759 4366 1888 4423 inss.
1922 4380 1977 4423 et
1993 4371 2123 4427 edit.

523 4439 658 4510 Ven.
711 4453 938 4509 quorum
993 4439 1276 4510 lectionem
1345 4439 1683 4510 inserendam
1746 4439 2126 4510 indicavimus.

521 4509 674 4568 Unus
697 4526 797 4565 ms.
827 4510 997 4566 codex
1016 4509 1138 4564 Tnl.
1169 4509 1512 4564 resolvebatur
1534 4511 1745 4566 scribit.

620 4582 672 4652 ὃ)
715 4580 839 4638 Mss.
869 4579 990 4636 Tol.
1010 4591 1064 4635 et
1089 4580 1278 4652 Pomp.
1302 4580 1502 4636 addunt
1521 4583 1855 4640 dilectissimi.

612 4651 670 4725 4)
711 4653 800 4726 Sic
822 4668 952 4709 mss.
975 4652 1130 4708 Rem.
1159 4651 1329 4708 Vatic.
1371 4661 1426 4708 et
1469 4653 1655 4726 Pomp.
1683 4657 1858 4712 Celeri
1882 4657 2041 4714 codd.
2065 4667 2119 4715 et

519 4725 648 4781 editi
681 4725 798 4780 libri
829 4733 1143 4780 muneratur.

591 4797 670 4869 (5)
870 4795 1283 4870 llem.AE_xplicit
1330 4798 1392 4851 de
1431 4795 1628 4870 Lazaro
1671 4798 1909 4870 feliciter.
1967 4799 2116 4858 Idem

519 4867 709 4924 eratin
741 4869 926 4935 Pomp.
949 4867 1046 4923 sed
1071 4867 1303 4922 deletum
1329 4869 1554 4924 subinde
1578 4867 1695 4926 fuit.

593 4937 674 5011 (li)
715 4938 803 5015 Sic
832 4955 961 4994 mss.
996 4941 1148 5015 item.
1187 4939 1304 4994 Vat.
1345 4939 1474 4996 Urb.
1509 4941 1696 5015 Pomp.
1737 4941 1869 4998 Zen.
1899 4953 1954 4999 et
1981 4944 2113 5000 edit.

519 5010 664 5066 Ven.
707 5010 838 5062 alias
867 5013 1180 5078 praediceret.

587 5082 667 5154 (7)
705 5079 1000 5156 Bi_ﬁdarunt
1040 5100 1136 5156 pro
1165 5083 1623 5156 biﬁdavitlegitnr
1651 5087 1705 5142 in
1746 5103 1877 5144 mss.
1924 5089 2112 5146 Urbin.

515 5151 886 5227 [’oinp.__Zen.
927 5163 981 5207 et
1016 5153 1146 5209 edit.
1175 5153 1310 5210 Ven.
1359 5155 1424 5209 ad
1470 5151 1605 5227 quos
1641 5161 1904 5216 accedens
1944 5163 2116 5218 codex

517 5225 673 5282 Rem.
701 5225 1032 5298 bifaederunt.

585 5299 667 5368 (8)
706 5295 803 5352 Ms.
852 5295 1006 5351 Rem.
1044 5307 1131 5350 aut
1169 5299 1224 5352 in
1261 5298 1376 5368 ipsa
1411 5299 1617 5355 laniena
1660 5302 1892 5358 insontis.
1936 5302 2115 5361 Editio

514 5367 654 5424 Ven.
682 5368 914 5438 ﬁdet:qu
943 5383 1040 5438 pro
1080 5367 1323 5436 fidiculae.

585 5439 670 5513 (9)
713 5439 974 5518 Formulte
1017 5440 1138 5518 heic
1183 5441 1458 5510 portiones
1505 5444 1740 5518 aequales
1786 5446 2112 5518 signiﬁcant,

512 5524 609 5584 seu
649 5510 770 5584 quas
798 5512 1060 5584 aequalem
1100 5510 1328 5584 formam
1361 5520 1415 5566 et
1441 5510 1791 5581 quantitatem
1829 5510 2110 5576 haberent.

616 5583 704 5655 10)
744 5583 1096 5655 Sparaverins
1125 5583 1347 5655 corrigit
1371 5585 1651 5641 resistente.

614 5654 718 5732 li)
740 5654 913 5712 cedd.
949 5655 1104 5732 Rem.
1138 5655 1260 5732 Vat.
1291 5654 1422 5713 Urb.
1469 5656 1663 5730 Pomp.
1700 5659 1792 5732 Sp.
1827 5659 1958 5718 Zen.
1991 5676 2111 5720 cum

513 5725 814 5800 edi_t‘._Ve‘n_.
862 5743 916 5800 se
946 5727 1144 5800 poterit,
1171 5728 1260 5798 qui
1288 5738 1446 5800 gesta.

587 5795 703 5866 (12)
750 5795 846 5854 Ms.
871 5795 1054 5869 Pomp.
1089 5797 1142 5855 in
1164 5795 1404 5869 margine
1430 5800 1641 5857 nisibus.

2221 5039 2352 5079 mss.

2221 5738 2465 5796 Abbatize
2490 5738 2547 5795 S.
2584 5739 2789 5796 Ebrulli
2813 5740 2882 5796 ab
2909 5741 2986 5796 Ac

2222 5809 2496 5882 Spicilegii
2526 5810 2832 5869 novissima:
2871 5812 3120 5870 editionis
3152 5829 3273 5886 pag.
3300 5814 3427 5873 299.

2237 3323 2351 3395 (21)
2377 3339 2629 3380 EPISTOLA
2655 3341 2723 3380 an
2751 3337 3094 3381 ATHANASIUI
3112 3341 3179 3381 ita
3208 3341 3416 3382 manus
3441 3324 3778 3399 (IIPBTITUI
3798 3325 3849 3400 ),

2307 3431 2582 3483 POSTQUAI
2621 3433 2672 3472 IN
2696 3432 2939 3473 CONCILIO
2962 3434 3268 3474 ARIIINENSI
3293 3433 3772 3474 ευβεςιιιρδειιωτ.

2750 3528 2777 3564 ;’
2807 3509 3064 3576 (Indidem
3083 3512 3266 3576 p.99.)

2236 3601 2456 3660 Domino
2492 3603 2672 3660 Fratri
2715 3605 3086 3678 gloriosissimo
3132 3623 3192 3660 ac
3239 3605 3531 3662 beatissimo
3559 3607 3854 3664 Athanasio

2744 3700 2982 3768 episcopo
3023 3697 3315 3754 Potamius.

2307 3811 2465 3869 Tanti
2510 3812 2748 3869 carceris
2778 3812 2922 3868 t'ossa
2969 3812 3190 3869 crudam
3221 3814 3462 3871 illuviem
3512 3814 3858 3874 damnabilis

2236 3950 2558 4079 (digitales.
2584 3952 2742 4010 Rem.
2767 3953 3056 4010 duceretur.
3089 3954 3194 4011 Pro
3216 3953 3480 4011 labebatur
3516 3972 3622 4013 ms.
3647 3956 3856 4031 Pomp.

2305 4092 2418 4164 (14)
2462 4097 2557 4150 Ms.
2592 4095 2747 4152 Rem.
2775 4099 2977 4152 morsit.

2304 4166 2419 4239 (t5)
2463 4167 2739 4243 ldem_ms.
2771 4167 2925 4243 Rem.
2958 4185 3078 4243 cum
3103 4170 3226 4225 Vat.
3255 4179 3309 4227 et
3335 4170 3525 4243 Pomp.
3551 4173 3862 4230 concinenti

2232 4238 2372 4293 nisus
2401 4248 2584 4293 sector.
2617 4239 2747 4295 Zen.
2777 4241 3060 4296 concinenti
3086 4243 3223 4297 nisu.

2230 4309 2441 4452 ἴω(ἒέἲῄ
2461 4312 2516 4366 In
2542 4326 2671 4367 mss.
2697 4311 2815 4368 Tol.
2844 4311 3034 4382 Pomp.
3060 4313 3194 4369 Zen.
3220 4313 3342 4370 Vat.
3372 4314 3502 4373 Urb.
3522 4325 3578 4372 et
3599 4315 3696 4386 Sp.
3714 4333 3861 4388 pro-

2307 4401 2322 4436 ι
2448 4423 2460 4437 .

2307 4401 2460 4437 tatus.

2301 4454 2415 4522 (l7)
2456 4453 2582 4510 Mss.
2618 4454 2771 4510 Rem.
2800 4455 2923 4512 Vat.
2956 4455 3033 4528 Sp
3069 4456 3272 4525 «Pomp.
3295 4457 3427 4512 Zen.
3461 4468 3518 4514 et
3539 4459 3670 4514 edit.
3694 4458 3855 4515 Ven.

2145 4557 2200 4618 D
2229 4534 2610 4618 n'ontremelret,
2642 4536 2690 4580 et
2699 4528 2864 4618 ‘quale
2880 4537 3006 4618 esset
3026 4528 3181 4618 ειιιίᾳ,
3201 4529 3336 4583 unde
3358 4530 3521 4585 victus
3541 4531 3860 4586 erubescere

2227 4595 2736 4673 (for_te_er_u_bes_ceret)
2766 4600 3060 4673 miraretur.
3095 4597 3380 4655 Potuerunt
3404 4617 3612 4673 quippe,
3645 4614 3765 4658 etc.

2297 4665 2416 4800 (18;
2458 4667 2552 4722 Ms.
2583 4668 2735 4752 item:
2760 4669 2994 4753 buccina.

2297 4738 2390 4800 (19
2458 4738 2563 4794 Sed
2615 4737 2785 4794 Beltab
2831 4741 2970 4800 ﬁlms

2297 4737 2432 4816 (l9)_
2458 4738 2563 4816 Sed
2589 4737 2785 4816 _8eliab
2829 4741 2970 4816 ﬁlius
3016 4740 3326 4816 Hiezecltiaz,
3370 4743 3422 4816 in
3471 4759 3603 4799 mss.
3636 4743 3858 4816 Pomp.

2225 4808 2357 4864 Zen.
2391 4808 2565 4863 Beliab
2589 4812 2717 4864 item
2747 4808 2837 4866 est
2871 4814 2921 4864 in
2951 4829 3048 4865 ms.
3092 4814 3243 4869 Item.
3273 4823 3328 4870 et
3353 4813 3483 4870 edit.
3519 4817 3650 4872 Ven.
3682 4808 3864 4871 Iere-

2224 4882 2357 4937 cltiaa
2383 4892 2560 4935 autem
2593 4882 2642 4934 in
2675 4881 2912 4938 editione
2946 4883 3168 4940 Veneta.

2297 4952 2413 5077 (202
2459 4951 2839 5007 Phisidicorum
2879 4955 2938 5037 ⁸ἰη
2991 4971 3092 5010 ms.
3135 4957 3293 5012 Rem.
3339 4956 3733 5012 Phiridicorum
3794 4958 3861 5015 in

2297 5040 2352 5077 ts.
2405 5029 2570 5077 ’omn.
2601 5023 2693 5077 So.
2725 5034 2779 5077 et
2809 5025 2937 5077 edit.
2976 5026 3112 5077 Vi-n.

2424 5039 2570 5090 omn.
2601 5023 2693 5093 Sp.
2725 5034 2779 5080 et
2809 5025 2937 5079 edit.
2976 5026 3112 5081 Vi-n.

2292 5095 2406 5163 (21)
2446 5095 2543 5150 Ms.
2575 5095 2727 5151 Rem.
2762 5094 3248 5168 Epltithonicorum.
3301 5098 3445 5156 Edit.
3475 5099 3612 5158 Ven.
3647 5101 3870 5158 Phito—

2221 5168 2473 5221 nieorum.

2295 5237 2410 5311 (22)
2451 5237 2581 5294 Heic
2603 5254 2817 5310 quoque
2845 5255 3036 5296 omnes
3079 5256 3210 5298 mss.
3243 5251 3298 5297 et
3334 5242 3462 5298 edit.
3498 5243 3634 5298 Ven.
3667 5244 3870 5301 mira—

2219 5321 2378 5435 ret‘ur,
2414 5318 2471 5365 ut
2513 5311 2692 5382 paullo
2719 5312 2965 5383 superius
2993 5311 3240 5370 eamdem
3283 5315 3336 5368 in
3376 5316 3700 5372 sententiam
3759 5317 3867 5373 le-

2225 5396 2278 5435 ΕΙ
2308 5398 2389 5434 lll‘.

2225 5396 2389 5452 gitur.

2289 5453 2412 5578 (25)
2455 5453 2616 5509 Addit
2639 5469 2746 5539 ms.
2776 5454 2896 5510 Tol.
2913 5456 3006 5578 lqui
3031 5465 3103 5511 est
3131 5456 3421 5512 benedictus
3444 5457 3497 5511 in
3521 5459 3717 5514 saecula
3746 5477 3874 5516 sc-

2222 5540 2284 5578 cu
2310 5541 2478 5578 orum.
2518 5527 2589 5578 At
2639 5542 2690 5578 tn
2738 5542 2868 5578 mss.
2960 5542 3067 5578 em.
3109 5541 3166 5578 et
3199 5527 3390 5578 Pomn.
3434 5529 3550 5578 limo
3583 5531 3869 5578 clatlsnl:

2310 5527 2690 5600 ονιιηιᾏΑιηίῃ
2738 5542 2868 5600 mss.
2913 5527 3166 5600 [temet
3199 5527 3390 5600 Pomp.
3433 5529 3550 5586 bmc
3583 5531 3871 5588 clausula

2221 5596 2437 5671 legitur.
2453 5594 2692 5671 Explicit
2719 5599 2782 5671 de
2811 5593 2973 5652 Esaia
3006 5599 3240 5671 feliciter.

2294 5667 2410 5741 (24)
2450 5667 2577 5724 Haac
2597 5668 2822 5734 epistola
2850 5684 2971 5724 cum
2987 5667 3201 5796 ﬁrmata
3218 5671 3566 5742 inscriptione
3591 5688 3660 5730 ex
3688 5691 3868 5732 mss.

2294 5739 2465 5796 ibatize
2490 5738 2547 5795 S.
2584 5739 2789 5796 Ebrulli
2813 5740 2882 5796 ab
2909 5741 2986 5796 Ac
3026 5741 3142 5796 crio
3169 5742 3336 5796 edita.
3377 5743 3572 5796 legitur
3603 5753 3752 5796 tom-
3794 5763 3868 5796 m

3026 5742 3142 5816 crio
3169 5742 3357 5816 edita,
3377 5743 3572 5816 legitur
3603 5753 3752 5804 tom.
3791 5763 3873 5807 ιιι
