4106 6184
341 136 478 195 1H7

1469 137 1800 195 EPISTULA
1838 139 1926 193 AD
1952 137 2412 196 ATIIANASIUM.

3489 141 3625 198 “18

329 251 559 308 ol’ticina:
585 251 667 324 (I)
698 259 1091 320 coacervatum,
1117 260 1177 307 ut
1227 258 1372 306 recte
1427 252 1743 315 conscribis,
1771 266 1929 306 exiir-
1960 254 2010 312 Α
2037 251 2281 307 Salvator
2308 251 2375 305 ad
2403 251 2689 321 Apostolos
2718 269 2731 305 :
2764 252 2931 307 Tanto
2969 262 3210 325 tempore,
3246 252 3435 323 inquit,
3464 253 3631 308 vobis-

329 344 476 400 dium
497 352 552 401 et
579 346 836 402 Stercoris
858 355 1083 402 cruento
1109 345 1175 400 de
1203 346 1392 401 faetore
1421 346 1741 400 cadaverum
1785 362 1929 401 mor-

330 443 544 491 tuorum
568 434 670 508 (2),
701 451 822 507 quae
851 436 1022 507 magis
1058 450 1251 491 manus
1282 437 1543 506 potuisset
1565 437 1735 507 igneis
1765 436 1933 491 virtu-

332 528 478 585 tibus
502 531 772 586 extricare
792 529 881 585 vel
908 529 1119 594 radere,
1144 528 1245 585 nisi
1274 530 1363 585 illa
1392 538 1479 585 tua
1504 530 1669 585 castis
1692 530 1759 585 de
1786 529 1923 586 exsi-

332 618 405 675 lio
419 619 611 692 capitis
633 622 874 677 coronati
897 630 1184 690 perennata
1203 621 1375 677 titulis
1404 621 1724 678 excluslsset
1753 621 1931 677 luere-

332 712 408 766 sis
434 720 636 768 sectam
675 713 963 769 anathema
999 713 1353 769 maranatha?
1386 713 1650 779 Arrisisti,
1692 716 1929 784 inquam,

332 803 489 859 nobis
510 804 772 860 catholica
803 805 1109 877 virginitate
1155 804 1443 876 perfectus,
1480 805 1777 877 jugulando
1805 821 1932 878 per-

334 894 492 960 ﬁdos,
519 894 826 953 damnando
859 900 1107 967 periuros
1137 915 1151 950 :
1187 904 1469 968 corruptas
1491 898 1756 953 adulterio
1784 915 1935 955 men-

333 997 415 1044 tes
440 990 735 1062 ambiguas.
762 992 1026 1048 maledicti
1057 993 1265 1062 pecoris
1290 992 1580 1048 libidinoso
1609 994 1933 1049 commercia

332 1095 543 1138 veneno
568 1082 949 1140 damuabiliter
969 1085 1260 1151 sarcinata,
1291 1083 1450 1141 unius
1492 1084 1616 1141 fidei
1659 1085 1934 1156 rumphtea

332 1174 562 1233 feriente
597 1178 790 1233 vicisti.
827 1177 1013 1235 Jaceat
1062 1192 1312 1250 serpens,
1344 1190 1400 1234 et
1448 1187 1594 1235 terra
1620 1195 1738 1250 quae
1784 1179 1934 1235 illum

332 1269 655 1339 susceperit,
688 1271 979 1341 purulento
1025 1286 1235 1327 veneno
1274 1270 1581 1341 nigrescat:
1610 1271 1787 1341 jaceat
1823 1287 1939 1326 ser-

334 1376 467 1433 pens
490 1362 697 1418 caelesti
727 1362 835 1419 ictu
858 1362 1161 1429 damnatus,
1186 1363 1362 1433 jaceat
1384 1378 1608 1433 serpens
1639 1362 1937 1434 sanguineo

337 1452 562 1510 horrore
591 1452 672 1529 (5)
703 1465 984 1511 contactus
1016 1474 1029 1509 :
1054 1458 1235 1523 jaceat
1264 1470 1488 1523 serpens
1514 1455 1648 1509 eliso
1675 1454 1935 1509 luminum

334 1548 482 1615 sinu,
516 1547 721 1604 trisulci
760 1550 870 1603 oris
911 1547 1173 1618 patefacta
1216 1548 1426 1602 sentina
1460 1559 1661 1613 vomat,
1699 1545 1936 1600 deﬂuat:

2035 362 2151 401 cum
2179 362 2311 411 sum,
2340 355 2387 401 et
2410 344 2616 401 Patrem
2646 364 2747 401 non
2774 348 2971 402 nostis?

2109 438 2303 493 Dicunt
2343 438 2504 494 etiam
2546 439 2687 509 quod
2732 440 2783 494 in
2819 440 2967 496 libris
3005 438 3293 495 dominicis
3333 440 3633 495 substantia

2037 545 2328 601 numquam
2359 531 2602 586 videatur
2642 547 2763 588 esse
2789 532 3115 603 cnnscripta.
3144 532 3329 589 Redde
3364 531 3506 603 quod
3543 533 3629 588 in-

2036 621 2336 686 volaveras,
2367 620 2702 678 furacissime
2731 634 2965 679 tentator
2989 639 3003 676 :
3037 639 3161 679 ecce
3184 624 3418 680 vinceris
3441 624 3629 679 confu-

2038 721 2152 769 tare
2166 712 2235 769 de
2250 716 2570 781 substantia;
2584 716 2785 771 etenim
2810 718 2932 772 boni
2950 718 3185 773 clamant
3206 725 3513 773 ssinct'irnm
3536 731 3633 770 an-

2038 805 2369 877 tiqnigreges
2392 808 2771 878 prophetarum
2796 816 2905 863 tota
2934 811 3225 880 pra-conia,
3249 818 3305 862 ut
3326 810 3419 874 ait;
3445 822 3628 862 vocem

2038 897 2356 957 Substantite
2378 916 2407 954 a
2439 899 2746 957 volatilibus
2771 902 2892 958 caeli
2912 904 3163 973 usquead
3191 917 3380 972 pecora
3411 915 3634 973 expave-

2037 998 2186 1054 runt,
2202 1001 2255 1045 et
2277 990 2709 1047 vocilerabantur
2733 991 2973 1066 (ΕιτεξεΙι.⁷
2998 993 3116 1060 XII,
3146 994 3249 1065 ii):
3268 992 3381 1066 Ego
3397 994 3528 1048 dabo
3545 993 3636 1048 Je-

2039 1080 2260 1137 rusalem
2285 1083 2340 1137 in
2379 1085 2892 1155 transmigratianem.
2915 1087 3050 1142 Ecce
3076 1103 3195 1142 cum
3218 1086 3466 1142 Curis-tus
3497 1088 3636 1142 Deus

2040 1177 2299 1232 anteriori
2342 1178 2409 1233 de
2438 1179 2633 1250 p0pulo
2662 1181 2882 1235 minime
2908 1192 3054 1237 esset
3089 1180 3327 1249 auditus,
3355 1181 3638 1236 tabefactis

2041 1271 2525 1338 commanentibus,
2583 1271 2935 1345 Jcrosolymte
2982 1275 3245 1329 columnre
3306 1275 3635 1330 ceciderunt.

2044 1359 2184 1416 Ecce
2206 1361 2388 1425 miser,
2403 1362 2578 1417 adhuc
2602 1361 2722 1419 licet
2745 1380 2850 1419 una
2883 1365 2973 1420 Dei
3002 1367 3266 1421 sententia
3293 1366 3542 1421 sul‘ticere
3568 1367 3636 1420 de

2042 1454 2324 1525 buit,qnod
2352 1458 2611 1526 propheta
2633 1458 3395 1530 sanctusintonuit(Jer.xxtu.
3420 1457 3512 1530 2:!)
3538 1477 3550 1511 :
3580 1459 3642 1514 Si

2043 1548 2299 1600 stetissent
2318 1548 2372 1601 in
2385 1547 2667 1603 substantia
2693 1567 2823 1617 mea,
2853 1559 2898 1604 et
2921 1551 3183 1605 audissent
3202 1568 3457 1605 sermones
3480 1566 3639 1618 meos,

337 1649 650 1709 torqueatur
688 1642 962 1709 culparum
1007 1653 1214 1705 auctor,
1237 1642 1322 1694 cui
1355 1655 1538 1706 parum
1569 1638 1759 1700 fuerat,
1789 1636 1932 1707 quod
1968 1643 2012 1703 Β
2040 1649 2087 1693 et
2117 1639 2406 1695 docuissent
2446 1643 2691 1710 populum
2731 1660 2918 1710 meum,
2964 1646 3255 1699 auertissem
3284 1662 3367 1699 eos
3396 1663 3427 1697 a
3470 1645 3642 1698 multis

334 1734 724 1803 protolilnstnm
778 1734 1081 1788 aeternitate
1132 1733 1454 1802 privavcrat,
1506 1730 1606 1784 t.i~i
1653 1739 1707 1784 ct
1750 1740 1938 1785 contra

337 1825 675 1881 Salvatorem
711 1826 879 1899 hydra
916 1827 1143 1879 virosior
1174 1827 1526 1895 prorupisset.
1557 1824 1820 1893 Separare
1848 1839 1943 1877 vo-

340 1917 440 1973 luit
474 1919 756 1972 Dominum
788 1927 1033 1973 uoatrum
1055 1916 1244 1972 Jesuut
1273 1916 1568 1981 Christum,
1618 1916 1768 1985 quasi
1820 1932 1940 1970 vcr-

337 2009 463 2066 bum
499 2009 701 2065 Christi
733 2018 913 2079 posset
956 2008 1215 2073 incidere,
1248 2008 1560 2063 ειιὺςιειηιίειθ
1592 2008 1750 2062 ﬁbula
1806 2024 1940 2063 con-

336 2113 581 2160 Catenata
609 2103 888 2159 Trinitatis
908 2102 1132 2166 unitate,
1172 2110 1232 2156 ut
1252 2104 1326 2158 ait
1356 2102 1534 2177 (Joan.
1564 2119 1622 2162 Χ.
1654 2104 1759 2176 50)
1830 2105 1943 2175 Ego

339 2204 386 2250 et
420 2195 573 2251 Pater
597 2213 754 2250 unum
770 2213 969 2253 sumus.
999 2200 1060 2253 Et
1090 2197 1269 2272 (Joan.
1293 2213 1402 2264 xiv,
1426 2196 1519 2270 9):
1554 2197 1656 2265 Qui
1684 2214 1764 2250 me
1792 2198 1941 2263 videt,

338 2290 471 2345 uidet
498 2301 545 2346 et
568 2290 795 2345 Patrem.
823 2292 887 2346 Et
907 2292 1099 2362 (lbid.,
1123 2307 1175 2347 ν.
1204 2290 1291 2364 Η)
1314 2310 1327 2345 :
1354 2289 1462 2360 Ego
1482 2293 1538 2345 in
1561 2289 1739 2354 Patre,
1768 2301 1812 2345 et
1843 2290 1946 2344 Pa—

339 2394 414 2439 ter
439 2386 493 2440 in
522 2402 617 2440 me.
652 2384 716 2439 Et
738 2386 930 2458 (Joan.
969 2401 1009 2453 t,
1042 2385 1108 2456 1)
1137 2402 1153 2440 :
1183 2384 1251 2440 In
1275 2386 1527 2456 principio
1565 2394 1674 2441 erat
1704 2384 1943 2452 Verbum,

340 2486 388 2532 et
419 2475 635 2532 Verbum
655 2487 762 2534 erat
781 2478 920 2549 apud
946 2476 1133 2544 Deum,
1160 2489 1207 2533 et
1237 2477 1370 2532 Deus
1393 2490 1500 2532 erat
1533 2475 1946 2532 Verbum.l.anio

342 2568 988 2639 trnculentus,‘parricida
1021 2569 1289 2635 desertor,
1323 2569 1644 2631 milviuis,ut
1670 2583 1814 2630 reor.
1848 2584 1949 2623 un-

340 2663 552 2734 guibus;
582 2662 665 2718 vel
698 2663 947 2717 dentibus
970 2664 1109 2718 male
1135 2663 1301 2729 sanis,
1325 2663 1370 2718 si
1396 2663 1674 2733 potuisset,
1709 2662 1932 2717 tentavit

341 2753 612 2809 scindere.
667 2754 734 2808 Et
774 2765 894 2823 post
934 2758 1050 2810 hare
1077 2755 1203 2825 quid
1234 2770 1538 2825 opposuere
1567 2754 1949 2819 blasphemus?

345 2844 526 2908 (Joan.
551 2863 659 2909 xw,
687 2846 780 2919 28)
814 2848 916 2912 Qui
944 2848 1193 2914 mentisit,
1231 2848 1506 2918 inquiunt,
1546 2848 1714 2917 major
1749 2863 1827 2901 me
1852 2856 1946 2902 est.

344 2936 426 2992 Ex
469 2953 577 3009 quo
605 2938 818 3009 genitus
863 2949 948 2994 est
977 2939 1173 2995 Pater?
1203 2941 1390 3009 utique
1414 2944 1538 3012 quia
1573 2939 1611 2993 F
1616 2940 1740 2994 ilius
1784 2940 1951 2994 conli-

2041 1732 2225 1787 studiis
2246 1747 2442 1786 earum.
2474 1732 2611 1788 Ecce
2643 1734 2729 1788 hic
2758 1735 2880 1789 felix
2911 1733 2979 1789 de
3008 1737 3305 1790 subsmutta
3338 1737 3641 1791 infelicibus

2044 1823 2257 1893 populis
2300 1827 2540 1895 prorupit
2579 1826 2813 1891 auditos,
2845 1834 2903 1880 ut
2940 1835 2994 1881 et
3033 1827 3290 1898 propheta
3320 1843 3386 1882 ex
3415 1842 3645 1897 persona

2044 1913 2176 1969 Adae
2196 1913 2469 1971 Christum
2501 1919 2737 1986 requirat
2762 1919 2814 1972 in
2846 1918 3098 1991 lacrymis
3136 1920 3310 1987 (Psal.
3345 1935 3526 1982 vant,
3557 1919 3637 1992 '5):

2045 2004 2250 2068 Inﬁxae
2291 2024 2427 2072 sum,
2460 2009 2652 2078 inquit,
2686 2010 2739 2062 in
2766 2011 2888 2063 limo
2917 2012 3180 2083 profundi,
3210 2023 3257 2066 et
3279 2029 3379 2067 non
3406 2022 3478 2067 est
3522 2012 3643 2066 sult-

2045 2100 2253 2152 stantia.
2286 2099 2503 2155 Scilicet
2531 2102 2651 2172 quia
2686 2102 2914 2156 necdum
2950 2092 3125 2158 Patris
3169 2104 3467 2165 substantia
3498 2104 3641 2174 apud

2047 2189 2320 2246 Christum
2352 2194 2402 2245 in
2431 2207 2593 2248 carne
2616 2201 2960 2248 convenerat.
2996 2195 3145 2249 Sicut
3167 2204 3223 2249 et
3249 2197 3336 2250 ille
3360 2195 3438 2267 (4)
3470 2197 3647 2251 Evan-

2048 2286 2236 2354 gelista
2281 2285 2431 2358 (an.
2465 2285 2584 2357 xv).
2612 2303 2734 2340 cum
2786 2288 3007 2343 vastatis
3035 2288 3197 2343 rebus
3243 2289 3519 2344 luxuriose
3565 2291 3647 2345 vi-

2049 2377 2224 2431 vendo
2253 2377 2482 2445 perdidit
2507 2394 2724 2432 omnem
2755 2380 3109 2434 substantiam
3141 2394 3311 2445 Sttatlt,
3345 2391 3400 2434 ut
3430 2388 3650 2437 sanctus

2052 2466 2146 2521 Dei
2188 2480 2338 2523 vates
2391 2468 2603 2536 scripsit
2644 2470 2801 2541 (ευρ.
2836 2486 2873 2535 ι,
2905 2471 2960 2541 5)
2992 2489 3005 2525 :
3038 2471 3266 2535 Spiritus
3311 2471 3403 2526 Dei
3440 2471 3654 2545 effugiet

2051 2560 2246 2627 ﬁctum.
2266 2559 2394 2616 lude
2415 2578 2544 2632 ergo
2562 2563 2918 2617 subsmtuiam
2937 2565 3188 2634 perdidit,
3214 2566 3337 2635 quia
3369 2582 3463 2635 per
3493 2567 3651 2621 luxu-

2051 2653 2186 2706 riam
2215 2653 2498 2709 sanctitate
2521 2655 2725 2710 caruit:
2753 2658 2795 2710 si
2851 2657 2943 2710 tibi
2990 2656 3210 2724 sufficit,
3239 2658 3405 2724 dixit;
3454 2661 3650 2729 quibus

2053 2745 2096 2795 si
2116 2743 2225 2813 jam
2252 2744 2498 2814 palpitas,
2526 2746 2680 2816 plena
2704 2752 3023 2803 suntomnia
3050 2766 3062 2802 :
3089 2754 3132 2804 si
3156 2752 3331 2805 adhuc
3359 2753 3646 2821 torqueris,

2054 2837 2305 2900 intendo;
2337 2840 2593 2907 scriptum
2625 2841 2851 2909 legimus
2880 2839 3075 2910 (Eccle.
3114 2858 3169 2908 tt,
3201 2842 3312 2913 8):
3337 2845 3652 2916 Congregaui

2053 2929 2188 2983 enim
2209 2946 2390 2983 aurum
2418 2940 2568 3001 atque
2586 2942 2854 3002 argentum
2876 2941 2925 2985 et
2948 2928 3284 2987 substantiam
3307 2952 3480 3004 regum
3510 2949 3555 2990 et
3581 2953 3654 2991 re-

347 3038 525 3094 ιθιιιιος
558 3031 730 3099 major
749 3046 878 3102 ergo
901 3032 1023 3101 quia
1046 3031 1205 3087 pater
1231 3031 1408 3087 Filio?
1437 3032 1570 3087 οτιιο
1595 3034 1943 3102 ρτωροιιίιυιθ,
1976 3028 2022 3091 C
2052 3021 2282 3090 gionum.
2316 3023 2438 3079 llaec
2467 3033 2549 3078 est
2577 3024 2662 3078 illa
2693 3024 3015 3088 substantia,
3042 3041 3201 3095 quam
3236 3026 3495 3095 propheta
3541 3043 3655 3083 nte-

346 3139 453 3179 non
485 3124 781 3181 substantia
808 3135 1107 3196 separatur.
1138 3125 1276 3193 Quid
1308 3125 1374 3180 ad
1407 3126 1520 3181 hare
1548 3126 1707 3194 dicis,
1739 3126 1950 3181 adulter

347 3215 596 3271 infamis?
648 3217 792 3274 Bene
811 3218 953 3289 quod
980 3228 1029 3274 te
1056 3219 1350 3288 antiquitas
1397 3228 1604 3287 patrum
1650 3218 1703 3273 in
1743 3218 1951 3289 synodo

348 3309 624 3375 sanctiuri,
648 3309 926 3365 voluntate
947 3310 1162 3380 viperea
1187 3312 1407 3380 impune
1426 3309 1720 3365 virositatis
1746 3308 1947 3377 innata,

346 3400 510 3456 caelis
540 3401 703 3456 etiam
752 3411 804 3457 te
855 3400 1174 3456 transﬁxere
1220 3400 1539 3457 missilibus.
1578 3399 1711 3455 Nam
1760 3408 1815 3455 et
1866 3401 1951 3454 hic

346 3491 560 3549 doceris
591 3492 952 3549 calumniandi
987 3493 1202 3563 pedicas
1232 3494 1603 3565 pra-tendisse,
1637 3491 1779 3562 quod
1817 3490 1951 3548 Sal-

347 3597 503 3643 vator
524 3588 598 3641 ait
622 3585 814 3661 (Joan.
844 3603 922 3653 vr,
954 3586 1098 3660 38);:
1129 3585 1252 3641 Non
1281 3587 1393 3641 veni
1417 3603 1570 3658 opera
1606 3602 1719 3641 mea
1750 3589 1949 3657 facere,

347 3680 438 3733 sed
464 3682 576 3751 ejus
594 3680 682 3748 qui
708 3680 846 3733 misit
872 3696 968 3733 me.
994 3679 1130 3748 Quid
1154 3680 1289 3735 dicis
1312 3680 1572 3750 serpens?
1602 3678 1868 3750 Numquid
1897 3677 1951 3733 in

348 3766 452 3825 hac
476 3769 596 3825 luce
623 3772 877 3825 tenebras
915 3769 1149 3825 infundis
1187 3771 1420 3841 simplici
1446 3772 1572 3827 huic
1602 3769 1948 3840 professioni,

254 3885 257 3888 ⁴
349 3877 510 3931 quam
534 3863 977 3934 qurestiuneulam
1013 3865 1233 3935 putant?
1263 3864 1502 3933 Tempus
1529 3866 1581 3919 in
1627 3880 1788 3919 causa
1820 3874 1902 3920 est
1934 3883 1947 3918 :

348 3953 595 4011 Salvator
617 3956 757 4027 apud
783 3955 1052 4022 homines,
1079 3957 1203 4025 quia
1232 3955 1513 4012 hominum
1539 3972 1735 4028 corpus
1763 3957 1953 4013 indue-

350 4056 454 4113 rat,
483 4047 767 4104 videbatur
789 4048 841 4103 in
874 4063 1132 4119 corpore;
1162 4049 1281 4104 ideo
1304 4051 1477 4104 dixit:
1512 4049 1634 4104 Non
1653 4052 1765 4105 veni
1786 4055 1953 4123 facere

351 4155 510 4207 opera
535 4157 645 4194 mea
660 4157 679 4194 :
704 4140 933 4196 hominis
955 4140 1008 4196 in
1033 4157 1091 4196 se
1110 4144 1321 4212 negavit
1343 4140 1546 4197 ofﬁcia?
1567 4140 1775 4197 Clamat
1800 4158 1948 4213 ergo.

353 4239 413 4284 ut
436 4231 587 4287 illum
617 4233 982 4288 ordinatorem
1026 4232 1079 4288 in
1107 4248 1166 4288 se
1196 4234 1468 4303 praedicet,
1494 4250 1653 4304 quem
1684 4236 1734 4289 iu
1763 4249 1824 4290 se
1848 4234 1953 4289 sibi

353 4322 598 4379 meminit
620 4336 897 4380 auctorem
922 4324 1169 4391 Patrem;
1195 4326 1319 4396 quia
1346 4324 1507 4381 Filius
1531 4328 1774 4398 sequitur
1794 4344 1951 4383 voca-

2053 3112 2210 3169 miuit
2236 3115 2423 3172 dicens
2466 3115 2638 3189 (Psal.
2665 3133 2775 3184 ιιι,
2810 3116 2931 3189 12):
2965 3117 3137 3173 Semel
3164 3120 3364 3174 loculus
3391 3130 3465 3175 est
3488 3119 3653 3191 Deus,

2056 3205 2158 3261 duo
2184 3210 2293 3262 ltwc
2333 3210 2523 3263 audivi.
2554 3210 2611 3265 In
2644 3226 2746 3265 una
2776 3212 2974 3281 quippe
3002 3226 3133 3267 voce
3159 3211 3266 3266 duo
3297 3213 3412 3267 lucc
3437 3213 3656 3271 audisse

2055 3316 2116 3354 se
2165 3301 2422 3370 prepheta
2456 3312 2700 3369 testatur,
2750 3313 2807 3357 ut
2861 3303 2936 3357 ait
2967 3303 3129 3357 David
3173 3302 3344 3371 (Psal.
3377 3321 3525 3369 xuv,
3557 3305 3652 3376 2):

2053 3390 2258 3464 Lingua
2297 3411 2408 3449 mea
2434 3393 2665 3450 calamus
2694 3396 2894 3449 scribta.
2926 3393 2993 3450 Ut
3039 3396 3182 3449 enim
3214 3397 3451 3450 calamus
3479 3396 3655 3452 denti-

2054 3487 2295 3542 culorum
2327 3487 2599 3544 subdivisa
2642 3488 2950 3559 mqualttate
2978 3486 3213 3553 ducitur,
3244 3499 3296 3543 et
3330 3489 3494 3544 radiis
3523 3504 3655 3546 cou-

2053 3581 2374 3635 sonantibus
2418 3580 2720 3650 expeditur;
2753 3582 2821 3635 ita
2874 3579 3124 3636 Salvator
3172 3580 3480 3637 indivisibili
3524 3598 3655 3638 eon-

2055 3671 2284 3725 nexione
2309 3686 2431 3725 cttm
2458 3672 2633 3726 Patris
2654 3671 2908 3742 operibus
2934 3672 3189 3728 unitatur.
3214 3671 3366 3740 Quod
3388 3676 3530 3729 enim
3560 3691 3653 3746 pa-

2056 3767 2138 3814 ter
2161 3760 2315 3829 dixit,
2340 3761 2507 3817 Filius
2525 3763 2934 3829 exclamavit;et
2961 3763 3104 3834 quod
3127 3762 3291 3819 Filius
3308 3764 3517 3821 locutus
3546 3775 3650 3833 est,

2054 3849 2216 3906 Pater
2239 3852 2499 3921 implevit.

2125 3942 2339 4012 Merito,
2368 3946 2562 4017 ittquit,
2596 3947 2769 4003 Semel
2794 3949 2994 4004 locutus
3016 3958 3088 4003 est
3108 3947 3270 4015 Deus,
3297 3949 3400 4002 duo
3429 3948 3539 4004 haec
3559 3966 3657 4003 au-

2055 4045 2177 4100 divi.
2209 4046 2335 4100 Duze
2364 4058 2610 4114 personae
2637 4059 2797 4098 unum
2833 4045 3002 4096 tulere
3020 4042 3281 4112 judicium
3299 4081 3314 4108 ,
3342 4044 3473 4097 utin
3495 4044 3656 4100 deca-

2056 4136 2180 4208 logo
2229 4153 2331 4191 una
2374 4135 2638 4190 sententia
2688 4133 2932 4204 duplices
2981 4133 3175 4188 tabula:
3223 4133 3657 4191 conscribuntur.

2053 4228 2405 4285 Obmutescat.
2430 4227 2657 4282 hatresis
2682 4235 2888 4281 :t-teruu
2915 4225 3133 4280 silentio
3166 4225 3550 4295 pratdamuata.
3581 4225 3662 4281 di-

2055 4320 2193 4376 vinis
2219 4320 2411 4376 imibus
2435 4335 2597 4385 cmsn,
2622 4319 2876 4373 barathro
2898 4320 3218 4387 tartarisque
3242 4322 3505 4388 deposuit.
3533 4317 3661 4373 Sola

353 4415 503 4484 bulo,
538 4416 608 4471 ita
635 4418 805 4488 major
835 4431 917 4473 esr
947 4418 1035 4472 ille
1057 4418 1145 4487 qui
1171 4418 1460 4487 prmtetiit;
1485 4420 1577 4474 sed
1608 4433 1657 4471 et
1688 4419 1952 4474 mittentis
1979 4417 2029 4476 D
2056 4430 2268 4478 semper
2305 4430 2425 4468 cum
2469 4413 2665 4467 laureis
2715 4411 2828 4465 suis
2857 4412 3005 4481 virgo
3054 4426 3339 4482 puerpera,
3380 4411 3492 4464 Deo
3531 4425 3658 4477 una,

355 4515 412 4563 et
429 4510 597 4573 missi,
618 4512 741 4579 quia
763 4522 871 4565 tres
899 4526 1060 4565 unum
1082 4511 1299 4574 sunt,de
1323 4509 1614 4565 divinitatis
1632 4511 1836 4565 unitate
1857 4527 1959 4565 una

356 4602 591 4656 substant
608 4605 652 4655 ia
671 4615 751 4657 est
780 4600 982 4674 (Joan.,
1013 4619 1069 4668 x,
1095 4601 1209 4675 50);
1229 4601 1341 4673 Ego
1354 4615 1399 4656 et
1422 4602 1579 4656 Pater
1591 4619 1751 4657 unum
1763 4619 1956 4657 sumus.

359 4690 429 4747 Et
456 4691 637 4765 (Joan.
658 4710 771 4763 xw,
795 4693 850 4765 9)
878 4711 891 4747 :
914 4698 1000 4765 qui
1022 4709 1100 4749 me
1120 4694 1271 4759 videt,
1288 4694 1421 4748 videt
1446 4703 1491 4749 tt
1513 4691 1744 4749 Putrem.
1765 4694 1834 4749 Et
1852 4709 1964 4766 ipse

434 4911 517 4987 (i)
555 4913 612 4969 In
646 4915 946 4971 Acheriaua
992 4914 1233 4987 editione
1262 4915 1537 4984 legebatur
1579 4924 1959 4979 coacervatum;

362 4990 754 5041 correctionem
785 5004 937 5042 novae
965 4986 1218 5042 editionis
1258 4988 1594 5042 retinuinms.

435 5054 515 5130 (2)
556 5056 733 5130 ξτίῃιε
764 5057 981 5114 Acherii
1005 5057 1172 5114 editio
1199 5073 1313 5130 quae
1338 5058 1497 5129 magis
1516 5073 1718 5128 manus,
1750 5058 1949 5115 scribit.

435 5127 518 5200 (3)
555 5126 758 5185 Eadem
790 5133 963 5200 prima
991 5131 1159 5187 editio
1188 5126 1497 5195 contractus.

775 5708 1048 5772 Pn‘ttOL.
1081 5706 1249 5773 Vill.

2070 4505 2223 4560 nobis
2258 4506 2509 4561 Columba
2534 4504 2856 4559 fecunditate
2883 4520 3241 4566 unmerosror.
3267 4519 3435 4573 usque
3465 4503 3529 4556 ad
3560 4519 3665 4558 nu-

2071 4599 2165 4654 bes
2192 4599 2313 4653 ρωΙὶ
2340 4606 2502 4668 caput
2523 4607 2837 4652 coronatum
2867 4598 3095 4652 attollat.
3123 4599 3203 4652 Sit
3233 4596 3512 4652 benedicta
3536 4613 3662 4653 cum

2070 4691 2286 4763 populis
2332 4690 2611 4745 Trinitatis
2658 4692 2861 4745 unitate
2890 4701 3271 4760 cortSegt‘egata
3308 4689 3663 4757 ju:ti~sitnis;

2070 4784 2224 4855 ciijus
2266 4784 2421 4839 laude
2454 4784 2606 4854 plena
2649 4791 2751 4847 est,
2784 4798 2815 4837 a
2859 4797 3002 4838 nunc
3039 4783 3174 4838 etin
3211 4791 3411 4837 a-terna
3448 4796 3664 4852 semper

2063 4877 2261 4933 saecula
2292 4876 2607 4932 sxa-culorum
2635 4874 2903 4931 beatiﬁcet
2930 4874 3091 4930 Pater
3128 4882 3185 4930 et
3212 4873 3381 4931 Filius
3407 4885 3460 4930 et
3487 4874 3661 4945 Spiri-

2066 4976 2155 5026 tus
2175 4975 2415 5025 εθιιειυε.

2142 5129 2222 5203 (4)
2263 5127 2426 5187 Forte
2449 5126 2589 5200 apud
2612 5124 3011 5199 Evangelistam.

2988 5704 3068 5767 b5
