3944 6340
231 409 291 465 17
1293 403 1572 460 ΝΟΤΙΤΙΑ
1602 401 1824 460 lllSTOl

1927 396 2443 489 O-LlTTEBABlA.
2735 435 2740 446 κ
3411 389 3490 444 18·

227 523 385 581 surde
417 522 725 595 conjiciunt
759 524 859 578 viri
884 521 1187 578 doctissimi
1215 542 1226 577 :
1265 523 1407 579 haud
1451 523 1809 579 omittendum
1843 528 1885 586 Α
1915 520 2160 592 longiora
2184 535 2248 574 ex
2280 533 2353 572 ru
2387 515 2539 571 libris
2578 514 2926 570 Stromatum.
2954 511 3064 567 lnc.
3096 511 3309 580 τέρατα
3335 521 3477 578 προ-

231 627 406 672 tameu
440 625 544 682 est,
589 615 815 673 easdem
844 615 912 670 ab
948 615 1148 670 Acacio
1183 624 1237 670 et
1275 614 1633 679 Damasceno,
1685 625 1744 671 ut
1771 632 1800 671 e

1927 613 2173 667 πινώσκει
2200 610 2297 664 καὶ
2324 607 2595 674 ἐκϐάσεις
2645 603 2861 673 καιρῶν
2913 603 3008 657 καὶ
3038 603 3267 672 χρόνων
3303 603 3350 655 ὀ.
3370 597 3479 670 τῆς

233 707 362 763 locis
391 706 671 778 pluribus,
691 720 854 776 supra
886 720 915 759 a
948 720 1034 758 me
1055 703 1364 775 descriptis,
1389 713 1556 774 patet,
1591 703 1804 759 habitas
1907 704 2127 774 σοφίας
2148 701 2440 772 “aeneam
2471 714 2594 770 qua:
2620 697 2674 753 in
2709 696 2871 753 editis
2902 695 3058 750 initio
3080 694 3201 749 libri
3232 711 3246 748 ι
3274 693 3504 748 mutilts

242 798 394 854 fuisse
427 812 526 867 pro
559 806 760 852 octavo
793 794 1121 851 Stromatam
1151 796 1314 851 libro.

375 911 606 982 Operam
633 910 914 966 Clementis
938 910 1088 964 Alex.
1117 909 1270 962 codd.
1301 917 1348 963 et
1379 876 1655 964 editi’nes.

317 1025 512 1082 Plures,
536 1025 699 1081 codd.
725 1025 838 1094 jam
879 1025 1080 1095 passim
1125 1023 1366 1080 laudarit
1394 1021 1697 1079 Fabricius.
1736 1023 1810 1078 De

253 1119 426 1173 codice
467 1117 699 1172 membr.
735 1115 974 1169 Florent.
1021 1115 1216 1168 Medic.
1271 1113 1530 1169 Laurent.
1564 1129 1688 1169 saec.
1720 1131 1770 1168 xu
1793 1158 1806 1179 ,

259 1206 342 1278 qui
397 1206 635 1262 continet
679 1203 985 1270 Stromata,
1027 1205 1184 1274 cujus
1217 1204 1376 1260 Fabr.
1413 1220 1573 1275 supra
1620 1205 1674 1258 in
1716 1205 1744 1276 §
1780 1205 1812 1258 5

265 1300 511 1364 meminit,
550 1299 704 1368 plura
735 1297 956 1367 scripsit
995 1296 1222 1351 Bandin.
1258 1296 1312 1350 in
1355 1295 1478 1352 Cat.
1512 1296 1664 1349 codd.
1717 1294 1809 1350 Gr.

267 1410 302 1457 ι,
330 1408 442 1462 pag.
472 1391 560 1455 l2,
613 1391 706 1461 qui
741 1399 932 1460 praeter
970 1404 1032 1444 ea
1078 1398 1200 1458 post
1228 1388 1536 1444 Fabricium
1570 1389 1755 1459 (supra
1789 1388 1816 1460 §

268 1484 316 1551 5)
339 1484 596 1547 observat,
649 1483 772 1538 cod.
794 1482 1193 1536 Claromontan.
1226 1495 1337 1535 rec.
1365 1496 1395 1534 a
1425 1478 1658 1535 Nourrio
1701 1496 1814 1536 me-

271 1585 537 1642 moratum,
582 1575 754 1628 videri
803 1589 835 1628 e
876 1573 1119 1628 Mediceo
1159 1573 1511 1642 descriptum.
1559 1571 1812 1627 (Iudicem

271 1670 404 1722 illum
435 1667 944 1738 preslantissimum
974 1666 1103 1720 olim
1136 1664 1307 1720 fuisse
1336 1665 1477 1734 apud
1517 1663 1818 1719 Basilianos

272 1757 620 1815 Messanenses
657 1758 1002 1822 monachos,
1054 1757 1278 1826 putabat
1341 1753 1530 1810 Montl‘.
1579 1755 1631 1807 in
1672 1753 1812 1808 Bibl.

276 1850 644 1914 bibliothecar.,
680 1866 719 1916 ι,
748 1866 867 1919 pag.
899 1849 1026 1903 254.
1060 1877 1128 1887 —
1157 1846 1213 1900 In
1253 1846 1441 1901 eodem
1476 1845 1660 1902 codice
1693 1849 1819 1900 sunt
1850 1887 1890 1942 Β

271 1940 510 2011 Excerpta
531 1957 595 1996 ea:
624 1941 774 1995 libris
812 1941 1065 1994 Theodoti
1111 1947 1164 1993 et
1195 1935 1401 1994 Selecta
1425 1937 1811 2008 prophetarum.

278 2035 644 2105 —P¢rdagogi
693 2034 814 2088 libri
859 2050 941 2097 Ill,
980 2032 1328 2103 Κλήμεντος
1353 2033 1518 2101 λόγοι
1566 2031 1817 2085 dicuntur

266 2129 314 2183 in
344 2128 523 2182 codice
555 2143 706 2193 xxiv,
738 2126 874 2196 plut.
901 2141 952 2190 ν,
1002 2141 1126 2178 cum
1171 2122 1316 2178 notis
1358 2123 1546 2176 incerti
1581 2122 1818 2175 auctoris

263 2221 480 2292 margin.
513 2234 675 2290 quem
705 2217 934 2273 Bandin.
957 2259 972 2283 ,
1011 2217 1050 2272 1.
1083 2234 1131 2273 θ.
1169 2234 1209 2284 ι,
1249 2233 1370 2287 pag.
1402 2215 1470 2271 49
1500 2232 1648 2286 scq.,
1691 2215 1820 2270 ube-

260 2314 362 2366 rius
391 2309 671 2364 describit.
718 2307 868 2362 Libri
911 2307 964 2362 in
1010 2307 1130 2362 cod.
1158 2307 1473 2361 dividuntur
1517 2306 1569 2360 in
1621 2307 1817 2376 capita,

256 2411 306 2458 et
342 2401 576 2472 singulis
603 2399 871 2470 capitibus
902 2399 1305 2468 praemittuntur
1334 2406 1672 2468 argumenta.
1699 2397 1820 2451 Illos

253 2494 417 2550 libros
447 2493 729 2561 excipiunt
770 2491 1013 2561 Hymnus
1044 2490 1245 2545 Christi
1271 2491 1576 2556 servatoris,
1605 2490 1664 2546 S.
1700 2490 1820 2544 Cle-

211 2584 221 2594 '
253 2585 446 2641 mentis
486 2594 542 2640 et
585 2582 787 2640 Versus
812 2583 1003 2639 incerti
1040 2584 1094 2637 in
1125 2581 1419 2638 Clementis
1447 2582 1816 2654 Pa’dagogum.

251 2675 343 2732 [llo
393 2677 516 2732 cod.
569 2692 702 2731 usus
746 2684 830 2730 est
874 2690 1092 2746 quoque
1129 2673 1446 2741 Victorius;
1492 2677 1585 2730 sed
1640 2677 1823 2730 omisit

249 2766 452 2823 scholia
473 2765 744 2834 quadam,
766 2765 1079 2821 charactere
1111 2765 1274 2836 ligato
1303 2775 1358 2820 et
1381 2768 1617 2821 currenti
1647 2768 1714 2821 ab
1731 2783 1823 2822 eo-

249 2858 371 2914 dem
410 2859 682 2928 scriptore
720 2857 925 2913 codicis
952 2858 1008 2911 in
1045 2872 1141 2911 ora
1183 2857 1304 2912 libri
1351 2858 1478 2912 hinc
1519 2857 1644 2912 inde
1675 2858 1823 2928 adje-

253 2961 358 3016 cta,
401 2964 640 3020 quorum
682 2949 933 3020 quedam
969 2945 1266 3004 Bandinius
1299 2948 1589 3018 descripsit
1616 2959 1668 3004 et
1707 2964 1825 3019 pro.

255 3042 532 3112 nulgnvit.
566 3039 711 3096 ldem
743 3040 1131 3112 calligraphus,
1162 3041 1238 3094 ait
1261 3039 1516 3105 Bandin.,
1545 3049 1604 3094 ut
1643 3051 1825 3095 osten-

255 3131 405 3186 deret
455 3146 787 3186 consensum
835 3139 1017 3186 textus
1073 3129 1366 3188 Clementis
1415 3147 1538 3186 cum
1590 3132 1823 3202 quadam

266 3208 495 3290 Arethae,
529 3220 919 3294 archiepiscopi
947 3221 1324 3290 Caesariensis,
1367 3224 1826 3294 interpretatione,
1855 3238 1895 3294 ρ

257 3316 535 3383 desumpta
561 3312 741 3368 forsan
764 3330 828 3369 ex
853 3315 969 3384 ejus
989 3312 1184 3369 Catena
1213 3315 1268 3368 in
1293 3316 1636 3386 Apocalypsin
1660 3315 1829 3370 Joan-

262 3408 356 3468 nis,
393 3407 615 3473 longum
648 3405 914 3467 scholium
952 3405 1004 3459 in
1042 3421 1138 3460 ora
1181 3405 1304 3460 libri
1335 3408 1638 3478 descripsit,
1671 3408 1828 3479 cujus

263 3496 469 3548 initium
496 3511 560 3550 ac
587 3496 746 3558 linem
785 3497 953 3552 edidit
977 3495 1204 3550 Bandin.
1239 3526 1308 3536 ——
1339 3497 1395 3551 In
1417 3499 1576 3553 codd.
1611 3516 1705 3554 vni
1727 3542 1741 3564 ,
1771 3517 1826 3555 ιι.

267 3585 349 3638 δι.
381 3587 520 3654 plut.
565 3602 617 3640 ιχ
656 3585 918 3657 (a),\sunt
964 3588 1103 3641 inter
1131 3588 1322 3643 breves
1348 3589 1690 3644 deﬁnitiones
1725 3590 1822 3644 SS.

268 3674 361 3736 PP.
385 3681 451 3731 de
478 3677 863 3739 substantiam
888 3688 1102 3742 natura,
1124 3688 1255 3744 etc.,
1287 3689 1538 3750 excerpta
1565 3697 1630 3734 ex
1659 3681 1822 3735 Clem.

265 3768 410 3823 Alex.
442 3767 707 3823 Sermone
729 3767 796 3823 de
827 3767 1191 3830 Prouidentia.
1222 3769 1439 3840 (Band.,
1467 3770 1508 3832 l,
1528 3787 1646 3841 pag.
1675 3771 1824 3836 402.)

264 3889 327 3898 —
365 3860 501 3915 Cod.
543 3861 697 3915 Alex.
735 3859 905 3915 Clem.
945 3862 1032 3922 cui
1074 3861 1334 3931 Stephan.
1387 3863 1583 3917 multas
1623 3862 1828 3917 adseri-

267 3957 366 4024 psit
395 3965 577 4018 notas,
614 3952 957 4008 Francofurti
988 3953 1052 4015 ad
1088 3953 1266 4019 Moeu,
1303 3965 1563 4009 memorat
1586 3953 1823 4022 Folard.,

267 4048 316 4102 in
351 4045 590 4100 Histoire
623 4045 747 4098 d'un
791 4043 994 4116 Voyage
1024 4045 1300 4111 littéraire,
1324 4048 1421 4115 [ait
1448 4064 1507 4100 en
1539 4048 1694 4112 1755,
1720 4058 1822 4102 etc.

269 4137 425 4209 [lagae
461 4137 618 4192 Cum.
661 4138 819 4204 1755,
852 4139 977 4192 mai.
1011 4136 1104 4201 l2,
1146 4148 1283 4194 teste
1311 4139 1522 4204 Stollio,
1555 4140 1606 4193 in
1641 4141 1824 4196 notitia

269 4231 409 4288 illius
439 4231 569 4286 bibl.
594 4229 793 4301 (Kurze
824 4229 1116 4285 Nachricht
1145 4247 1250 4287 von
1278 4233 1383 4288 den
1410 4232 1658 4292 Buchern
1677 4265 1746 4273 —
1771 4235 1824 4288 in

265 4323 354 4378 der
385 4323 697 4379 Stollischen
726 4323 893 4392 Bibl.)
930 4335 1061 4379 tom.
1086 4323 1130 4389 1,
1161 4339 1213 4393 p.
1245 4324 1464 4381 563“.
1485 4323 1624 4381 Loca
1655 4326 1822 4381 Clem.

265 4424 561 4470 occurrunt
606 4417 660 4469 in
696 4413 907 4468 Catenis
956 4416 1009 4469 in
1049 4414 1318 4478 Psalmos,
1362 4416 1425 4472 in
1445 4414 1640 4471 Jobum
1675 4425 1728 4472 et
1775 4434 1825 4472 tv

267 4505 574 4576 Evangelia,
601 4516 654 4562 et
683 4508 882 4561 citatur
903 4508 1070 4562 Clem.
1095 4549 1100 4552 .
1121 4508 1172 4562 in
1224 4506 1508 4580 Florilegio
1541 4511 1828 4563 sententia-

1907 798 2127 852 desunt.
2163 825 2232 834 —
2254 793 2415 849 Teste
2444 790 2742 847 Montfauc.
2775 789 2830 844 in
2854 788 2995 843 Bibl.
3027 787 3324 842 bibliothee.
3349 803 3478 841 mss.

1912 904 1950 951 ι,
1971 902 2096 958 pag.
2122 886 2207 948 M,
2242 885 2380 940 inter
2409 882 2566 939 codd.
2602 881 2774 936 Vatic.
2807 879 2995 934 Roma:
3031 876 3163 943 Quis
3195 877 3336 932 dives
3365 877 3478 932 sal-

1911 989 2059 1035 vetur
2081 993 2270 1049 opusc.
2302 989 2358 1034 et
2386 976 2490 1030 alia
2523 975 2663 1030 inter
2687 971 2982 1028 Clementis
3009 985 3162 1041 papae
3191 985 3357 1040 opera
3389 986 3481 1023 no-

1913 1071 2224 1126 minantur:
2271 1068 2568 1138 fragmenta
2629 1065 2802 1122 Clem.
2857 1064 3014 1121 Alex.
3060 1063 3115 1117 in
3161 1061 3375 1117 Catenis
3424 1061 3478 1116 in

1915 1165 2184 1227 Exedunt,
2213 1161 2335 1226 Job,
2374 1161 2507 1232 Epp.
2539 1160 2604 1215 ad
2634 1158 2882 1214 Corinth.
2927 1167 2981 1212 et
3019 1155 3218 1221 Galat.,
3269 1155 3322 1210 in
3346 1153 3483 1208 Mat-

1915 1257 2116 1311 tineam
2166 1261 2219 1309 et
2271 1252 2473 1309 Lucam
2522 1259 2650 1307 sunt
2696 1251 2748 1305 in
2797 1249 3047 1319 pluribus
3097 1244 3478 1302 coddeatic.

1915 1346 2046 1402 ibid.
2078 1344 2178 1416 (uti
2204 1345 2258 1398 in
2288 1343 2498 1398 Catenis
2526 1343 2580 1396 in
2613 1340 2769 1396 codd.
2793 1339 2960 1394 Coisl.
2990 1337 3220 1392 Vindob.
3249 1339 3480 1405 August.

1919 1438 2420 1509 Vindel.aliisque).
2447 1467 2516 1476 —
2546 1434 2750 1500 Romae,
2780 1449 2834 1488 ιιι
2868 1433 2996 1488 bibl.
3043 1432 3291 1486 Ottobon.
3327 1429 3482 1483 Stro-

1917 1541 2117 1585 matum
2145 1529 2336 1598 fragm.
2365 1530 2418 1582 in
2447 1544 2484 1582 ιι
2510 1526 2669 1582 θοὰὰ.
2698 1537 2922 1591 reccnt.,
2953 1540 3052 1579 nec
3080 1539 3187 1578 non
3213 1522 3483 1578 Stromata

1917 1625 2020 1691 bis,
2051 1633 2105 1678 et
2140 1623 2418 1692 Pwdagog.
2441 1621 2620 1692 (ibid.,
2647 1635 2766 1689 pag.
2793 1619 2895 1674 185
2921 1628 2975 1673 et
2997 1617 3144 1688 190),
3171 1626 3224 1672 et
3259 1615 3497 1679 ibidem,

1919 1717 1972 1772 in
2004 1715 2144 1770 Bibl.
2179 1714 2400 1769 Patrum
2429 1713 2486 1768 S.
2512 1713 2704 1768 Basilii
2732 1712 2851 1781 (ib.,
2882 1727 3002 1782 pag.
3040 1709 3172 1767 198.
3192 1707 3390 1778 D.).—
3425 1708 3510 1762 ln-

1922 1808 2112 1864 Calliis
2149 1807 2288 1860 inter
2316 1805 2475 1860 codd.
2516 1805 2742 1860 abbatis
2781 1803 2840 1859 S.
2874 1803 3019 1857 Petri
3059 1802 3126 1857 de
3159 1800 3479 1861 Selincurte,

1919 1901 2078 1957 dimc.
2130 1897 2534 1964 Ambianensis,
2573 1896 2878 1951 Admonitio
2925 1896 2995 1948 ad
3027 1904 3199 1964 gentes
3254 1901 3309 1949 et
3364 1891 3486 1946 Pa:-

1914 1996 2144 2064 dagogus
2177 1991 2331 2062 (ibid.
2375 2007 2434 2054 ιι,
2470 2005 2590 2060 pag.
2634 1975 2908 2053 1198).—
2932 1987 2990 2042 S.
3025 1985 3299 2042 Clementis
3338 1981 3484 2050 Vita,

1915 2096 2044 2151 etc.,
2080 2085 2134 2139 in
2163 2083 2284 2140 cod.
2319 2082 2450 2138 bibl.
2485 2081 2766 2136 Mediolan.
2803 2078 2997 2147 (lbid.,
3036 2093 3076 2143 ι,
3107 2093 3161 2149 p.
3188 2076 3350 2146 495.)-

1984 2177 2194 2238 Paris.,
2238 2175 2292 2230 in
2323 2173 2462 2228 Bibl.
2509 2172 2650 2243 publ.
2687 2173 2832 2240 (sec.
2877 2171 3036 2225 catal.
3075 2170 3195 2225 cod.
3227 2177 3358 2222 tom.
3397 2166 3484 2235 ll)

1920 2268 1972 2321 in
2003 2267 2122 2321 cod.
2148 2281 2291 2331 cnu,
2319 2266 2384 2318 A.
2421 2265 2481 2317 C.
2513 2264 2638 2327 9H,
2671 2279 2833 2318 manu
2870 2261 3085 2326 Baanis,
3123 2259 3321 2315 notarii
3347 2258 3486 2312 Are-

1918 2363 2046 2422 that,
2078 2358 2340 2419 Caesarea:
2367 2355 2782 2426 archiepiscopi,
2807 2364 3049 2418 cxarato,
3085 2353 3256 2408 Clem.
3287 2351 3486 2406 adhor-

1919 2452 2147 2507 tatorius
2187 2451 2325 2507 liber
2364 2452 2428 2506 ad
2483 2449 2732 2512 Graecos,
2769 2464 2891 2503 cum
2942 2445 3164 2501 scholiis
3207 2459 3378 2513 marg.
3433 2450 3487 2496 et

1920 2543 2269 2615 Pwdagogus,
2300 2544 2392 2598 sed
2419 2543 2612 2598 desunt
2637 2540 2756 2594 libri
2805 2556 2820 2593 ι
2869 2539 3054 2594 decem
3085 2537 3258 2608 capita
3289 2535 3483 2606 prima,

1918 2644 1971 2689 et
1995 2633 2264 2689 undecimi
2293 2633 2538 2688 initium:
2576 2631 2630 2686 in
2665 2630 2786 2686 cod.
2820 2644 2960 2684 anu
2990 2637 3043 2682 et
3072 2640 3327 2682 nuxxvu
3386 2623 3486 2694 (in

1920 2742 2029 2795 quo
2064 2741 2126 2780 ea
2155 2739 2372 2795 quoque
2401 2724 2616 2789 desunt,
2647 2738 2768 2794 qua:
2805 2722 2858 2776 in
2889 2720 3010 2778 θοὰ.
3036 2735 3238 2786 ccccu,
3269 2716 3492 2774 notavi-

1921 2815 2066 2883 mus)
2097 2815 2378 2885 Pwdagogi
2401 2814 2520 2868 libri
2547 2831 2604 2868 ιιι
2623 2829 2745 2868 cum
2775 2812 2984 2882 Πριηηο
3010 2813 3065 2865 in
3101 2808 3399 2869 Christum.
3432 2817 3512 2866 ει·

1924 2908 2179 2978 anonymi
2210 2905 2468 2962 Versibus
2506 2905 2560 2960 in
2602 2903 2977 2974 Pwdagogum.
3008 2934 3077 2942 —
3102 2900 3161 2957 ln
3197 2902 3320 2958 cod.
3346 2917 3498 2956 con.

1925 2999 2284 3070 fragmentum
2310 3039 2326 3064 ,
2378 2997 2471 3053 ubi
2513 2997 2579 3050 de
2615 3004 2803 3051 sancto
2837 2994 3083 3060 Joanne,
3137 2993 3389 3064 theologo
3431 3000 3487 3048 et

1925 3092 2276 3164 evangelista,
2306 3091 2504 3162 agitur.
2536 3120 2604 3130 ——
2627 3090 2760 3145 Cod.
2792 3089 3000 3155 Paris.,
3031 3087 3157 3144 coll.
3197 3085 3254 3142 S.
3284 3085 3358 3153 1.,
3390 3089 3486 3157 qui

1939 3187 2204 3251 integrum
2259 3178 2578 3232 Stromatum
2635 3192 2772 3245 Optls
2829 3180 3244 3248 complectitur.
3305 3184 3498 3242 varias

1939 3273 2063 3328 lect.
2089 3268 2377 3325 Montl‘auc.
2402 3267 2633 3322 enatavit
2670 3279 2722 3321 et
2761 3270 2825 3322 ad
2860 3268 3129 3326 Potterum
3151 3264 3476 3330 «transmisit.

1998 3368 2054 3424 In
2111 3369 2241 3425 bibl.
2287 3367 2540 3432 Coislin.,
2588 3363 2887 3420 secundum
2956 3358 3148 3417 Montl‘.
3177 3400 3193 3426 ,
3252 3359 3307 3413 in
3357 3359 3482 3413 cod.

1928 3475 2162 3525 Lxxxw,
2206 3474 2272 3512 ex
2313 3457 2453 3511 libro
2513 3456 2644 3520 Quis
2696 3455 2836 3508 a'ives
2887 3453 2955 3506 sit
3005 3452 3215 3517 salvus,
3257 3449 3484 3504 historia

1928 3551 2197 3622 quaedam,
2221 3565 2345 3619 qua:
2388 3557 2471 3603 est
2499 3562 2716 3617 quoque
2741 3562 2827 3615 ap.
2857 3543 3150 3599 Eusebium
3192 3557 3254 3596 ιιι
3287 3539 3357 3596 Η.
3393 3538 3484 3602 Ε.,

1927 3659 2046 3713 cap.
2093 3641 2162 3695 23
2215 3643 2360 3712 (pag.
2415 3638 2561 3708 MO).
2598 3669 2669 3678 --
2715 3636 2859 3693 Loca
2901 3634 3072 3690 Clem.
3105 3641 3402 3690 occurrunt
3432 3632 3485 3686 in

1927 3731 2049 3787 cod.
2089 3745 2199 3786 cxu
2234 3739 2288 3786 et
2311 3745 2467 3795 cxm,
2509 3729 2563 3782 in
2601 3726 3026 3782 Coilcctionibus
3055 3723 3484 3788 sententiarum,

1927 3839 2106 3878 rerum
2151 3823 2436 3877 moralium
2483 3831 2537 3877 et
2581 3820 3122 3890 interpretationum,
3165 3832 3196 3872 e
3237 3815 3486 3887 pluribus

1926 3916 2112 3987 script.
2146 3915 2341 3972 eceles.
2366 3925 2738 3984 excerptarum
2767 3913 2909 3982 (pag.
2935 3909 3212 3975 186,187;
3249 3907 3326 3964 sic
3349 3923 3486 3978 quo-

1926 4024 2031 4078 que
2059 4007 2214 4062 codd.
2247 4008 2451 4077 Augus.
2488 4003 2646 4060 Vind.
2674 4046 2689 4071 ,
2720 4014 2853 4058 teste
2881 4001 3123 4066 Reisero,
3157 4015 3280 4071 pag.
3318 3999 3390 4054 22
3433 4011 3500 4054 et.

1925 4101 1993 4156 39
2015 4101 2237 4168 catal.);
2273 4129 2342 4138 ——
2374 4099 2427 4152 in
2449 4098 2576 4154 cod.
2600 4113 2777 4160 ccux,
2808 4096 2863 4150 in
2881 4093 3152 4148 Anastasii
3176 4093 3488 4162 responsio-

1926 4191 2122 4258 nibus,
2161 4201 2265 4246 etc.
2296 4193 2442 4261 (pag.
2470 4189 2631 4260 305);
2654 4217 2723 4230 —
2753 4188 2807 4242 in
2836 4186 2958 4242 cod.
2994 4200 3240 4245 eccum.
3284 4184 3337 4238 in
3383 4182 3489 4237 Da.-

1925 4287 2161 4344 masceni
2186 4285 2470 4340 Parallelis
2493 4286 2636 4355 (pag.
2663 4282 2824 4353 “590);
2855 4281 2987 4335 —-in
3015 4279 3137 4336 cod.
3161 4294 3486 4341 cetxxxxw,

1926 4383 1979 4437 in
2011 4379 2328 4436 Damasceni
2364 4377 2574 4448 Eclogis
2601 4379 2748 4447 (pag.
2776 4375 2922 4446 M2).

1993 4516 2222 4572 Codices
2270 4531 2420 4586 seqq.
2467 4515 2560 4585 qui
2594 4515 2648 4568 in
2681 4513 2874 4584 Anglia
2923 4522 3297 4578 asservantur,
3353 4519 3408 4565 et
3454 4527 3483 4564 a

267 4617 399 4663 Tum,
433 4601 484 4652 ill
511 4598 752 4654 Violario
783 4615 1024 4670 compos.
1051 4611 1103 4653 et
1133 4617 1162 4654 a
1201 4599 1249 4656 J.
1272 4601 1650 4658 Cantacuzeno
1683 4617 1817 4657 con-
1849 4606 1896 4664 D
1920 4608 2137 4663 Poltero
2180 4615 2305 4661 sunt
2330 4605 2515 4660 collati
2542 4646 2556 4670 ,
2619 4605 2688 4658 ab
2732 4620 2798 4659 eo
2850 4605 3200 4658 nominamur
3235 4604 3288 4656 in
3338 4601 3487 4656 Prw-

267 4700 343 4745 tra
378 4690 675 4745 Palamam.
711 4689 961 4762 (Bandin.
1013 4691 1053 4757 l,
1087 4708 1206 4764 pag.
1255 4693 1343 4759 54,
1387 4694 1476 4758 52,
1531 4693 1652 4756 l6l,
1697 4694 1827 4762 255,

267 4784 364 4837 547
396 4798 451 4838 et
471 4783 620 4854 549.)
656 4814 724 4822 —-
756 4783 1041 4856 Pwdagogi
1083 4794 1190 4841 tres
1222 4785 1344 4840 libri
1383 4787 1436 4840 in
1463 4788 1582 4843 cod.
1625 4787 1827 4846 Veneto

270 4875 326 4930 D.
364 4875 554 4940 Marci,
607 4891 730 4931 cum
772 4877 1116 4954 lemmatibns
1167 4879 1396 4949 singulis
1439 4895 1593 4950 capp.
1656 4884 1830 4951 praeli-

270 4974 368 5036 sis,
399 4985 456 5028 et
489 4972 635 5027 notis
668 4972 941 5028 nonnullis
979 4972 1045 5026 ad
1073 4989 1223 5027 oram
1257 4973 1538 5042 conjectis,
1576 4975 1684 5030 vid.
1717 4974 1831 5029 Vil-

267 5067 462 5130 loison,
508 5066 704 5119 Anecd.
744 5064 913 5120 ϐιαιο.
945 5055 1156 5135 ll,'pag.
1198 5065 1266 5119 98
1298 5076 1351 5120 et
1381 5082 1499 5136 pag.
1529 5066 1653 5122 249.
1679 5099 1743 5107 —
1772 5068 1828 5122 ln

265 5159 388 5214 cod.
422 5157 672 5213 bihliotb.
709 5156 1028 5213 Mutinensis
1052 5159 1506 5227 Προτρεπτικόν,
1536 5159 1830 5230 Παιδαγω-

266 5250 433 5318 τιιόν
458 5259 512 5303 et
528 5248 790 5320 Hymnus,
821 5259 879 5303 ut
903 5251 953 5303 in
979 5249 1157 5316 editis,
1177 5259 1313 5306 teste
1336 5249 1526 5306 Montl'.
1557 5253 1609 5305 in
1641 5251 1825 5306 Diario

268 5339 398 5394 Ital.
417 5381 431 5400 ,
464 5355 587 5410 pag.
623 5341 682 5393 ’51
697 5381 710 5392 .

329 5431 580 5502 Neapoli.
615 5433 666 5485 in
698 5431 822 5486 bibl.
857 5431 1035 5502 Regia,
1059 5433 1177 5488 eod.
1209 5449 1341 5487 cur
1370 5431 1822 5490 continetzClem.

266 5527 420 5578 Alrx.
491 5522 890 5594 l’wdagogtmt;
950 5523 1216 5595 Hymnmn
1285 5527 1351 5582 ad
1431 5527 1706 5582 Christum
1771 5533 1824 5579 et

267 5617 520 5685 anonymi
556 5613 757 5670 Versus
811 5615 863 5668 in
914 5615 1080 5670 Clem.
1131 5615 1510 5688 Pwdugogum;
1567 5626 1820 5687 excerpta

1927 4700 2025 4769 fat.
2066 4697 2289 4751 Oxonii:
2316 4701 2368 4750 In
2398 4696 2518 4751 cod.
2554 4695 2683 4750 bibl.
2717 4696 2838 4750 novi
2885 4696 3131 4766 Collegii,
3177 4694 3486 4749 Cohortatio

1927 4789 1996 4843 ad
2021 4788 2248 4851 ercos,
2285 4801 2391 4841 una
2414 4802 2538 4841 cum
2563 4787 2778 4842 duobus
2809 4786 3092 4858 Pwdagogi
3121 4785 3273 4840 libris
3302 4791 3484 4854 poste-

1927 4881 2165 4937 rioribus
2191 4878 2618 4949 eorumdemque
2646 4879 2921 4934 nonnullis
2954 4876 3298 4949 fragmentis:
3332 4903 3402 4913 —
3429 4874 3481 4928 in

1929 4975 2049 5029 cod.
2083 4972 2282 5028 Bodlei.
2311 4981 2366 5026 et
2405 4971 2534 5036 alio,
2567 4971 2660 5042 qai
2687 4981 2864 5027 exstat
2887 4973 2942 5026 in
2978 4970 3110 5026 bibl.
3164 4968 3328 5038 regis,
3377 4965 3486 5023 Pa:-

1933 5066 2122 5137 dagogi
2157 5080 2218 5120 ιιι
2259 5063 2407 5119 libri.
2435 5095 2504 5104 —
2533 5065 2614 5120 Ad
2657 5064 2954 5120 Clementis
2987 5061 3306 5133 periochas,
3349 5076 3490 5132 quas

1933 5156 2198 5213 Eusebius
2226 5156 2373 5226 operi
2413 5154 2487 5210 De
2513 5172 2741 5226 prwpar.
2786 5171 2966 5224 evang.
3003 5153 3266 5218 inseruit,
3298 5168 3488 5208 emen-

1927 5251 2156 5313 dandas,
2185 5249 2332 5304 utilis
2366 5247 2468 5304 fuit
2497 5248 2619 5304 cod.
2648 5246 2864 5302 Eusebii
2894 5246 2948 5299 in
2980 5245 3228 5300 bihliotb.
3263 5245 3489 5316 Collegii

1927 5341 1974 5396 J.
2031 5339 2303 5410 Baptistae.
2347 5371 2420 5381 —
2462 5339 2660 5395 Praeter
2701 5356 2793 5403 ea,
2867 5337 3166 5394 secundum
3220 5338 3382 5393 catal.
3433 5338 3490 5393 in

1929 5431 2087 5487 codd.
2123 5433 2278 5503 Angl.
2315 5445 2370 5488 et
2405 5432 2650 5497 llibern.,
2679 5439 2808 5497 etc.,
2850 5431 2904 5484 in
2935 5429 3057 5486 cod.
3089 5428 3312 5485 Barocc.
3346 5426 3487 5483 Bibl.

1931 5523 2132 5579 Bodlei.
2175 5540 2261 5579 nr.
2287 5541 2347 5592 ν,
2376 5534 2504 5581 sunt
2544 5540 2609 5580 ex
2647 5523 2820 5578 Clem.
2851 5524 3006 5578 Alex.
3037 5522 3270 5592 aliisque
3303 5534 3489 5574 cxcer-

1928 5615 2029 5685 ιιιώ
2060 5619 2512 5683 εθιιιθιιιὶιθ,θιθ.;
2558 5647 2625 5654 —
2654 5615 2706 5669 in
2739 5616 2897 5670 codd.
2932 5615 3084 5670 Bodl.
3111 5628 3402 5670 uccxxxxu
3437 5621 3491 5666 et

307 5787 546 5862 “(animo
570 5789 786 5862 Scholia,
814 5801 924 5862 quae
951 5801 1010 5862 ex
1036 5789 1207 5862 codice
1240 5789 1462 5862 Parisino
1502 5790 1752 5862 erulgarit
1771 5790 2074 5862 Reinholdus
2096 5793 2237 5846 Klotz
2257 5795 2309 5844 in
2334 5807 2418 5845 sua
2443 5792 2663 5844 editione
2704 5794 2921 5857 Operam
2955 5793 3223 5847 Clementis
3271 5793 3488 5858 (Lipsia.

276 5848 497 5912 1830—38,
523 5850 704 5915 iri-12),
728 5848 923 5900 exstant
951 5856 1078 5901 tomo
1101 5851 1342 5902 linostran
1367 5848 1690 5938 recensionis.
1715 5853 1844 5904 Eutr.
1867 5851 2015 5903 Pan.
