3944 6340
440 385 506 441 t9
1627 379 1944 438 CLEMENS
1980 368 2537 432 ALEXANDBINUS.
3598 356 3669 413 eo

436 527 658 578 μησεν,
703 511 1000 568 Clementis
1047 510 1389 580 aliorumque
1429 476 1623 581 glosste
1659 509 1728 584 ad
1761 523 1835 562 vn
1856 509 1994 576 Epp.
2026 508 2072 564 A
2099 500 2210 555 line
2238 498 2379 553 inter
2407 494 2601 550 Frane.
2642 491 2789 546 Reus
2819 489 2980 544 Mella
3024 486 3261 541 Patrum.
3295 482 3469 539 Lond.
3500 478 3666 546 1650,

433 620 632 659 canon.
677 615 730 660 et
756 605 893 675 Epp.
944 604 1241 660 catholicas
1281 603 1413 658 min.
1461 600 1527 657 N.
1576 601 1638 657 Τ.
1664 632 1735 643 -
1766 603 1825 657 ln
1864 600 1995 655 bibl.

430 694 683 752 Jacobma
724 714 809 752 nr.
861 711 1350 752 nuuuuuuuonxxv
1402 699 1570 766 (tom.
1607 693 1653 748 ll
1701 694 1891 757 catal.,
1942 709 1994 763 p.

429 789 581 859 276)‘,
602 790 768 845 Clem.
794 788 1143 861 Ptedagogus.
1164 819 1226 828 -
1238 778 1457 845 Dnblini
1472 789 1525 843 in
1539 788 1660 845 cod.
1678 803 1973 844 ccecxxvm

427 880 655 952 Collegii
699 880 758 940 S.
797 881 993 936 Trinit.
1040 891 1295 952 excerpta
1326 898 1390 937 ex
1424 881 1594 938 Clem.
1646 881 1995 952 Protreptico,

427 986 456 1022 a
492 968 651 1026 Gent.
687 971 920 1045 Herveto
946 986 1121 1040 verso,
1154 980 1209 1028 et
1232 988 1300 1028 ex
1327 972 1647 1046 Ptedagogo.

503 1058 840 1119 Vindobona:
879 1064 934 1119 in
976 1064 1110 1120 bibl.
1162 1065 1366 1122 Caesar.
1412 1068 1468 1120 in
1523 1066 1643 1121 cod.
1676 1082 1900 1132 xxxxtx,
1939 1082 1991 1119 n.

422 1154 476 1218 5,
515 1161 569 1208 et
598 1154 721 1209 cod.
752 1170 803 1223 ι,
826 1163 911 1210 est
948 1154 1087 1227 frag.
1124 1173 1190 1212 ex
1215 1157 1388 1213 Clem.
1425 1160 1700 1217 oratione:
1728 1157 1857 1224 Quis
1889 1159 1997 1212 sal-

424 1252 571 1296 retur
592 1244 774 1299 diues?
802 1244 1105 1316 (Lambec.,
1131 1246 1421 1303 Comment.
1454 1264 1536 1306 tu.
1569 1263 1691 1317 pag.
1730 1246 1853 1311 190,
1877 1262 2013 1316 seq.,

423 1345 478 1390 et
528 1338 690 1411 195.)
736 1370 804 1378 -
839 1339 1046 1395 Monaci
1094 1341 1147 1395 in
1200 1341 1329 1395 bibl.
1365 1339 1557 1393 Bavar.
1584 1379 1599 1401 ,
1649 1338 1772 1397 cod.
1817 1337 1991 1393 cltart.

419 1446 596 1499 eux,
637 1443 777 1487 orat.
832 1435 1206 1490 exhortatoria
1242 1435 1309 1488 ad
1346 1433 1563 1489 Graecos
1618 1430 1800 1501 (catal.
1832 1431 1989 1485 codd.

420 1538 543 1593 pag.
569 1522 681 1593 66).
717 1524 1062 1595 ~Augusta:
1101 1524 1314 1581 Vindel.
1351 1522 1682 1579 Stromatum
1727 1522 1995 1593 epitomes

420 1612 716 1683 fragment.
764 1613 818 1668 in
854 1615 976 1671 eod.
1015 1631 1081 1671 ex
1120 1632 1231 1686 quo
1264 1617 1511 1686 quaedam
1545 1613 1794 1670 restituta
1822 1612 1994 1670 fuisse

420 1704 474 1757 in
503 1704 588 1758 ed.
623 1702 889 1761 Commel.
934 1707 1249 1763 observavit
1307 1707 1571 1764 llmscbel
1620 1725 1707 1779 ap.
1752 1709 1988 1773 Reiser.,

419 1812 541 1868 pag.
575 1797 644 1851 27
687 1807 818 1863 cat.,
869 1809 923 1855 et
961 1800 1216 1873 Sylburg.
1249 1803 1302 1855 in
1347 1802 1453 1857 line
1492 1817 1714 1857 suarum
1766 1812 1878 1857 not.
1920 1805 1989 1859 ad

2100 592 2154 659 8,
2186 608 2238 662 p.
2274 586 2526 644 119-292.
2565 584 2731 639 “ARL.

2171 684 2379 740 Recusa
2410 682 2524 734 ltme
2556 677 2720 733 editio
2752 673 2949 729 additis
2976 670 3266 727 Frontonis
3289 667 3473 724 Dauni
3497 667 3664 734 notis,

2100 774 2272 829 Paris.
2307 760 2465 835 1,620,
2489 768 2584 823 fol.
2604 811 2617 833 ,
2646 777 2701 824 et
2731 766 2912 821 minus
2942 762 3224 819 emendate
3251 759 3411 826 1641,
3441 758 3578 815 ibid.
3613 767 3669 813 et

2100 864 2339 919 Colonia:
2368 862 2503 932 bivc
2531 858 2854 927 Witeberga:
2878 853 3104 925 potius),
3137 850 3296 917 1688,
3326 850 3421 905 fol.

2170 957 2501 1013 Clementem
2535 952 2686 1005 Alex.
2717 945 3225 1005 emendatissimum
3263 951 3319 999 et
3352 952 3571 998 auctum
3608 956 3668 998 se

2100 1050 2319 1112 habere,
2365 1056 2419 1101 et
2461 1046 2514 1100 in
2559 1042 2706 1098 notis
2730 1040 2796 1096 ad
2842 1039 3019 1109 ipsum
3049 1034 3383 1092 Clementem
3411 1033 3668 1088 emcnda-

2100 1143 2277 1197 tiones
2322 1136 2525 1192 Heinsii
2562 1134 2852 1204 diligenter
2871 1129 3313 1185 examinaturum
3344 1141 3406 1182 se
3425 1126 3556 1180 olim
3587 1134 3669 1179 te-

2098 1239 2274 1285 status
2328 1238 2410 1284 est
2447 1225 2497 1280 J.
2548 1225 2745 1280 Croius
2788 1237 2907 1292 cap.
2952 1219 3019 1275 21
3081 1217 3375 1274 Obseruatt.
3420 1217 3477 1270 in
3525 1214 3662 1270 Non.

2100 1319 2239 1374 Test.
2265 1360 2278 1383 ,
2316 1332 2439 1389 pag.
2464 1315 2586 1370 172.
2620 1314 2725 1370 Sed
2751 1314 2845 1367 illa
2871 1309 3165 1367 Clementis
3186 1308 3353 1365 editio
3383 1322 3663 1377 nunquam

2099 1410 2313 1481 prodiit.

2166 1501 2221 1555 In
2259 1502 2584 1555 bibliotheca
2633 1499 2894 1555 Jesuitica
2940 1498 3086 1567 leges
3132 1495 3462 1550 Clementem
3505 1492 3663 1546 Alex.

2095 1592 2235 1646 nmis
2257 1591 2583 1645 illustratum
2603 1605 2634 1645 a
2653 1587 2857 1643 laeobo
2885 1586 3147 1652 Deshans,
3171 1582 3226 1639 S.
3253 1582 3329 1650 .l.;
3353 1597 3541 1638 verum
3564 1595 3668 1637 nec

2094 1684 2199 1739 illa:
2238 1692 2381 1738 nota:
2406 1682 2562 1738 editae
2592 1691 2737 1737 sunt.
2853 1712 2865 1722 ι

2162 1797 2377 1853 Plenior
2410 1797 2649 1864 caeteris,
2680 1796 2879 1853 cultior
2911 1803 2966 1849 et
3006 1810 3072 1850 ex
3108 1793 3263 1850 codd.
3301 1791 3663 1856 emendatior,

416 1889 681 1946 Clement.
710 1892 867 1947 Alex.
888 1934 903 1960 ,
932 1892 1024 1948 ubi
1050 1910 1269 1980 quoque
1299 1903 1567 1950 memorat
1604 1894 1763 1949 codd.
1793 1894 1989 1962 Palat,
2024 1880 2067 1936 Β
2093 1890 2182 1945 ed.
2225 1905 2349 1945 cum
2401 1887 2852 1980 norisJSy‘nhurgii
2873 1929 2886 1951 ,
2937 1884 3143 1980 Heipsii
3170 1926 3185 1950 ,
3229 1883 3402 1939 With.
3446 1882 3661 1980 Lowtbi

417 1980 472 2033 in
499 1997 732 2051 quorum
762 2001 870 2039 uno
901 1993 1106 2040 recent.
1137 1984 1239 2040 fuit
1279 1984 1627 2057 Pwdagogus,
1663 1987 1715 2041 in
1752 1987 1874 2042 aliis
1901 2002 1997 2043 ex-

414 2080 627 2139 cerpta;
664 2082 826 2143 atque
851 2075 972 2129 cod.
1012 2074 1153 2128 Guil.
1179 2073 1459 2146 Xylandri.
1493 2077 1659 2131 HABL.

486 2162 674 2220 Graece
705 2167 907 2236 scripta
950 2167 1247 2222 Clementis
1272 2208 1287 2234 ,
1330 2167 1594 2225 hactenus
1646 2182 1945 2228 memorata
1975 2215 1991 2241 ,

414 2254 737 2323 prodierunt
759 2274 789 2312 e
815 2259 945 2313 bibl.
981 2258 1240 2325 Medieea,
1277 2261 1479 2319 collato
1503 2261 1571 2317 ad
1599 2261 1992 2334 Protrepticum

404 2358 461 2404 et
504 2345 867 2422 PteJagogum
906 2351 1067 2405 etiam
1126 2350 1342 2406 Rodulli
1387 2351 1509 2419 Pii,
1555 2355 1815 2413 antiStitis
1859 2356 1992 2413 Car-

406 2442 622 2514 pensis,
669 2442 892 2511 codice,
946 2453 1259 2501 recensente
1294 2444 1456 2501 Petro
1510 2445 1790 2514 Victoria,
1832 2450 1991 2520 cujus

404 2534 655 2606 praefatio
701 2536 769 2591 ad
810 2536 1124 2592 Marcellum
1173 2539 1491 2606 Cerviuum,
1539 2541 1876 2598 eardinalem
1926 2542 1984 2600 S.

404 2627 600 2684 Crueis
633 2628 841 2699 (postea
876 2645 973 2700 per
1014 2645 1128 2684 χχιι
1176 2630 1296 2686 dies
1323 2632 1631 2702 pontificem
1664 2632 1807 2688 Max.
1842 2634 1987 2689 Mar-

405 2719 605 2773 cellum
654 2718 742 2789 ll),
789 2720 1117 2791 praetigitur,
1164 2719 1455 2776 Florentia:
1489 2722 1672 2790 1550,
1719 2721 1815 2783 fol.
1859 2722 1984 2779 Haec

405 2810 576 2865 editio
604 2826 767 2866 manu
795 2810 1018 2881 Josepbi
1054 2810 1318 2883 Scaligeri
1342 2813 1549 2883 passim
1587 2823 1773 2870 notata
1803 2814 1906 2871 fuit
1930 2816 1983 2870 in

404 2904 733 2960 bibliotheca
757 2904 976 2961 Graevii.
1019 2904 1238 2961 FABRIC.
1269 2907 1583 2978 Exemplar,
1625 2908 1680 2962 in
1714 2908 1987 2964 membra-

403 2997 494 3053 nis
546 2997 896 3068 impressum,
936 3007 1113 3053 exstat
1158 2998 1424 3065 Florent.,
1479 3001 1533 3055 in
1578 3000 1710 3056 bibl.
1760 2999 1985 3071 Maglia-

402 3088 586 3155 beeh.,
620 3089 730 3143 vid.
764 3087 997 3144 Bandini
1046 3100 1153 3145 cat.
1185 3082 1342 3147 cedd.
1395 3090 1491 3148 Gr.
1539 3091 1733 3148 Medic.
1776 3108 1815 3160 ι,
1855 3108 1979 3165 pag.

406 3180 509 3253 12,
533 3190 588 3236 et
622 3181 677 3237 in
725 3180 877 3251 praef.
912 3182 1191 3252 praemissa
1222 3182 1353 3238 edit.
1387 3181 1756 3253 Epistolarum
1781 3182 1993 3240 claror.’

406 3251 671 3325 Italorum
704 3280 755 3325 et
784 3251 1031 3326 German.
1055 3312 1068 3335 ,
1103 3281 1208 3327 etc.
1231 3312 1246 3334 ,
1279 3251 1547 3338 Floreat"
1581 3272 1741 3338 1759,
1776 3282 1909 3327 tom.
1943 3273 1983 3333 l,

404 3378 459 3432 p.
487 3379 619 3430 xui,
662 3373 825 3435 atque
846 3364 1179 3436 Hamberger
1208 3364 1267 3420 Z.
1300 3363 1364 3419 Ν.
1403 3381 1464 3431 tt,
1510 3381 1563 3435 p.
1603 3363 1729 3419 189.
1766 3363 1824 3418 In
1852 3364 1980 3419 bibl.

403 3451 656 3511 Leidensi
683 3467 765 3511 est
793 3456 1090 3526 exemplar,
1119 3457 1207 3512 cui
1238 3455 1501 3512 nonnulla
1531 3455 1783 3526 ascripsit
1816 3454 1978 3512 Hadr.

402 3543 622 3600 Junius.
654 3544 852 3615 (Catal.
888 3545 1056 3613 bibl.,
1096 3561 1150 3616 p.
1193 3546 1307 3615 55.)
1341 3544 1509 3601 ΒΑΜ..

474 3637 552 3691 Ex
586 3639 907 3694 recensione
943 3648 998 3694 et
1038 3653 1163 3694 cum
1194 3639 1645 3710 castigationibus
1675 3639 1823 3697 Frid.
1861 3640 1981 3713 Syl-

400 3730 602 3801 burgii.
650 3729 1018 3803 Heidelberg?
1045 3747 1133 3802 ap.
1173 3730 1496 3787 Commelin.
1532 3733 1689 3800 1592,
1722 3732 1817 3788 fol.

474 3819 670 3878 Latine
703 3820 1066 3891 Protrepticus
1105 3832 1159 3878 et
1197 3816 1523 3893 Pwdag’ogus
1546 3822 1815 3878 Gentiano
1844 3823 1978 3880 Her-

399 3922 547 3979 veto,
596 3922 651 3969 et
685 3914 807 3969 libri
846 3930 943 3969 vnt
989 3913 1315 3970 Stromatum
1349 3913 1579 3987 Cyriaco
1612 3914 1834 3970 Strozza
1859 3917 1973 3988 (25)

399 4006 730 4077 interprete,
782 4007 1023 4063 Florent.
1070 4006 1229 4075 1551,
1271 4007 1389 4074 fol.,
1433 4010 1576 4080 apud
1619 4008 1970 4066 Laurentium

402 4097 815 4159 Torrentinum.

472 4193 855 4265 Protrepticus,
904 4195 1234 4268 Ptedagogus
1268 4204 1322 4252 ct
1362 4194 1635 4253 Stromata
1677 4195 1790 4268 (26)
1830 4194 1971 4251 Gen—

400 4292 552 4345 tiano
585 4288 819 4345 Hcrveto
847 4332 861 4357 ,
909 4292 1204 4346 Aureliano
1259 4299 1314 4347 et
1361 4289 1617 4346 Ecclesia:
1683 4289 1968 4346 Remensis

399 4394 590 4455 postea
634 4385 920 4450 canonico,
966 4386 1275 4455 interprete,
1307 4400 1431 4440 cum
1462 4384 1584 4455 ejus
1611 4384 1833 4440 scholiis
1859 4383 1966 4438 Ba—

399 4480 485 4535 sil.
536 4479 710 4547 1556,
741 4479 833 4536 fol.
856 4521 871 4545 ,
905 4496 993 4550 ap.
1029 4478 1262 4535 Froben.
1305 4488 1359 4535 et
1396 4478 1563 4543 1566,
1610 4478 1743 4543 fol.,
1788 4475 1960 4532 Paris.

2094 1980 2438 2049 aliorumque
2487 1976 2602 2033 VV.
2665 1977 2771 2031 DD.
2824 1987 2907 2033 est
2957 1992 2988 2033 a
3025 1975 3246 2032 Pottero
3295 1985 3520 2031 curata:
3564 1974 3662 2045 qui

2097 2071 2486 2143 Protrepticum
2520 2072 2586 2127 de
2617 2072 2828 2143 integro
2864 2070 3042 2135 vertit,
3085 2070 3140 2124 in
3186 2069 3396 2124 caeteris
3425 2068 3663 2138 castiga-

2094 2164 2189 2229 vit,
2235 2166 2298 2219 ad
2335 2162 2519 2219 Graeca
2575 2162 3078 2233 interpretationem
3132 2158 3384 2227 Herveti,
3445 2158 3661 2228 aliaque

2091 2257 2289 2326 adjecit
2322 2257 2493 2311 utilia.
2525 2253 2622 2311 ESt
2644 2263 2824 2309 autem
2852 2253 3109 2324 inscripta
3134 2271 3147 2307 ε

2120 2438 2129 2441 _
2159 2368 2553 2441 Κλήμεντος-
2570 2365 2852 2427 Clementis
2873 2366 3027 2422 Alex.
3055 2365 3224 2436 Opera
3248 2382 3365 2438 qua:
3407 2375 3620 2421 exstant
3637 2407 3654 2433 ,

2090 2461 2357 2531 recognita
2388 2469 2438 2514 et
2465 2458 2739 2515 illustrata
2763 2475 2855 2529 per
2895 2458 2951 2514 1.
3005 2459 3300 2523 Potterum,
3339 2459 3655 2529 episcopum

2088 2552 2475 2607 Oxonieusem.
2505 2549 2725 2619 Oxonii,
2749 2569 2779 2607 e
2808 2552 3015 2613 theatro
3039 2550 3297 2610 Sbeldon.
3323 2560 3523 2620 sumpt.
3552 2548 3651 2605 Ge.
3708 2593 3717 2601 .

2086 2644 2350 2700 Mortloek
2376 2686 2393 2711 ,
2432 2644 2657 2716 bibliop.
2705 2642 3037 2700 Londinens.
3096 2641 3234 2698 1715
3259 2684 3273 2709 ,
3322 2641 3419 2696 fol.
3460 2642 3655 2696 Addita

2087 2746 2215 2791 sunt
2267 2735 2665 2806 supplementa,
2704 2749 2734 2789 a
2776 2732 2927 2789 Fello
2955 2731 3242 2803 lttigioque
3266 2729 3433 2797 edita,
3459 2741 3514 2785 et
3544 2728 3653 2784 fra-

2084 2835 2301 2898 gmenta
2324 2841 2355 2880 a
2384 2825 2585 2881 Grabio
2601 2825 2849 2881 collecta.
2868 2823 3128 2895 Adjectus
3153 2834 3235 2880 est
3259 2822 3472 2881 Herveti
3498 2820 3655 2877 Com-

2085 2928 2244 2974 ment.
2297 2920 2351 2974 in
2388 2920 2519 2991 Ορρ.
2565 2919 2873 2974 Clementis.
2917 2916 2980 2975 V.
3023 2918 3158 2973 Acta
3193 2917 3343 2973 erud.
3378 2932 3430 2971 a.
3470 2914 3650 2981 1717,

2083 3026 2204 3080 pag.
2235 3008 2324 3074 97,
2358 3027 2477 3081 sqq.
2513 3040 2582 3050 —
2608 3009 2820 3066 Recusa
2847 3018 2933 3065 est
2967 3009 3059 3063 illa
3083 3008 3249 3065 editio
3283 3007 3543 3073 Venetiis,
3582 3022 3650 3062 ex

2083 3109 2295 3176 typogr.
2353 3100 2480 3155 Ant.
2526 3101 2890 3171 Zatta,1757,
2927 3100 2970 3155 ll
2995 3102 3125 3157 voll.
3161 3102 3214 3156 in
3248 3100 3341 3156 fol.
3371 3115 3495 3156 cum
3535 3097 3651 3154 fra-

2090 3191 2325 3260 gmentis
2356 3192 2513 3248 novis
2563 3207 2629 3248 ex
2660 3191 2935 3259 Fabricio,
2977 3207 3041 3247 ac
3099 3190 3216 3245 Vita
3263 3189 3555 3246 Clementis
3583 3204 3651 3242 ex

2092 3282 2325 3339 totnolll
2370 3284 2595 3339 Adriani
2649 3284 2840 3341 Baillet
2861 3285 3145 3354 desumpta
3187 3293 3242 3339 et
3290 3282 3479 3338 Latine
3528 3282 3651 3336 red-

2087 3376 2218 3432 dita.
2252 3374 2532 3432 Fabricius
2571 3387 2748 3432 autem
2790 3379 3114 3447 fragmenta,
3144 3391 3266 3447 qua:
3307 3376 3360 3429 in
3401 3373 3649 3444 exemplo

2085 3467 2284 3523 Potteri
2315 3469 2510 3546 partim
2549 3469 2895 3524 solummodo
2940 3467 3127 3524 Graece
3170 3476 3406 3534 exstant,
3449 3469 3647 3537 partim

2084 3564 2137 3618 in
2168 3580 2234 3617 eo
2264 3564 2662 3627 desiderantur,
2694 3578 2761 3617 ex
2803 3563 2961 3618 codd.
3010 3577 3145 3617 mss.
3177 3571 3272 3617 aut
3310 3561 3465 3616 libris
3487 3560 3648 3615 editis

2082 3656 2391 3727 collegerat,
2416 3664 2471 3710 et
2491 3655 2582 3713 Gr.
2614 3670 2680 3709 ac
2700 3653 2822 3709 Lat.
2852 3654 3155 3725 publicarat
3185 3654 3251 3708 ad
3274 3654 3476 3709 calcem
3511 3664 3643 3708 tom.

2081 3748 2122 3801 ll
2174 3746 2319 3818 Opp.
2360 3746 2627 3821 Hippolyti
2675 3748 2743 3801 ab
2786 3747 2906 3816 ipso
2947 3745 3033 3802 ed.
3080 3761 3201 3815 pag.
3248 3745 3351 3811 66,
3403 3761 3524 3816 sqq.
3576 3775 3647 3784 —

2080 3840 2293 3911 Fragm.
2320 3851 2684 3911 suntqnoque
2714 3840 2767 3894 in
2800 3840 3067 3895 Gallandii
3091 3838 3232 3894 Bibl.
3265 3849 3386 3893 vett.
3420 3837 3645 3893 Patrum

2078 3932 2140 3995 ll,
2176 3949 2296 4001 pag.
2334 3933 2455 3987 155.
2485 3931 2652 3989 UARL.

2146 4025 2222 4078 De
2263 4025 2480 4094 scriptis
2518 4023 2815 4082 Clementis
2842 4025 3198 4082 Alexandrini
3231 4024 3644 4097 diligentissime

2073 4117 2181 4186 egit
2204 4115 2456 4172 Nir-olaus
2486 4114 2758 4174 Nourrius
2794 4119 2935 4175 libro
2968 4121 3128 4175 tertio
3164 4120 3375 4191 integro
3403 4119 3646 4189 Appara-

2073 4220 2154 4276 tus
2176 4210 2245 4263 ad
2272 4208 2649 4263 Bibliotheram
2672 4209 2931 4279 Patrum;
2962 4229 3085 4267 nam
3110 4224 3163 4269 et
3184 4212 3431 4282 analysin
3456 4212 3642 4284 singu-

2071 4300 2245 4355 lorum
2288 4308 2411 4371 post
2454 4300 2821 4361 Abraltamum
2862 4301 3185 4369 Seultetum,
3215 4302 3500 4374 ﬁliamque
3533 4303 3642 4357 Du-

2068 4392 2275 4462 pinium
2298 4392 2447 4447 dedit
2478 4392 2800 4463 pleniorem,
2833 4405 2887 4449 et
2911 4396 2978 4449 de
3004 4396 3250 4450 doctrina
3281 4395 3451 4464 ipsius
3474 4404 3642 4465 atque

2068 4483 2136 4538 ad
2181 4483 2330 4538 varia
2371 4484 2671 4541 Clementis
2706 4485 2820 4541 loca
2862 4486 3271 4542 observationes
3304 4502 3501 4556 magno
3539 4503 3644 4540 ηυ-

400 4569 560 4636 1566,
612 4571 673 4638 8,
719 4571 856 4625 1572
889 4580 943 4625 et
970 4569 1128 4635 1590.
1158 4570 1292 4635 fol...
1325 4580 1378 4625 et
1416 4568 1651 4639 denique
1681 4567 1736 4622 in
1769 4566 1971 4621 Biblio-

2096 4591 2254 4642 nero,
2292 4585 2345 4631 et
2396 4575 2934 4648 Cltronograpbicam
2985 4578 3228 4633 tabulam
3283 4578 3493 4632 addidit
3532 4594 3640 4648 qna

397 4666 549 4720 theca
586 4664 811 4720 Patrum
852 4663 1194 4735 Lugdunensi
1234 4674 1367 4721 tom.
1397 4664 1496 4729 lll,
1542 4679 1594 4717 a.
1643 4660 1801 4725 1677,
1832 4660 1962 4722 fol..

396 4777 459 4814 ex
513 4758 648 4814 Dan.
693 4757 901 4813 lli-insii
943 4760 1337 4829 recognitione,
1386 4769 1442 4813 et
1488 4755 1712 4812 scholiis
1752 4752 1966 4807 llcrveti

396 4855 634 4910 emissis.

469 4944 655 5003 Graece
677 4956 730 5001 et
778 4944 967 5003 Latine
1012 4960 1138 5000 cum
1178 4943 1393 4999 Herveti
1427 4942 1675 4998 versione
1704 4958 1799 5012 per
1829 4941 1963 4999 Dan.

400 5040 684 5096 Heinsiutn
738 5040 1048 5107 recensita,
1099 5041 1351 5108 notisque
1404 5047 1459 5093 et
1516 5038 1966 5107 castigationibus

396 5133 548 5190 Frid.
576 5134 850 5207 Sylburgii
869 5146 924 5189 et.
947 5133 1186 5189 Danielis
1208 5131 1438 5197 Heinsii,
1465 5130 1636 5202 Lugd.
1662 5128 1780 5185 Bal.
1808 5128 1965 5191 1616,

396 5225 492 5281 fol.
541 5224 681 5281 llaec.
709 5227 877 5281 editio
921 5241 1047 5281 cum
1089 5223 1336 5294 pluribus
1384 5224 1528 5278 notis
1569 5237 1703 5278 mss.
1750 5220 1967 5275 Davidis

398 5318 661 5372 ‘3londelli
709 5318 810 5371 fuit
850 5319 903 5372 in
941 5317 1272 5372 bibliotheca
1304 5314 1574 5371 Samuelis
1613 5313 1828 5369 Grutcri
1877 5327 1967 5366 ec-

404 5407 659 5463 :lesiastaa
691 5405 1081 5462 Harlcmensis.
1822 5424 1835 5433 ·

466 5502 637 5556 Clem.
671 5501 824 5557 Alex.
854 5502 1183 5567 Admonitio,
1228 5500 1538 5571 Pwdagog.,
1571 5500 1826 5555 Stroutat.
1871 5498 1969 5553 La—

469 5656 581 5727 {25)
622 5654 873 5727 Papirius
929 5653 1218 5727 Massonus
1267 5654 1503 5727 Strozaw
1563 5655 1683 5709 Vita
1746 5664 1876 5727 tom.
1924 5654 1964 5707 Il

397 5724 662 5797 Elogior.,
781 5725 925 5780 229:
959 5724 1234 5780 Stromata
1258 5727 1380 5780 item
1412 5725 1694 5780 Clementis
1727 5726 1961 5779 Alexan-

397 5797 559 5848 drini.
579 5798 681 5848 ado
705 5813 879 5848 escens
917 5813 1031 5848 cum
1059 5809 1212 5848 esset.
1254 5798 1452 5848 mimus
1481 5798 1712 5848 omnium
1752 5796 1959 5848 Latini-

395 5797 564 5920 tirinié
579 5796 879 5874 adolescens
917 5813 1031 5851 cum
1059 5809 1212 5862 esset,
1253 5798 1452 5866 primus
1481 5798 1712 5853 omnium
1752 5796 1959 5852 Latini-

400 5879 505 5925 tate
569 5878 759 5923 onartt.

2071 4668 2368 4724 Clementis
2392 4670 2706 4741 supputatio
2734 4686 2857 4727 cum
2890 4670 3194 4729 Eusebiana
3216 4682 3269 4727 et
3299 4670 3639 4743 Syncelliana

2071 4758 2372 4825 confertur,
2405 4771 2458 4815 et
2499 4760 2567 4816 de
2612 4762 2950 4828 auctoribus,
2980 4778 3119 4832 quos
3150 4762 3332 4817 laudat
3361 4762 3634 4821 Clemens.

2071 4852 2350 4922 r0piosius
2371 4840 2647 4910 disseruit.
2690 4853 2865 4910 Paris.
2908 4854 3196 4923 1705,101.
3230 4872 3283 4927 p.
3338 4856 3634 4911 622-1362.
3726 4894 3731 4903 ι

2074 4944 2206 5000 Vide
2238 4945 2400 5001 etiam
2432 4962 2553 5016 qua:
2582 4947 2649 5001 de
2677 4946 2972 5002 Clementis
3007 4948 3253 5005 doctrina
3287 4950 3495 5003 notavit
3524 4950 3637 5003 ltti-

2070 5043 2190 5110 gius
2215 5043 2269 5096 in
2301 5043 2515 5098 selectis
2548 5042 2686 5096 Ilist.
2722 5043 2901 5097 eccles.
2932 5044 3219 5112 capitibus,
3248 5055 3379 5100 seet.
3415 5043 3475 5110 ll,
3507 5060 3633 5114 pag.

2067 5132 2193 5196 230,
2222 5148 2303 5201 sq.
2338 5131 2501 5185 ann.
2548 5131 2636 5195 Iis,
2682 5149 2803 5202 quae
2832 5150 2956 5188 eum
2989 5135 3188 5203 passim
3217 5135 3284 5194 ad
3316 5135 3417 5189 ltoe
3449 5145 3633 5204 caput,

2070 5231 2182 5277 tum
2218 5225 2271 5279 in
2294 5224 2494 5279 Introd.
2526 5227 2578 5279 in
2618 5227 2759 5280 Hist.
2791 5225 2910 5278 Lat.
2936 5226 3031 5279 Gr.
3067 5225 3128 5291 ll,
3154 5226 3207 5292 2,
3240 5242 3360 5298 pag.
3388 5227 3514 5292 209,
3550 5228 3635 5283 in-

2069 5316 2242 5370 dieavi
2267 5319 2488 5386 scripta,
2515 5318 2638 5372 addi
2671 5330 2922 5388 possunt:

2144 5410 2180 5463 Ι.
2211 5410 2275 5466 G.
2309 5409 2541 5466 Walcltii
2574 5399 2879 5464 Exercitat.
2901 5409 2965 5464 de
2993 5408 3268 5466 Clemente
3301 5411 3454 5469 Alex.
3485 5411 3633 5482 εξιιοο

2069 5521 2174 5572 que
2222 5505 2521 5569 erroribus,
2557 5502 2877 5569 lenm1757,
2908 5503 2962 5568 4,
2993 5520 3101 5561 rec.
3150 5505 3202 5559 in
3241 5502 3480 5573 ejusdem
3519 5503 3631 5559 lli~

2140 5662 2253 5731 (26)
2294 5659 2633 5731 lnCentiani
2672 5658 2924 5713 versione
2950 5666 3005 5731 et
3024 5640 3437 5731 commentariis
3457 5658 3629 5731 plura

2068 5728 2414 5809 reprehendit
2437 5729 2921 5809 Noueriusaque‘tn
2950 5730 3069 5782 vide
3104 5729 3374 5809 .A‘pparanu‘t
3397 5729 3466 5783 ad
3487 5728 3626 5783 Bibl.

2068 5797 2313 5869 Patrum,
2347 5817 2464 5871 pag.
2495 5800 2598 5855 902
2617 5816 2694 5870 sq.
2725 5797 2799 5871 [et
2834 5799 3079 5854 l‘ottcrus
3102 5799 3155 5853 in
3186 5797 3388 5872 prtrf.].
