3944 6340
231 365 292 420 21
1300 362 1580 421 ΝΟΤΙΊἸΑ
1618 362 1787 418 HlS'l‘t

1899 360 2451 416 CO-LITTERARIA.
3401 363 3472 416 9'2

231 483 533 538 διεπίεσα.
563 498 686 554 pag.
722 485 846 552 5l0,
873 485 964 540 lib.
1005 500 1089 539 ut.-
1114 483 1517 549 —J.‘.Fabric-.,
1567 484 1792 541 in'Hist.
1828 493 1873 549 Α
1901 485 2155 538 observat;
2205 483 2312 537 vol.
2345 481 2433 546 ιν,
2463 490 2594 536 tom.
2631 479 2670 547 l,
2712 497 2832 550 pag.
2860 482 2947 548 7‘2,
2974 489 3174 552 sqq.,ct
3209 479 3272 534 li.
3313 484 3464 534 voss.

232 574 466 629 biblioth.
500 574 861 644 Fabricianw,
890 577 928 642 l,
956 592 1076 648 pag.
1109 577 1174 631 78
1194 592 1281 648 sq.

296 663 577 721 Fabricius
608 665 661 719 in
698 665 913 720 Delectu
942 678 1373 736 argumentorum
1405 708 1419 723 .
1451 708 1463 722 .
1499 708 1512 722 .
1547 684 1641 737 pro
1668 667 1802 721 veri-

235 768 334 811 tate
357 757 507 826 retig.
525 756 723 812 Christ.
745 773 863 828 pag.
885 757 974 824 58,
993 774 1135 829 sqq.,
1156 760 1246 815 ubi
1271 760 1338 815 de
1353 758 1627 816 Clemente
1651 759 1797 813 Alex.

235 850 355 918 agit,
387 850 632 918 quaedam
664 850 833 914 addit,
867 867 987 918 quae
1021 851 1109 906 hic
1143 861 1418 921 repetam:

305 959 322 990 ι
340 939 619 997 Adversus
637 941 1162 1010 Guil.Whistonum‘,
1181 944 1276 1013 qui
1291 943 1583 999 Clementis
1602 945 1799 1014 scripta

237 1041 479 1102 tanquam
503 1034 767 1103 juvenilia
803 1038 1121 1100 contemnit,
1157 1039 1199 1090 Ι.
1233 1035 1361 1092 Ern.
1392 1037 1625 1094 Grabius
1655 1039 1708 1093 in
1736 1041 1802 1092 li-

238 1124 366 1178 bello
411 1125 702 1194 posthumo
748 1127 902 1182 Some
936 1130 1196 1183 instances
1233 1129 1295 1198 of
1341 1130 1422 1182 the
1467 1131 1660 1200 defects
1694 1133 1798 1184 and

240 1218 499 1271 omissions
526 1219 582 1270 in
607 1217 706 1274 Mr.
744 1219 1014 1274 Whistons
1046 1220 1320 1274 collection
1371 1222 1433 1290 of
1452 1223 1797 1286 testimonies,

242 1307 619 1366 Londin.l7l2.
637 1308 669 1362 8
686 1308 819 1377 (27),
840 1325 960 1382 pag.
985 1313 1070 1373 11,
1086 1313 1323 1367 ostendit
1344 1328 1408 1369 ex
1434 1313 1526 1367 lib.
1555 1330 1568 1367 ι
1596 1313 1792 1368 Stront.

242 1414 350 1470 pag.
378 1398 502 1463 276,
529 1400 642 1470 jam
673 1402 895 1470 χρόνου
913 1401 1109 1470 μῆκος
1163 1403 1560 1468 intercessisse,
1592 1421 1658 1459 ex
1689 1422 1796 1476 quo

243 1494 516 1564 magistros
545 1509 676 1549 suos
705 1495 982 1550 audiverat
1009 1496 1279 1561 Clemens,
1313 1514 1451 1568 quos
1488 1515 1540 1569 p.
1575 1499 1681 1553 274
1713 1509 1794 1554 tc-

242 1595 418 1652 statur,
440 1597 626 1642 sancte
659 1603 906 1642 servasse
935 1587 1086 1642 beata
1108 1589 1378 1658 dogmata,
1408 1607 1531 1662 qua:
1553 1607 1583 1646 a
1611 1590 1792 1658 Petro,

244 1674 450 1739 Jacobo,
482 1675 692 1732 Joanne
715 1685 770 1732 et
799 1677 966 1731 Paulo
990 1689 1336 1750 acceperunt.

1905 592 1992 629 seu
2034 576 2371 644 conjectanea
2412 573 2652 644 quaedam
2691 574 2744 624 in
2773 572 2936 628 Clem.
2962 573 3111 626 Alex.
3145 571 3469 626 Stronmtuin
3511 609 3518 615 ε

1911 667 2106 722 librum
2132 683 2168 730 ι,
2204 666 2334 721 ibid.
2368 682 2487 736 pag.
2526 666 2628 720 105
2654 680 2773 734 sqq.
2809 663 2978 720 Hanc.

1975 758 2114 813 Tho.
2148 757 2403 812 Holzclau
2441 757 2580 812 Diss.
2606 757 2668 811 de
2721 757 2981 812 Clemente
3026 769 3076 812 et
3122 761 3237 828 ejus
3281 759 3474 812 morali

1903 853 2165 915 doctrina,
2196 850 2432 906 Wirceb.
2463 852 2619 914 1779,
2644 852 2695 906 8.
2723 852 2857 906 Add.
2891 849 3288 915 Rosenmitller,
3325 851 3468 907 Ilist.

1904 942 2134 1011 lnterpr.
2182 941 2292 995 LL.
2320 940 2400 1006 8.,
2435 954 2569 998 tom.
2622 943 2660 1008 l,
2696 959 2746 1013 p.
2787 943 2911 998 209.
2942 943 3162 1013 Fliiggc,
3192 943 3374 998 Gesch.
3413 946 3471 1001 ὀ.

1904 1036 2059 1089 theol.
2097 1034 2256 1088 Wiss.
2289 1046 2418 1090 tom.
2452 1036 2492 1099 l,
2523 1052 2573 1106 p.
2604 1037 2701 1090 177
2737 1053 2844 1106 sq.,
2873 1035 2976 1090 545
2995 1051 3090 1105 sq.

1986 1170 2416 1239 Suppleinentum
2457 1172 2684 1241 Operam
2718 1172 2994 1228 Clementis
3029 1173 3394 1228 Alexandrini.

1971 1309 2085 1365 Hoc
2111 1324 2235 1364 cum
2279 1310 2593 1380 praefatione
2634 1312 2845 1366 erudita
2876 1322 2928 1366 et
2961 1311 3222 1367 fascicqu
3255 1313 3470 1369 Misceb-

1900 1404 2173 1459 laneantm
2217 1405 2282 1459 ad
2314 1403 2449 1460 Hist.
2485 1405 2909 1460 ecclesiasticam
2963 1408 3320 1475 spectantium
3370 1407 3472 1461 ob-

1898 1497 2266 1551 servationum
2291 1497 2490 1551 editum
2523 1496 2720 1566 Lipsiae
2749 1497 2906 1558 1700,
2935 1498 2987 1563 8,
3015 1499 3083 1552 ab
3113 1499 3304 1552 eodem
3330 1515 3471 1568 prae-

1897 1590 2046 1643 claro
2069 1589 2292 1644 doctore
2311 1606 2450 1653 meo,
2470 1591 2675 1644 Tlioma
2705 1589 2901 1661 litigio,
2925 1593 3299 1661 cmnplectitur
3316 1592 3430 1664 (‘28)
3453 1612 3466 1648 :

1968 1683 2018 1737 1ε.
2073 1682 2296 1737 Librum
2350 1681 2496 1752 pium
2545 1692 2597 1736 et
2644 1683 2880 1738 lectione
2924 1685 2975 1737 in
3009 1685 3194 1754 primis
3217 1686 3468 1756 dignum,

307 1787 324 1819 ι
347 1766 507 1824 Notas
537 1769 592 1822 in
609 1769 942 1825 Clementem
963 1770 1182 1825 affectas
1211 1787 1269 1827 se
1299 1772 1787 1829 habuissetestatus

1899 1775 1988 1844 qui
2021 1774 2363 1829 inscribitur:
2389 1774 2480 1834 Τίς
2511 1776 2538 1826 ὁ
2573 1775 2875 1845 σωζόμενος
2908 1775 3188 1842 πλούσιος;
3226 1775 3357 1843 Quis
3385 1779 3473 1832 di-

240 1867 312 1912 est
338 1858 582 1929 Egidius
610 1859 908 1932 Menagius,
956 1862 1007 1914 in
1038 1861 1366 1934 Menagianis
1386 1905 1401 1928 ,
1443 1875 1572 1919 tom.
1607 1864 1644 1930 l,
1673 1881 1790 1935 pag.
1828 1841 1869 1894 Β
1899 1841 1979 1920 aes
2011 1867 2289 1920 salvetur?
2329 1867 2597 1922 Clementi
2634 1841 2729 1922 hic.
2749 1869 2948 1924 diserte
2980 1841 3332 1925 tribuitur'ab
3357 1869 3470 1925 Eu—

296 2065 312 2097 ι
339 2044 483 2102 Inter
506 2045 734 2103 Joannis
753 2047 940 2104 Maria:
967 2049 1178 2105 Borzini
1197 2050 1325 2104 0rd.
1353 2049 1572 2104 Praedic.
1607 2051 1793 2107 allecta

236 2138 479 2206 opuscula
508 2137 776 2194 Oldoinus
803 2143 855 2194 in
883 2141 1133 2195 Athenceo
1159 2141 1424 2212 Ligustico
1453 2141 1620 2196 refert
1643 2142 1797 2214 Logi-

238 2244 340 2283 cam
365 2230 671 2288 Clementis
705 2233 1052 2287 Alexandrini
1084 2234 1454 2302 explanatam.
1490 2253 1508 2284 ι

290 2317 336 2373 J.
381 2319 761 2376 Tribbecbovii
794 2322 934 2376 Dies.
978 2323 1040 2376 de
1065 2325 1172 2376 vita
1196 2333 1244 2376 et
1276 2324 1486 2393 scriptis
1511 2323 1794 2378 Clementis

233 2413 607 2477 Alexandrini,
642 2412 788 2468 Habe
829 2413 1072 2483 Magdeb.
1128 2413 1286 2478 17Οϋ,
1323 2415 1375 2468 «1.
1407 2413 1532 2470 Haec
1576 2417 1792 2484 quidem

227 2503 354 2573 disp.
389 2505 526 2558 nihil
558 2506 683 2559 novi
711 2506 980 2572 continet;
1017 2507 1116 2562 sub
1150 2507 1311 2562 linem
1353 2517 1530 2562 tamen
1559 2509 1626 2581 (οδ
1659 2526 1792 2564 xxv-

225 2598 376 2666 xxxt)
420 2597 559 2652 bene
590 2599 918 2668 colliguntur
935 2607 991 2652 et
1013 2610 1363 2654 recensentur
1391 2603 1522 2655 mevi
1540 2601 1792 2656 Clemen-

230 2690 311 2755 tis,
343 2692 582 2758 primum
615 2691 652 2743 ii
687 2692 776 2761 qui
804 2692 869 2745 ad
902 2691 1276 2762 philologiam,
1304 2693 1496 2747 deinde
1527 2694 1559 2746 ii
1596 2695 1689 2762 qui
1725 2697 1789 2748 ad

222 2781 544 2851 theologiam
593 2783 884 2851 pertinent.
915 2811 984 2820 —
1006 2782 1186 2836 Altera
1225 2784 1462 2852 ejusdem
1483 2783 1532 2838 J.
1562 2783 1790 2839 Tribbe-

220 2873 389 2927 cbovii
433 2873 580 2928 Diss.
615 2875 667 2928 in
703 2875 1018 2932 Clementem
1049 2875 1495 2942 Alexandrinum,
1519 2893 1691 2946 eaque
1725 2879 1790 2931 de

219 2967 569 3035 philosophiae
618 2967 952 3034 deﬁnitione,
997 2969 1274 3036 praemissa
1319 2969 1562 3038 pleniore
1590 2970 1789 3040 analysi

221 3060 328 3113 libri
355 3077 369 3113 ι
405 3059 739 3114 Stromatum
781 3077 843 3114 ex
873 3062 1149 3131 Apparatu
1179 3060 1478 3117 Nourriiad
1511 3061 1792 3116 Bibliothe-

1895 1957 2070 2022 sebio,
2098 1972 2179 2023 ιιι,
2204 1957 2294 2024 9.5,
2325 1973 2400 2024 vi,
2428 1959 2511 2022 l5,
2540 1956 2870 2029 Hieronymo
2909 1959 3140 2029 aliisque
3171 1971 3225 2016 et
3251 1959 3466 2026 Photio,

1897 2050 1985 2118 qui
2020 2049 2203 2104 codice
2231 2065 2317 2104 cx:
2352 2059 2580 2104 testatur
2615 2050 2669 2103 in
2717 2050 3042 2120 quibusdam
3068 2053 3470 2122 exemplaribus

1899 2135 2042 2192 hunc
2093 2137 2332 2192 libellum
2388 2137 2556 2193 fuisse
2590 2139 2710 2194 loco
2750 2141 2924 2194 Octavi
2966 2139 3292 2196 Stromatnm
3319 2144 3464 2198 libri.

1900 2227 2052 2285 Unde
2082 2247 2188 2285 non
2225 2232 2450 2297 mirum,
2480 2233 2622 2301 quod
2648 2233 2970 2290 Anastasius
3003 2234 3212 2291 Sinaita
3245 2236 3298 2290 in
3324 2239 3470 2307 psal-

1897 2339 2044 2378 mum
2085 2338 2133 2375 vn
2163 2322 2269 2393 (ap.
2301 2323 2590 2378 Combelis.
2626 2334 2756 2378 tom.
2787 2323 2803 2376 l
2834 2328 3053 2379 Auctar.
3088 2329 3306 2397 noviss.,
3343 2345 3468 2400 pag.

1896 2414 2151 2483 966),,ἕκ
2181 2431 2344 2484 τινος,
2373 2413 2486 2468 τῶν
2517 2417 2936 2484 στρωμιιτικῶν
2968 2416 3247 2472 Clementis
3273 2423 3472 2490 λόγων

1899 2507 2090 2562 afferre
2119 2521 2176 2561 se
2205 2507 2278 2560 ait
2325 2510 2696 2565 narrationem
2729 2509 2794 2562 de
2816 2509 3023 2564 Joanne
3053 2515 3338 2581 apostolo,
3374 2516 3469 2584 ju-

1894 2616 2084 2655 venem
2130 2601 2400 2671 perditum
2447 2613 2806 2672 persequente
2839 2611 2893 2657 et
2935 2604 3000 2658 ad
3050 2603 3260 2677 frugem
3300 2609 3462 2664 redu-

1895 2702 2070 2758 cente,
2101 2708 2220 2763 qum
2248 2695 2422 2762 capite
2457 2697 2648 2749 ultimo
2682 2695 2842 2764 hujus
2881 2697 3000 2751 libri
3031 2709 3230 2764 exstat,
3272 2701 3470 2770 repeti-

1895 2792 2092 2855 turque
2136 2786 2261 2840 inde
2295 2787 2362 2841 ab
2407 2786 2641 2842 Eusebio
2685 2803 2765 2851 ιιι,
2794 2787 2876 2848 93,
2930 2787 3154 2851 llist.,et
3181 2792 3300 2845 aliis
3331 2807 3469 2861 ψιίις

1895 2877 2104 2931 laudavi
2137 2877 2201 2931 ad
2229 2876 2457 2932 Abdiam
2485 2895 2536 2945 v,
2563 2879 2616 2942 3,
2643 2894 2761 2950 pag.
2789 2877 2910 2932 536.
2934 2879 3146 2934 Codicis
3173 2881 3467 2952 apocrypbi

1896 2969 2025 3023 Novi
2061 2970 2208 3025 Test.
2236 2972 2481 3026 meminit
2504 2972 2712 3026 iterum
2730 2971 3047 3026 Anastasius
3073 2989 3194 3042 pag.
3218 2973 3348 3036 954,
3375 2974 3466 3027 ubi

1893 3063 2223 3118 Clementem
2271 3063 2376 3116 τὸν
2406 3063 2710 3131 ἱστορικὸν
2747 3063 3192 3131 Ἀλεξανδρείας
3213 3065 3462 3134 appellat.

218 3171 324 3205 cant
364 3153 484 3208 PP.
514 3158 823 3221 maximam,
862 3155 1008 3212 fiala:
1035 3155 1188 3221 1706,
1207 3157 1260 3222 4,
1284 3157 1453 3213 estad
1504 3157 1782 3212 meliorem
1815 3177 1856 3233 α
1893 3153 2068 3225 Igitur.
2089 3154 2231 3208 haud
2262 3153 2426 3208 dubie
2453 3155 2746 3210 Clementis
2777 3165 2881 3218 est,
2908 3172 3014 3209 non
3045 3155 3316 3226 Origcnis,
3343 3158 3467 3211 licet

217 3247 474 3301 librorum
499 3258 667 3317 atque
694 3249 1022 3316 indiciorum
1047 3249 1401 3319 quorumdam
1425 3249 1596 3304 Clem.
1625 3250 1784 3307 intel-

217 3339 483 3408 lngentiam
533 3341 802 3395 interdum
835 3341 1121 3396 efﬁcacior.
1156 3339 1295 3394 Num
1329 3340 1785 3409 Tribbecbovius,

216 3447 365 3498 quem
389 3432 448 3485 in
483 3431 671 3486 ultima
697 3433 1032 3502 paragrapho
1063 3432 1375 3500 promisisse
1403 3433 1634 3496 videtur,
1655 3449 1786 3488 con-

219 3522 504 3576 tinuaverit
532 3524 799 3588 laborem,
826 3523 1074 3592 equidem
1109 3522 1325 3592 ignoro,
1358 3533 1412 3578 et
1441 3523 1554 3579 fere
1575 3525 1782 3580 dubito.

286 3613 331 3668 J.
358 3613 541 3670 Jortin
576 3615 794 3683 scripsit
837 3616 985 3670 obss.
1018 3618 1071 3670 in
1105 3616 1371 3670 Clement.
1404 3615 1638 3671 Alex..in
1673 3618 1786 3672 suis

221 3703 457 3757 liemarks
509 3722 575 3759 on
620 3705 994 3758 ecclesiastical
1046 3703 1288 3776 History,
1333 3705 1507 3761 Lond.
1561 3706 1668 3760 vol.
1715 3705 1784 3772 ll,

220 3799 364 3865 1751,
389 3800 446 3864 8,
479 3816 601 3870 pag.
631 3800 765 3867 555;
787 3829 854 3865 έ-
874 3802 979 3854 vol.
1013 3801 1074 3868 ll,
1101 3802 1403 3870 l75‘2,.pag.
1435 3800 1560 3863 578.
1590 3801 1711 3856 101.

276 3890 357 3944 Jo.
390 3890 618 3959 Costpb.
653 3891 1015 3949 Dommericbi
1047 3894 1234 3964 Progr.
1269 3895 1331 3948 de
1372 3895 1531 3963 λόγῳ
1558 3891 1784 3948 Patrum

217 3985 504 4057 (praecipue
530 3986 730 4044 Justini
762 3991 1014 4047 martvris
1043 4001 1095 4045 et
1121 3991 1414 4046 Clementis
1442 3991 1781 4063 Alexandr.),

219 4078 538 4134 llelmstadt.
571 4081 708 4134 1760
730 4082 822 4148 ,4.
859 4081 934 4138 De
961 4082 1108 4156 Myos
1132 4083 1301 4140 Clem.
1338 4093 1494 4138 acute
1521 4084 1785 4154 docteque

218 4171 489 4225 Semlerus
513 4187 732 4241 quoque
759 4172 998 4241 disputat
1023 4175 1059 4228 l.
1094 4189 1256 4244 supra
1283 4173 1402 4240 cit.,
1429 4205 1497 4214 —
1537 4183 1698 4244 atque
1731 4172 1785 4228 J.

217 4261 306 4314 Ce.
337 4261 474 4314 Arn.
512 4259 760 4319 Oelrichs
798 4262 852 4316 in
880 4261 1170 4319 Comment.
1202 4264 1266 4317 de
1289 4281 1407 4318 vera
1439 4274 1488 4318 et
1519 4275 1662 4319 certa
1691 4281 1783 4319 eo-

219 4369 326 4404 runt
361 4354 454 4422 qui
483 4353 656 4408 medio
702 4355 930 4408 secundo
969 4368 1122 4426 atque
1170 4357 1377 4410 ineunte
1413 4359 1563 4410 tertio
1592 4357 1785 4412 steculo

219 4446 505 4511 ﬂoruerunt
541 4445 787 4513 Patrum,
824 4450 888 4503 de
925 4454 1125 4504 ratione
1147 4468 1192 4504 s.
1226 4451 1478 4506 relatione
1514 4451 1664 4514 Filii,
1693 4469 1784 4505 seu

1893 3248 1948 3301 in
1978 3262 2082 3302 ms.
2120 3245 2383 3302 Vaticano
2409 3245 2657 3318 Origenis
2682 3248 2733 3301 in
2772 3247 3063 3302 Jcremiam
3093 3247 3333 3301 homitiis
3365 3250 3464 3302 ad-

1887 3340 2132 3410 junctus,
2165 3350 2328 3409 atque
2359 3339 2484 3395 inde
2515 3341 2617 3395 sub
2643 3340 2782 3394 falso
2812 3338 3063 3410 Origenis
3095 3341 3313 3394 nomine
3348 3341 3465 3395 edi-

1891 3443 1980 3490 tus
2028 3435 2100 3490 sit
2139 3449 2167 3487 a
2201 3433 2361 3489 Mieh.
2406 3433 2678 3488 Ghislerio
2728 3443 2860 3490 tom.
2897 3432 2959 3486 lll
3006 3432 3360 3487 Commentar.
3410 3434 3466 3488 in

1890 3523 2175 3578 Jeremiam
2204 3523 2412 3593 (Lugd.
2442 3523 2579 3576 1635
2599 3565 2613 3589 ,
2645 3523 2788 3593 fol.),
2820 3539 2870 3593 p.
2898 3523 3023 3590 262,
3061 3538 3185 3578 cum
3218 3523 3468 3580 versione

1887 3617 1972 3672 Jo.
2009 3617 2242 3672 Matthaai
2286 3617 2620 3688 Caryophili.
2674 3616 2778 3672 Sed
2825 3617 2876 3670 in
2911 3615 3116 3687 prtefat.
3167 3633 3214 3671 c.
3263 3617 3311 3679 7.
3347 3616 3376 3688 §
3406 3617 3461 3683 4,

1890 3709 2006 3779 ipse
2035 3724 2276 3764 errorem
2305 3708 2609 3764 Ghislerius
2639 3708 2881 3786 agnovit,
2915 3717 2968 3762 et
2992 3707 3266 3766 Clementi.
3288 3707 3462 3764 Vindi-

1889 3802 2119 3856 candum
2151 3802 2302 3856 illum
2327 3800 2525 3856 librum
2553 3803 2762 3867 statuit,
2789 3803 2892 3856 sub
2913 3801 3072 3870 cujus
3095 3802 3310 3855 nomine
3336 3817 3461 3855 cum

1889 3911 2029 3952 nova
2072 3896 2322 3951 versione
2358 3887 2410 3950 et
2456 3895 2598 3950 notis
2631 3894 2801 3948 edidit
2834 3893 3155 3950 Franciscus
3189 3893 3466 3948 Combeli~‘

1890 3988 2028 4051 sius,
2061 3988 2212 4043 nullo
2229 3988 2337 4042 alio
2367 4003 2468 4042 ms.
2505 3987 2694 4042 codice
2717 4001 2870 4050 usus,
2896 3987 2952 4042 in
2981 3987 3237 4042 Auctario
3263 3987 3457 4040 noviss.

1889 4078 2226 4132 Bibliotheca:
2249 4076 2497 4143 Patrum,
2525 4086 2660 4131 tom.
2693 4074 2736 4140 l,
2761 4093 2882 4147 pag;
2901 4075 3060 4141 1672,
3082 4075 3176 4131 fol.
3203 4077 3277 4130 Ex
3299 4074 3462 4130 Com-

1889 4170 2061 4225 belisii
2105 4171 2343 4226 editione
2387 4184 2615 4226 recusus
2661 4167 2852 4227 Latine
2896 4170 2950 4223 in
2986 4169 3316 4223 Bibliotheca
3347 4171 3460 4221 Pa-

1886 4273 2047 4326 trum,
2076 4259 2246 4332 Lugd.
2278 4277 2328 4315 a.
2364 4259 2520 4326 1677,
2550 4270 2698 4315 tomo
2731 4259 2816 4324 ΙΙΙ,
2860 4277 2924 4316 ac
2953 4260 3138 4316 Graece
3180 4251 3234 4315 et
3270 4258 3462 4314 Latine

1889 4368 2013 4408 cum
2046 4353 2339 4408 succinctis
2366 4350 2415 4405 J.
2439 4350 2594 4418 Felli,
2616 4351 2946 4408 Oxoniensis
2987 4352 3260 4422 episcOpi,
3295 4351 3456 4406 scho-

1887 4448 1996 4514 liis,
2015 4443 2192 4500 Oxon.
2213 4445 2370 4510 1685,
2389 4445 2475 4510 12,
2499 4460 2529 4510 e
2553 4445 2762 4500 theatro
2787 4444 3172 4506 Sheldoniano,
3204 4444 3296 4498 sed
3318 4445 3460 4498 notis

237 4536 382 4589 Verbi
435 4553 552 4589 cum
604 4536 768 4592 Patre
811 4541 1088 4607 sententia,
1118 4539 1383 4612 Gottinga:
1427 4541 1585 4608 l787,
1637 4543 1691 4606 4,
1727 4558 1779 4612 p.
1818 4525 1860 4580 ι)
1888 4538 2199 4594 Combetisii
2231 4539 2471 4603 omissis,
2501 4554 2637 4608 quas
2673 4555 2786 4594 suae
2815 4547 2993 4592 tamen
3020 4535 3241 4592 editioni
3267 4545 3463 4606 printer

225 4630 310 4693 51,
340 4646 459 4700 sqq.

293 4723 626 4796 Darstelluug
669 4727 761 4778 der
801 4727 1145 4782 moralischen
1212 4727 1370 4783 ldeen
1417 4729 1505 4782 des
1549 4726 1786 4783 Clemens

231 4833 316 4868 ron
345 4817 695 4874 Alexandrien
725 4821 830 4873 und
858 4821 947 4874 des
982 4820 1294 4876 Tertullian.
1329 4821 1431 4874 Ein
1454 4821 1670 4894 Beitrag
1695 4839 1787 4877 χιιι·

231 4904 518 4962 Ceschichte
560 4910 653 4962 der
702 4909 1051 4965 Christlichen
1107 4911 1437 4980 Sittenlehre,
1479 4928 1581 4969 von
1617 4913 1783 4969 Wilh.

231 4996 506 5054 llimscber
538 5001 715 5070 (prof.
749 5003 918 5058 theol.
961 5002 1255 5075 Maiburg.)
1285 5006 1335 5059 in
1364 5005 1422 5060 D.
1457 5003 1641 5060 Henke
1668 5005 1787 5060 Ma-

231 5090 398 5155 gazin,
434 5092 521 5160 [ur
567 5091 1188 5164 Religionsphilosophie,
1238 5095 1463 5167 Excgese
1507 5099 1615 5152 und
1661 5097 1791 5151 Κίν-

228 5184 653 5252 chengeschichte,
694 5195 823 5250 etc.,
860 5197 992 5241 tum.
1028 5187 1114 5240 Vl.
1151 5187 1476 5249 llelmstadt.
1526 5191 1662 5245 1796
1685 5233 1700 5256 ,
1733 5192 1785 5257 8,

221 5287 300 5329 nr.
324 5273 378 5329 6.

290 5363 354 5419 D.
388 5367 456 5420 ι).
500 5369 590 5439 (b.
632 5387 677 5426 e.
720 5370 1192 5443 Josephill’assii)
1244 5374 1394 5429 Obss.
1430 5376 1483 5429 in
1520 5386 1785 5430 auctorem

234 5453 662 5528 Titanomachia',
694 5479 780 5534 ap.
811 5463 977 5519 Clem.
1012 5466 1164 5521 Alex.
1200 5467 1446 5535 laudata),
1472 5469 1524 5522 in
1559 5468 1783 5522 Miscell.

435 5595 595 5675 Cani.
636 5597 1264 5675 Cruggemann.\liew.,
1298 5615 1426 5668 etc.,
1457 5620 1577 5675 pag.
1613 5604 1741 5658 575.

289 5665 398 5735 (28)
439 5668 598 5742 Coti].
631 5670 710 5742 de
749 5665 858 5723 Ῑιόιν
896 5671 1058 5741 litigii
1102 5665 1420 5742 supplentu,
1444 5665 1575 5728 Ᾰεῖα
1607 5677 1781 5740 erud.,

224 5733 391 5812 l.ips.,
420 5754 470 5812 ιι..
509 5739 666 5803 1701),
697 5755 818 5812 pag.
845 5742 968 5806 451,
989 5733 1110 5812 sqq.
1150 5733 1319 5800 liinL.

289 5809 398 5876 μθ)
441 5807 494 5860 In
531 5807 1049 5867 adumbratim:ilius
1075 5807 1204 5884 'quze
1245 5825 1478 5883 exstant,
1520 5818 1677 5872 nullae
1713 5817 1776 5872 ad

1889 4631 2022 4688 Felli
2048 4631 2279 4698 scholia,
2296 4642 2355 4687 et
2377 4632 2558 4686 varias
2577 4646 2608 4685 e
2629 4629 2969 4685 Gbisleriana
2986 4641 3040 4684 et
3059 4629 3459 4685 Combelisiana

1889 4725 2387 4801 lectiones,lttigius
2415 4725 2678 4796 adjunxit.
2701 4724 2908 4779 Faumc.
2944 4723 3071 4779 Rec.
3098 4723 3271 4778 Oxon.
3297 4723 3349 4775 in
3370 4725 3458 4775 ed.

1887 4817 2091 4875 Potteri
2143 4815 2385 4886 Fellique
2429 4818 2573 4870 notis
2616 4816 2879 4886 subjectis
2928 4817 3092 4871 textui
3121 4831 3280 4885 quem
3311 4817 3458 4868 exci-

1891 4913 2044 4982 piunt
2071 4926 2123 4981 p.
2151 4910 2244 4966 96l
2285 4925 2368 4973 sq.
2403 4918 2544 4964 nota:
2577 4909 2915 4964 Combelisii.
2957 4907 3128 4963 HARL.

1957 5003 2011 5057 2.
2047 5003 2488 5056 Adumbrationes
2531 5001 2584 5053 in
2632 5000 2833 5069 aliquot
2863 5000 3110 5069 epistolas
3153 4997 3457 5063 canonicos,

1889 5114 1954 5150 ex
1993 5097 2161 5150 veteri
2191 5095 2380 5149 Latina
2408 5093 2659 5150 versione
2678 5134 2694 5160 ,
2720 5092 2787 5148 de
2813 5106 2919 5160 qua
2950 5089 3314 5146 Cassiodorus
3346 5105 3397 5144 c.
3427 5093 3460 5144 8

1892 5188 2130 5242 lnstitut.
2155 5187 2454 5240 divinarum
2477 5184 2808 5238 litterarum:
2835 5181 2900 5236 In
2930 5182 3162 5251 epistolis
3187 5185 3458 5238 canonicis

1891 5282 2124 5337 Clemens
2163 5280 2554 5333 Alexandrinus
2605 5277 2892 5349 presbyter,
2919 5277 3008 5346 qui
3045 5286 3094 5329 et
3129 5274 3456 5332 Stromateus

1890 5383 2124 5437 vocatur,
2149 5373 2203 5425 id
2225 5383 2321 5435 est,
2344 5373 2398 5424 in
2425 5369 2662 5442 Epistola
2698 5367 2754 5422 S.
2775 5367 2921 5422 Petri
2937 5369 3129 5438 prima,
3153 5368 3212 5424 S.
3232 5369 3455 5424 Joannis

1886 5466 2058 5533 prima
2093 5475 2141 5517 et
2165 5465 2414 5527 secunda,
2443 5474 2490 5516 et
2525 5461 2710 5514 Jacobi
2735 5461 2848 5532 (29)
2869 5464 3112 5531 qua’dam
3139 5463 3315 5517 Attico
3341 5465 3453 5534 (50}

1877 5600 2171 5669 Epistolam
2198 5597 2408 5669 Jacobi,
2443 5597 2535 5650 sed
2564 5598 2617 5650 in
2649 5597 2968 5669 Epistulam,
2991 5598 3143 5654 Juda:
3178 5601 3454 5668 leguntur.

1888 5668 1953 5724 Et
1974 5671 2040 5724 de
2056 5670 2291 5739 Epistula
2317 5668 2467 5723 Juda:
2496 5669 2741 5740 meminit
2767 5674 2929 5723 etiam
2956 5668 3226 5726 Eusebius
3246 5686 3319 5737 γι,
3354 5671 3456 5740 14ί

1885 5742 1974 5795 ubi
2005 5736 2300 5795 Clementis
2338 5736 2774 5807 ’Υπιτιτυπώσεις
2810 5740 2994 5797 refert.

1953 5813 2065 5883 ('50)
2104 5811 2140 5866 l.
2168 5828 2215 5866 e.
2250 5810 2452 5865 Graeco.
