3944 6348
495 345 566 400 επ
1421 375 1424 378 .
1659 341 1979 396 CLEMENS
2015 337 2575 406 ALEXANDRINUS.
3654 346 3722 403 Si

491 477 740 516 sermone
787 462 1094 516 declaravit.
1155 462 1255 515 Ubi
1299 461 1466 516 multa
1521 463 1732 532 quidem
1784 462 2062 527 subtiliter,
2095 468 2138 523 Α
2170 462 2381 535 Cangii,
2419 465 2476 518 S.
2530 463 2796 518 Maximus
2840 463 2907 517 ad
2951 462 3171 536 Dionys.
3215 481 3266 520 c.
3317 470 3340 522 1
3393 463 3465 519 De
3505 466 3723 532 mystica

493 552 585 606 sed
631 551 812 622 aliqua
848 555 1055 607 incaute
1088 553 1295 606 locutus
1328 562 1440 607 est:
1481 569 1597 622 quae
1624 570 1717 607 nos
1761 554 1839 606 ita
1883 564 2059 606 trans-

492 643 624 712 ferri
666 643 884 712 fecimus
917 645 971 696 in
1004 643 1285 710 Latinum,
1314 655 1369 698 ut
1393 645 1616 699 exclusis
1639 647 1952 716 quibusdam
1983 647 2064 716 of-

493 732 773 801 fendiculis
800 735 1084 804 puri/Scala
1112 735 1352 789 doctrina
1397 735 1510 804 ejus
1545 737 1778 789 securior
1807 737 2060 806 potuisset

491 827 721 881 hauriri.
765 825 1098 883 Clementem
1142 827 1199 882 in
1245 827 1648 898 Hypotgposeon
1697 829 1848 884 libris
1895 829 2059 884 etiam

494 919 766 992 Epistolas
795 921 1091 976 catholicas
1139 921 1548 992 interpretatum
1591 931 1861 978 testantur
1892 921 2061 978 Euse-

489 1013 611 1069 bius
632 1029 704 1077 ιν,
733 1014 818 1081 14,
851 1011 992 1067 Hist.
1013 1021 1068 1067 et
1089 1011 1315 1069 Photius
1342 1014 1462 1070 cod.
1492 1030 1601 1069 εις.
1623 1013 1931 1070 Verisimile
1961 1015 2061 1086 igi-

487 1111 592 1170 est,
625 1121 691 1158 rx
725 1104 816 1159 illo
846 1119 1009 1172 opere
1038 1104 1148 1176 (31)
1177 1105 1587 1175 (Iassiodorum,
1619 1108 2056 1164 Adumbrationes

492 1197 676 1259 hasce,
703 1213 812 1266 quo
832 1197 950 1267 ipso
977 1195 1114 1252 forte
1154 1198 1416 1254 vocabulo
1445 1198 1690 1256 Grrecum
1732 1201 2059 1255 ’Υποτυπὼ-

480 1299 646 1341 new
675 1289 979 1358 exprimere
1014 1290 1202 1354 voluit,
1244 1293 1610 1360 excerpendas
1651 1308 1892 1359 curasse,
1922 1311 2058 1364 quas

493 1377 679 1434 Latine
724 1381 933 1450 lttigius
981 1380 1128 1436 dedit
1164 1391 1286 1450 post
1319 1381 1585 1438 editiones
1623 1383 1676 1436 in
1714 1383 2054 1440 Bibliotltecis

489 1469 736 1538 Patrum,
761 1472 930 1530 Paris.
961 1475 1130 1531 1575(
1139 1485 1267 1531 tom.
1293 1475 1362 1531 Vl
1405 1474 1528 1531 Par.
1555 1475 1710 1540 1576,
1740 1475 1880 1547 iob).
1899 1477 2054 1543 1589,

491 1565 650 1631 1654,
692 1575 746 1620 et
790 1566 962 1639 Lugd.
1005 1569 1165 1636 1677,
1203 1580 1257 1626 ct
1286 1579 1410 1640 post
1436 1571 1729 1626 editionem
1776 1568 2053 1626 Oxonien-

485 1672 599 1712 sem
628 1658 695 1712 ad
724 1660 926 1716 calcem
956 1661 1078 1716 libri
1113 1662 1188 1717 De
1211 1663 1373 1717 divite
1400 1663 1654 1718 salvando
1684 1661 1842 1728 1685,
1883 1663 1946 1716 12
1977 1663 2052 1734 (in

483 1751 570 1806 ed.
600 1745 800 1807 Potteri
829 1769 950 1826 pag.
981 1754 1139 1821 1006,
1172 1757 1338 1829 sqq.).

556 1863 612 1921 5.
642 1864 964 1937 Fragmenta
987 1867 1278 1926 Clementis
1299 1869 1451 1924 Alex.
1477 1884 1504 1923 a
1538 1867 1622 1924 Jo.
1653 1867 1804 1924 Fello
1825 1869 2049 1925 collecta

484 1971 550 2009 ex
580 1955 781 2014 Nicetze
817 1960 872 2014 in
914 1960 1108 2016 Jobum
1153 1972 1206 2018 et
1243 1963 1574 2018 Corderiana
1615 1963 1670 2018 in
1702 1963 1903 2020 Lucam
1943 1964 2050 2019 Ca-

485 2060 630 2114 tena,
664 2050 866 2119 quibus
914 2053 1018 2108 alia
1046 2052 1252 2125 lttigius
1278 2053 1486 2109 addidit
1519 2063 1634 2110 tum
1664 2071 1730 2111 ex
1756 2057 1945 2112 eadem
1991 2057 2048 2112 in

481 2140 679 2197 Jobum
704 2185 718 2208 ,
767 2152 881 2199 tum
923 2160 989 2201 ex
1022 2145 1222 2202 Niceta:
1261 2147 1315 2202 in
1363 2147 1676 2204 Matthreum
1713 2150 1938 2215 Catena,
1980 2166 2047 2206 ex

485 2231 721 2290 Eusebio
759 2235 888 2290 item
947 2247 1108 2309 atque
1146 2238 1497 2298 OEcumenio.
1538 2240 1635 2297 His
1685 2243 2005 2313 caeterisque
2030 2285 2044 2306 .

479 2338 602 2390 quae
633 2324 686 2378 in
731 2323 1043 2393 praefatione
1084 2327 1249 2382 etiam
1281 2339 1467 2386 monet
1515 2331 1856 2402 adjungenda
1901 2348 2043 2400 esse,

478 2414 604 2468 addi
651 2423 823 2484 potest
869 2415 1230 2487 fragmentum
1267 2420 1597 2489 Clementis,
1645 2425 1790 2493 quod
1816 2425 2048 2482 exhibet

477 2503 680 2561 Catena
721 2507 774 2561 in
801 2506 1252 2574 Pentateucbum.
1287 2512 1478 2570 Latine
1514 2515 1656 2570 edita
1689 2531 1718 2570 a
1757 2515 2046 2573 Francisco

479 2596 750 2670 Zephyro,
782 2615 836 2670 p.
880 2601 1005 2671 146,
1046 2603 1172 2660 licet
1199 2607 1507 2662 consimilia
1533 2609 1936 2679 quodammodo
1970 2612 2044 2666 le-

479 2698 676 2756 gantur
701 2705 731 2742 ν
757 2689 956 2747 Strom.
976 2734 991 2759 ,
1041 2709 1164 2765 pag.
1204 2696 1342 2752 564:
1366 2696 1571 2752 Nomen
1597 2699 1734 2753 illud
1767 2703 2045 2772 mysticum

473 2784 613 2852 quod
633 2795 818 2838 vocant
851 2796 1343 2858 tetragramntatou,
1371 2807 1472 2862 quo
1491 2799 1696 2846 tantum
1731 2795 2044 2850 munieban-

475 2888 565 2930 tur
591 2878 696 2941 illi,
718 2878 906 2949 quibus
933 2882 1154 2951 adytum
1175 2886 1407 2952 pervium
1430 2895 1543 2939 erat
1562 2927 1575 2948 ,
1601 2896 1754 2942 sonat
1785 2888 2038 2952 Jehovah,

471 2971 610 3039 quod
636 2971 1013 3042 interpretatur
1049 2973 1144 3045 qui
1169 2987 1252 3031 est
1291 2985 1343 3031 et
1370 2977 1465 3048 qui
1503 2979 1642 3045 erit;
1671 2980 2043 3037 candelabrum

471 3077 611 3128 vero,
637 3063 773 3131 quod
794 3064 1082 3120 australem
1105 3066 1316 3136 plagam
1338 3067 1581 3123 adstabat
1608 3069 1821 3138 altaris,
1851 3081 2042 3142 septem

2166 555 2345 618 tlieol.,
2377 569 2499 625 pag.
2533 554 2622 617 17,
2654 562 2707 609 et
2734 553 2819 608 Jo.
2866 553 3118 610 Moschus
3155 555 3206 608 in
3248 553 3412 608 Prata
3433 554 3721 623 spirituali.

2163 664 2283 718 cap.
2308 648 2404 701 176
2427 648 2557 718 (53),
2582 663 2746 718 quem
2772 649 2974 711 locum,
3003 662 3127 702 cum
3159 647 3431 703 laudasset
3460 646 3724 703 Baronius

2163 739 2230 793 ad
2273 740 2338 793 A.
2363 737 2425 794 C.
2455 739 2552 805 51,
2581 756 2638 794 ιι.
2681 739 2771 805 40,
2806 747 2866 794 ut
2897 739 3147 808 probaret
3194 738 3410 793 Petrum
3447 755 3479 794 a
3507 739 3723 794 Christo

2161 831 2490 901 baptizatum
2504 843 2646 894 esse,
2662 828 2959 886 Ricbardus
2989 830 3350 887 Montacutius
3391 832 3487 886 lib.
3522 848 3558 886 ιι
3609 830 3726 906 ονὶο

2159 925 2339 994 ginum
2365 924 2548 978 eccles.
2568 940 2691 996 pag.
2720 923 2920 978 52:13::
2947 925 3234 988 tibicinem,
3264 924 3466 994 inquit,
3517 927 3722 979 ruituro

2160 1017 2358 1086 alioqui
2401 1016 2633 1086 parieti!
2664 1014 2900 1070 Clemens
2931 1017 2960 1069 ὁ
3001 1014 3313 1087 πολυμαθής
3357 1017 3645 1070 adnotatur
3667 1017 3724 1070 in

2155 1116 2330 1175 partes
2365 1124 2430 1161 ea:
2453 1105 2919 1179 Hypotyposibus,
2948 1107 3036 1162 sed
3066 1107 3258 1160 citatus
3287 1124 3317 1158 a
3350 1105 3642 1182 Sophronia
3669 1108 3722 1161 in

2157 1200 2319 1256 Prato
2369 1199 2658 1270 spirituali.
2706 1199 2886 1269 Neque
2929 1201 3068 1254 enim
3096 1199 3360 1254 Baronius
3419 1198 3719 1268 Clementis,

2158 1291 2333 1361 credo,
2365 1293 2495 1346 vidit
2521 1291 2913 1364 Hypotyposes.
2947 1292 3098 1347 Certe
3131 1309 3351 1362 magnus
3391 1301 3580 1346 auctor
3602 1293 3721 1348 Cle-

2158 1401 2320 1450 mens,
2355 1385 2474 1438 licet
2498 1386 2652 1438 nimis
2678 1384 2940 1438 interdum
2961 1383 3202 1438 credulus
3226 1385 3576 1452 apocrypticis
3607 1401 3723 1438 nur-

2158 1479 2450 1533 rationibus
2493 1487 2543 1532 et
2593 1477 2888 1531 rumoribus
2937 1477 3000 1530 ab
3038 1479 3240 1531 incerta
3277 1477 3582 1531 traditione.
3628 1477 3721 1532 Se—

2157 1569 2325 1624 cundo
2369 1571 2674 1624 criticorum
2718 1569 2937 1640 quidam
2975 1569 3384 1622 nominatissimi
3430 1585 3557 1638 opus
3586 1568 3720 1622 illud

2157 1661 2569 1734 Hypotyposeon
2593 1678 2696 1715 non
2715 1662 2904 1715 lectum
2925 1660 3027 1714 sibi
3051 1662 3218 1714 visum
3239 1661 3348 1730 (sed
3375 1660 3500 1733 περὶ
3523 1661 3720 1724 παντὸς

2156 1756 2306 1820 ὄντος
2335 1758 2428 1810 καὶ
2454 1754 2528 1826 μὴ
2553 1755 2703 1818 ὄντος
2729 1754 2970 1824 iudicant
2994 1753 3188 1821 critici)
3223 1754 3472 1807 devocant
3495 1753 3549 1806 in
3577 1769 3720 1823 quie-

2081 1827 2123 1882 B
2151 1851 2392 1903 stionem.
2439 1849 2591 1913 Quod
2636 1849 2684 1901 si
2706 1857 2958 1912 exstaret,
2996 1845 3281 1916 multiplici
3336 1847 3520 1914 procul
3561 1846 3719 1898 dubio

2151 1942 2414 2004 doctrina,
2445 1949 2503 1993 ut
2532 1938 2622 1993 ille
2647 1940 2783 1992 alter
2812 1938 2966 2008 λόγος
3001 1939 3371 2011 στρωματεῖος
3393 1954 3484 1990 nos
3516 1953 3719 1991 recrea-

2151 2049 2248 2092 ret.
2283 2037 2386 2094 Sed
2417 2054 2484 2092 an
2511 2037 2602 2091 ille
2629 2038 3028 2108 antiquissimus
3056 2047 3105 2091 et
3141 2035 3532 2091 eruditissimus
3562 2034 3722 2090 Pater

2152 2133 2255 2186 tale
2301 2131 2502 2202 aliquid
2536 2131 2773 2185 retulerit
2798 2131 2856 2184 in
2882 2129 3340 2201 Hypotyposibus,
3376 2138 3487 2182 tum
3509 2129 3720 2182 tandem

2150 2223 2522 2294 intelligemus,
2560 2240 2675 2278 cum
2705 2221 2895 2276 Patres
2923 2221 3206 2278 Societatis
3233 2239 3338 2292 qua
3370 2237 3578 2275 summa
3606 2222 3722 2291 pol-

2147 2317 2252 2370 lent
2286 2318 2462 2388 gratia
2490 2325 2541 2372 et
2571 2317 2887 2371 auctoritate
2933 2315 3074 2386 apud
3122 2313 3435 2367 hodiernum
3481 2314 3720 2383 patriar-

2148 2412 2298 2466 rliam
2343 2411 2782 2478 Alexandrinum,
2810 2411 2945 2464 illud
2980 2427 3110 2480 opus
3140 2409 3465 2464 tessellatum
3487 2409 3544 2460 in
3566 2423 3719 2460 usum

2145 2504 2410 2573 publicum
2439 2503 2688 2559 Ecclesia:
2709 2504 3122 2573 impetraverint.
3153 2500 3424 2556 Scribebat
3448 2500 3583 2553 enim
3614 2499 3720 2553 ali-

2145 2597 2352 2666 quando
2395 2597 2730 2651 doctissimus
2782 2593 2979 2649 Fronto
3013 2595 3206 2649 litteris
3243 2593 3312 2648 ad
3362 2592 3720 2646 clarissimum

2148 2688 2406 2744 Savilium
2459 2690 2665 2756 missis,
2714 2689 2856 2760 apud
2900 2687 3053 2742 illum
3103 2685 3471 2757 patriarcham
3525 2684 3719 2738 librum

2147 2782 2282 2834 hunc
2306 2790 2534 2836 exstare.
2663 2763 2672 2788 ’
2881 2851 2886 2856 _

2213 2874 2269 2927 2.
2301 2875 2654 2945 Σύγῃοαμμα
2679 2874 3021 2945 Κλήμεντος
3057 2875 3162 2930 τοῦ
3203 2879 3590 2947 Στρωματέως
3630 2881 3718 2946 εις

2145 2963 2251 3017 τὸν
2276 2965 2590 3034 προφήτην
2625 2967 2811 3037 Ἀμώς
2846 2975 3116 3022 memorat
3140 2966 3416 3026 Palladius
3446 2971 3502 3026 in
3533 2970 3718 3026 Histo-

2147 3056 2228 3109 ria
2252 3054 2543 3121 Lausiaca,
2581 3072 2709 3128 pag.
2738 3057 2838 3112 147
2885 3059 3018 3116 edit.
3052 3058 3294 3116 Meursii.

472 3153 713 3222 planetas
749 3156 1028 3226 referebat,
1059 3159 1148 3228 qui
1170 3175 1263 3228 per
1290 3161 1638 3216 meridianam
1667 3165 1928 3234 regionem
1951 3167 2050 3219 circ
2072 3167 2114 3223 C
2218 3171 2271 3224 5.
2305 3172 2440 3239 Περὶ
2467 3172 2772 3238 προνοίας,
2793 3188 2857 3226 ex
2883 3188 2993 3242 quo
3021 3173 3320 3243 fragmenta
3347 3177 3491 3245 apud
3522 3174 3578 3230 S.
3606 3175 3718 3230 Ma-

468 3249 677 3316 cumagi
705 3248 851 3302 nobis
877 3251 1142 3316 videntur,
1182 3252 1268 3306 cui
1299 3256 1433 3306 terni
1470 3254 1717 3324 utrinque
1747 3255 1885 3308 rami
1917 3271 2043 3309 con-

469 3351 712 3410 surgunt,
743 3345 992 3410 quoniam
1027 3345 1105 3398 sol
1125 3346 1278 3415 quasi
1313 3346 1688 3400 candelabrum
1723 3347 1906 3400 mundi
1939 3362 2046 3400 mr-

468 3429 588 3484 dius
613 3432 750 3485 inter
775 3434 908 3488 alios
936 3434 1177 3504 planetas
1203 3436 1383 3490 diuina
1405 3438 1665 3507 sapientia
1691 3437 1916 3491 libratus
1946 3454 2045 3492 sua

469 3521 583 3575 lure
608 3524 900 3591 superiores
930 3525 1126 3580 lustrat
1155 3537 1205 3580 et
1235 3528 1532 3597 inferiores.
1563 3529 1646 3582 Ad
1669 3528 1891 3583 alteram
1921 3546 2045 3600 par-

469 3624 571 3668 tem
605 3617 773 3684 ipsius
801 3635 911 3672 arat
936 3619 1112 3689 posita
1141 3631 1255 3673 erat
1288 3637 1486 3683 mensa,
1513 3622 1566 3675 in
1597 3638 1701 3692 qua
1730 3639 1890 3692 panes
1922 3639 2044 3692 pro-

466 3709 814 3778 ponebantur,
843 3712 982 3782 quod
1008 3727 1071 3765 ea:
1095 3728 1157 3766 ea
1182 3722 1333 3781 parte
1364 3713 1478 3766 εωιί
1501 3715 1664 3782 ﬂatus
1690 3717 1835 3770 nobis
1857 3717 2043 3771 uitales

468 3810 518 3853 et
544 3801 676 3856 almi
701 3803 991 3874 adspirent.
1025 3805 1190 3863 Fann.
1237 3806 1361 3863 Haec
1385 3819 1440 3864 et
1481 3807 1636 3878 plura
1679 3811 1808 3878 alia,
1844 3827 1875 3867 a
1904 3811 2042 3867 Gra-

469 3891 560 3944 bio
591 3891 837 3960 collecta,
868 3894 1030 3949 etiam
1057 3895 1134 3962 id,
1165 3901 1310 3967 quod
1337 3897 1498 3954 Fabr.
1533 3897 1588 3955 Ιι.
1621 3900 1659 3954 l.
1689 3901 2040 3971 produxerat,

467 3988 814 4055 reperiuntur
862 3987 918 4042 in
961 3988 1140 4045 Oxon.
1203 3989 1406 4046 Potteri
1450 3993 1582 4048 edit.
1634 4010 1686 4064 p.
1735 3995 1868 4050 1011
1918 4013 2039 4068 sqq.

466 4074 705 4134 Editioni
746 4079 963 4137 Veneta:
991 4081 1196 4139 Potter.
1225 4098 1309 4150 ea,
1339 4101 1460 4155 quae
1489 4085 1704 4142 Fabric.
1747 4089 1883 4145 calci
1908 4091 2038 4145 edit.

465 4185 582 4225 sua:
615 4169 886 4244 Hippolyti
915 4175 1211 4245 adjecerat,
1245 4191 1367 4232 esse
1393 4178 1597 4246 addita,
1631 4195 1794 4251 supra
1822 4197 1909 4236 me
1923 4183 2039 4254 jam

466 4277 690 4319 monere
720 4266 965 4322 memini.
1000 4266 1175 4322 HARL.
1717 4266 1720 4267 ⁷

826 4380 1038 4451 Scripta
1071 4382 1353 4439 Clementis
1387 4386 1676 4456 deperdita.

2148 3264 2353 3319 simum
2388 3275 2521 3320 tom.
2548 3265 2588 3318 ll
2617 3265 2780 3336 Opp.,
2817 3282 2940 3337 pag.
2983 3268 3106 3332 144,
3143 3268 3264 3332 152,
3302 3269 3539 3339 itemque
3569 3270 3714 3324 aliud

2145 3371 2210 3410 ex
2245 3372 2378 3412 mss.
2410 3357 2542 3428 Reg.
2568 3359 2708 3429 apud
2734 3357 3056 3424 Nourrium,
3085 3375 3208 3430 pag.
3257 3359 3392 3414 1536
3423 3375 3506 3429 sq.
3539 3360 3717 3429 Appa-

2147 3459 2294 3503 ratus
2347 3453 2414 3501 ad
2473 3448 2616 3505 Bibl.
2654 3449 2902 3504 Patrum.
2957 3449 3344 3520 Fragmentum
3400 3451 3614 3520 insigne
3649 3466 3719 3506 ex

2147 3541 2317 3597 Clem.
2373 3543 2673 3598 Alexandr.
2728 3543 2912 3599 libro:
2985 3544 3273 3611 προνοίας
3340 3552 3520 3600 exstat
3572 3544 3715 3614 apud

2147 3633 2399 3691 Anastas.
2437 3632 2701 3690 Sinaitam
2743 3643 2937 3705 quast.
2972 3651 3115 3690 xcvr.
3158 3635 3322 3691 FABR.
3353 3667 3423 3676 —
3461 3635 3621 3707 Frag.
3659 3634 3718 3693 in
3832 3694 3833 3698 η

2146 3725 2292 3782 Ροιι.
2329 3729 2463 3783 edit.
2499 3743 2622 3798 pag.
2666 3727 2839 3790 1016,
2872 3745 2982 3798 sq.,
3007 3759 3076 3768 ——-
3103 3736 3159 3784 et
3201 3729 3256 3782 in
3295 3729 3526 3800 append.
3551 3727 3716 3782 Fabr.

2147 3819 2199 3874 in
2234 3819 2362 3875 edit.
2389 3818 2612 3874 Veneta.
2638 3817 2696 3874 1n
2723 3820 2845 3875 cod.
2870 3818 3127 3876 Laurent.
3154 3819 3295 3878 Med.
3321 3835 3442 3876 esse
3462 3829 3714 3890 excerpta

2145 3926 2212 3966 ex
2263 3911 2434 3968 Clem.
2471 3926 2721 3967 sermone
2765 3911 2842 3965 De
2885 3912 3239 3982 providentia,
3283 3927 3351 3967 ex
3388 3911 3620 3967 Bandin.
3659 3926 3714 3978 ι,

2144 4020 2267 4076 pag.
2303 4001 2428 4070 402,
2456 4018 2621 4073 supra
2645 4004 2760 4075 jam
2785 4003 3192 4059 adnotavimus.
3223 4001 3396 4060 Hanc.

2215 4119 2268 4174 4.
2300 4119 2440 4188 Περὶ
2469 4119 2574 4174 τοῦ
2602 4119 2817 4188 Πάσχα
2843 4119 3219 4188 σύγγραμμα.
3257 4116 3459 4173 Euseb.
3494 4131 3568 4184 iv,
3601 4115 3672 4171 26
3693 4159 3710 4184 ,

2144 4230 2221 4280 vr,
2246 4213 2348 4280 13;
2381 4211 2528 4266 Hier.
2550 4209 2624 4265 De
2646 4211 2831 4280 script.
2861 4211 3070 4274 eccles.,
3094 4227 3144 4266 c.
3167 4210 3271 4276 '58;
3301 4209 3457 4266 Phot.
3484 4210 3606 4284 cod.
3627 4224 3711 4263 ιιι.

2143 4306 2467 4378 Fragmenta
2491 4305 2544 4360 in
2579 4303 2842 4360 Chronico
2868 4303 3046 4367 Alex.,
3081 4318 3204 4373 pag.
3240 4301 3270 4355 7
3327 4303 3458 4358 edit.
3495 4301 3707 4373 Cangii.

2143 4396 2210 4453 Et
2249 4398 2301 4452 in
2333 4395 2542 4452 Petavii
2585 4394 2935 4464 Uranoloqio,
2984 4409 3104 4464 pag.
3147 4393 3273 4449 214.
3312 4392 3370 4447 ιιι
3426 4394 3531 4448 hoc
3573 4393 3714 4447 libro

539 4493 586 4547 1.
639 4493 1042 4565 Hypotyposeon
1078 4497 1221 4568 (52)
1262 4501 1374 4556 sive
1421 4502 1928 4571 compendiosarum
1977 4504 2034 4560 δ,
2073 4515 2114 4570 D
2145 4499 2396 4556 testatus,
2418 4487 2650 4544 Eusebio
2677 4496 2832 4554 teste,
2863 4485 2966 4540 fuit
2989 4487 3262 4551 Clemens,
3295 4500 3355 4541 se
3386 4501 3417 4540 a
3450 4483 3714 4540 fratribus

466 4582 762 4654 Scriptura:
783 4592 1189 4647 enarrationum
1235 4593 1356 4648 libri
1401 4593 1567 4662 VIII,
1603 4610 1671 4650 ex
1710 4597 1909 4669 quibus
1947 4613 2040 4668 pe-

443 4676 560 4736 ,tita
587 4678 858 4747 videntur,
892 4697 1013 4752 qua:
1034 4683 1303 4756 hodieque
1322 4697 1556 4754 exstant,
1584 4698 1841 4760 excerpta
1869 4688 2043 4745 Tbeo-

459 4769 593 4836 doti,
623 4780 676 4826 et
701 4772 1154 4832 Adumbrationes
1187 4778 1238 4832 in
1266 4779 1477 4850 aliquot
1509 4780 1776 4850 Epistolas
1809 4783 2037 4839 catholi-

461 4875 577 4925 cas,
613 4872 674 4917 ut
698 4864 814 4934 jam
852 4867 982 4921 dixi.
1019 4868 1262 4926 Meminit
1293 4871 1498 4927 Euseb.
1533 4887 1576 4939 ι,
1615 4872 1702 4938 12,
1739 4889 1798 4940 ιι,
1832 4875 1884 4939 1,
1919 4873 1952 4928 9
1985 4884 2039 4928 et

461 4951 550 5018 15,
585 4962 640 5008 et
672 4971 746 5021 vn,
780 4956 847 5011 15
867 4967 922 5012 et
947 4960 1036 5027 14,
1073 4959 1252 5028 Hist.,
1288 4959 1511 5018 Hieron.
1564 4964 1616 5017 in
1652 4963 1941 5036 Catalogo,
1985 4983 2034 5022 c.

459 5047 550 5112 38,
583 5046 814 5107 Pbotius
840 5052 964 5106 cod.
997 5069 1111 5119 cu,
1141 5054 1592 5125 cx1.Fragmenta
1613 5073 1678 5111 es
1702 5057 1810 5112 illis
1842 5067 2039 5128 printer

458 5135 760 5194 Eusebium
803 5142 940 5198 locis
974 5145 1209 5202 laudatis
1241 5156 1294 5202 et
1313 5147 1707 5205 (Ecumenium
1735 5151 1790 5204 in
1821 5150 2036 5222 Episto-

456 5227 540 5284 las
590 5229 780 5298 Pauli,
814 5235 1052 5292 servavit
1097 5237 1393 5294 Chronicon
1461 5240 1614 5296 Alex.
1645 5258 1698 5314 p.
1747 5242 1855 5297 924
1900 5245 2031 5300 edit.

529 5437 649 5520 l51)_
682 5437 844 5493 Levia
895 5449 1062 5520 sunt,“
1096 5457 1218 5512 quae
1257 5446 1586 5516 conjectura:
1621 5449 1748 5504 huic
1799 5450 2032 5520 opponit

450 5504 744 5572 Nourrius,
774 5504 1087 5579 pag..1520.

525 5579 637 5651 (32)
666 5580 754 5654 _De
796 5580 900 5635 hoc
934 5583 1233 5650 vocabulo,
1269 5587 1414 5654 quod
1450 5588 1667 5644 brevem
1715 5599 1768 5645 ct
1807 5590 2029 5646 succin-

450 5660 599 5730 ctam
654 5651 816 5730 (quae
829 5654 1168 5730 compendio
1194 5651 1358 5730 _et_ib;
1391 5656 1631 5730 éu'témp
1667 5661 1762 5727 ﬁt)
1807 5662 2029 5730 exposi-

452 5722 656 5804 tionem
680 5721 974 5804 signil'icat,
1002 5724 1114 5804 disi
1141 5726 1206 5778 ad
1246 5724 1393 5783 Sexti
1431 5721 1690 5800 Empirici
1728 5721 1895 5789 libros
1921 5731 2028 5804 11y-

454 5790 788 5864 potyposeon
824 5790 1271 5863 Pyrrhoniarum.

2143 4582 2391 4637 adactum
2418 4581 2486 4635 ad
2517 4580 2717 4648 scripto
2737 4579 3136 4648 consignandas
3170 4577 3549 4647 παραδόσεις,
3574 4591 3713 4646 quas

2143 4675 2212 4728 ab
2262 4672 2667 4740 antiquioribus
2718 4671 3049 4742 presbyteris
3097 4679 3402 4740 acceperat.
3450 4668 3554 4724 Per
3609 4670 3712 4724 has

2143 4766 2309 4819 nolim
2352 4764 2817 4820 Constitutionum
2863 4764 3287 4834 apostolicarum
3325 4778 3464 4832 opus
3505 4761 3709 4817 intelli-

2141 4878 2264 4932 gere
2292 4878 2415 4916 cum
2449 4860 2772 4916 doctissimo
2801 4858 3128 4930 Beveregio;
3157 4859 3250 4914 sed
3276 4858 3405 4912 illud
3436 4857 3616 4928 ipsum
3643 4855 3711 4911 de

2140 4951 2405 5008 Paschate
2429 4969 2590 5022 opus,
2615 4952 2669 5007 in
2715 4967 2823 5021 quo
2867 4951 3187 5006 traditiones
3236 4949 3606 5019 antiquiorum
3642 4947 3712 5002 de

2140 5047 2244 5103 hoc
2264 5054 2586 5116 argumento
2617 5053 2962 5114 exposuerat.
2995 5042 3235 5115 [Fragm.
3260 5042 3316 5096 in
3340 5039 3544 5097 Potter.
3576 5039 3703 5095 edit.

2138 5154 2261 5210 pag.
2301 5136 2483 5208 1017.]

2209 5231 2264 5286 5.
2297 5229 2599 5295 Διαλέξεις
2640 5229 2772 5298 περὶ
2809 5228 3114 5297 νηστείας.
3145 5224 3368 5282 Hieron.
3410 5224 3484 5281 De
3498 5224 3706 5295 jejunio

2207 5432 2322 5502 (⁸55)
2363 5428 2691 5502 Fragmenta
2709 5447 2765 5486 ν.
2789 5431 2843 5484 in
2877 5430 3030 5502 praef.
3065 5429 3223 5501 Ittigii
3264 5431 3330 5484 ad
3358 5445 3532 5502 suum
3561 5427 3706 5498 ευρ·

2134 5499 2390 5572 ιιιέωριιι.
2426 5509 2480 5554 et
2505 5500 2635 5572 edit.
2666 5499 2867 5555 Potter.
2895 5500 3094 5572 Quom,
3127 5499 3245 5570 pag.
3278 5499 3598 5572 1011mm,
3635 5507 3707 5572 _et

2241 5572 2446 5626 .1023.
2474 5600 2540 5608 -
2579 5569 2853 5625 Iacturam
2913 5569 3313 5641 Ilypotyposeon
3361 5570 3515 5641 valde
3561 5570 3708 5640 dolet

2133 5589 2256 5696 ἕως.
2288 5589 2446 5626 wzo.
2474 5600 2540 5608 —
2579 5589 2853 5625 saeturam
2913 5589 3313 5641 uypmyposeou
3361 5589 3515 5624 value
3561 5589 3701 5650 donet

2177 5643 2366 5701 emler.
2399 5643 2434 5696 l.
2464 5661 2541 5705 (κ,
2590 5658 2710 5712 pag.
2738 5643 2859 5696 155.
2902 5643 3056 5696 Coul‘.
3103 5641 3186 5695 ἑο.
3223 5640 3418 5694 Franc.
3460 5639 3701 5712 lluddel,

2137 5713 2358 5785 Isagoge
2385 5714 2452 5766 ad
2480 5710 2772 5766 uniuersam
2809 5714 3141 5783 tltcologimn,
3168 5728 3283 5782 pag.
3303 5712 3430 5766 545.
3458 5710 3628 5766 llaaL.
