3944 6340
258 319 330 374 εδ
1341 322 1620 380 ΝΟΤΙΤΙΑ
1660 315 1815 381 HIST

1931 324 2165 382 [ϐο-ΜΤ
2175 314 2500 382 TERARIA.
3415 333 3488 386 26

260 443 590 513 disceptatio,
635 447 796 516 quasi
835 447 1054 520 legisset
1079 447 1478 520 διὰλεξις,,ηοιι
1503 450 1815 518 διαλέξεις.

1926 449 2200 520 allegorice
2273 448 2680 519 interpretandis
2707 419 2747 516 ,δ
2782 445 2986 504 Strom.
3027 465 3106 512 vr,
3163 463 3286 520 pag.
3345 447 3483 505 580:

265 535 410 605 Apud
444 534 701 592 Photium
735 548 948 596 tantum
978 551 1064 596 est
1095 540 1237 610 Περὶ
1265 543 1568 610 νηστείας.

1933 540 2420 610 Ἀλληγορεῖσθαι
2439 538 2506 593 δέ
2529 556 2657 594 τινα
2683 539 2751 594 ἐκ
2778 539 3002 594 τούτων
3025 538 3142 594 τῶν
3164 539 3449 611 ὀνομάτων
3469 580 3485 606 ,

332 625 380 680 6.
423 626 561 692 Περὶ
609 631 993 698 καταλαλίας.
1030 629 1255 686 Hieron.
1297 632 1372 685 De
1420 632 1813 699 obtrectatione,

1937 632 2256 702 Ξσωῖιτερον,
2290 633 2328 686 d
2360 632 2436 700 δὴ
2486 633 2584 686 καὶ
2619 631 2924 700 προϊόντος
2958 629 3064 684 τοῦ
3104 632 3288 703 λόγου
3339 635 3494 689 κατὰ

271 718 390 772 liber
417 734 571 772 unus.
599 718 755 775 Phnt.
785 723 927 791 Περὶ
962 726 1335 797 κακολογίας.
1363 723 1506 796 [vl/id.
1537 725 1730 794 fragm.
1760 727 1814 781 in

1437 725 1506 780 id.
1537 725 1730 794 fragm.
1760 727 1814 781 in
1917 723 2024 778 τὸν
2045 725 2261 779 οἰκεῖον
2285 723 2493 792 καιρὸν
2519 723 2994 794 διασαφήσομεν.

272 808 402 864 Pott.
431 810 516 864 ed.
540 827 666 883 pag.
700 812 859 881 1020,
888 814 999 887 sq.]

1988 814 2068 869 De
2097 816 2315 886 angelis.
2352 815 2555 871 Strom.
2592 831 2667 882 vr,
2699 831 2824 886 pag.
2840 815 2976 871 631:
3015 816 3200 871 Ἀλλὰ
3223 817 3356 886 περὶ
3371 817 3486 888 μὲν

335 899 384 955 ⁸1.
420 902 846 970 Προτρεπτικὸς
886 907 973 972 εις
1014 907 1360 976 ὑπομονὴν,
1398 907 1438 975 ἢ
1478 907 1627 976 πρὸς
1674 906 1816 974 τοὺς
1917 906 2144 959 τούτων
2168 906 2238 960 ἐν
2261 903 2342 970 τῷ
2369 907 2510 974 Περὶ
2537 905 2807 976 ἀγγέλων
2838 907 2997 976 λόγῳ
3029 909 3356 976 προϊούσης
3380 906 3491 978 τῆς

276 991 467 1045 νεωστὶ
489 993 1021 1065 βεϐαπτισμένους.
1047 997 1249 1054 Euseb.
1278 1015 1354 1066 γι,
1382 1000 1468 1067 15,
1502 999 1705 1054 Histor.

1456 1042 1468 1067 ,
1502 999 1705 1054 Histor.
1919 994 2152 1065 γραφῆς
2178 995 2328 1049 κατὰ
2355 996 2563 1064 καιρὸν
2589 994 3013 1064 διαλεξώμεθα.

337 1083 386 1138 8.
423 1083 627 1138 Kurd»-
660 1085 1187 1158 ἐκκλησιαστικὸς,
1225 1090 1264 1160 ἢ
1305 1090 1456 1160 πρὸς
1491 1091 1634 1158 τοὺς
1673 1093 1816 1148 Ἰου-

1991 1085 2066 1139 De
2091 1085 2325 1142 diabolo.
2369 1085 2574 1142 Strom.
2613 1101 2709 1154 ιν,
2758 1102 2882 1156 pag.
2918 1086 3023 1141 507
3054 1105 3067 1141 :
3122 1085 3306 1140 Ἀλλὰ
3336 1086 3489 1155 πρὸς

280 1173 579 1243 δαΐζοντας.
617 1175 838 1234 Hieron.
894 1179 968 1235 De
1013 1181 1298 1237 canonibus
1343 1183 1715 1239 ecclesiasticis
1763 1195 1813 1239 et

1930 1177 2030 1238 μὲν
2069 1177 2139 1233 τὰ
2195 1179 2458 1250 δόγματα
2499 1179 2701 1233 ἐκεῖνα
2744 1181 2794 1233 ει
2842 1178 3395 1248 μετενσωματοῦται
3449 1181 3487 1249 ἡ

282 1267 504 1322 adversus
539 1284 627 1323 eos
647 1271 740 1341 qui
768 1269 1081 1328 Juda‘zorum
1102 1283 1390 1345 sequuntur
1410 1292 1660 1344 errorem,
1682 1277 1814 1331 liber

1932 1271 2110 1341 ψνυχὴ,
2144 1274 2243 1327 καὶ
2277 1274 2410 1342 περὶ
2435 1273 2540 1327 τοῦ
2567 1272 2848 1327 διαϐόλου
2874 1270 3022 1327 κατὰ
3057 1270 3198 1336 τοὺς
3233 1270 3489 1337 οἰκείους

283 1375 398 1412 unus
421 1399 434 1422 ,
483 1375 634 1429 quem
680 1364 891 1432 proprie
936 1363 1240 1421 Alexandro
1263 1407 1278 1432 ,
1328 1366 1812 1438 Hierosolymorum

1016 1367 1240 1421 antandro
1263 1407 1278 1432 ,
1328 1366 1812 1438 Hierosolymorum
1918 1364 2278 1434 λεχθήσεται
2311 1367 2573 1435 καιρούς.

281 1451 524 1518 episcopo,
555 1453 1006 1523 προσεφώνησε.
1051 1454 1337 1512 Canonum
1391 1459 1810 1528 apostolicorum

1986 1457 2127 1526 Περὶ
2161 1456 2450 1528 γενέσεως
2491 1459 2743 1528 κόσμου.
2807 1456 3010 1512 Strom.
3048 1473 3137 1523 vr,
3182 1472 3305 1527 pag.
3337 1454 3484 1520 698;

282 1544 659 1612 collectionem,
682 1562 805 1617 quae
855 1549 1014 1604 hodie
1048 1560 1256 1616 exstat,
1284 1566 1380 1621 per
1417 1551 1521 1608 hoc
1559 1569 1696 1623 opus
1744 1555 1812 1609 ab

1928 1550 2055 1616 Περὶ
2090 1548 2198 1617 τῆς
2227 1549 2540 1618 ἀνθρώπου
2567 1548 2878 1620 γενέσεως,
2918 1548 3121 1604 Strom.
3152 1564 3235 1615 ιιι,
3266 1564 3321 1618 p.
3360 1545 3485 1601 466.

282 1633 488 1690 Eusebio
513 1644 567 1691 et
591 1636 924 1711 Hieronymo
955 1641 1130 1706 innui,
1161 1655 1270 1696 non
1297 1641 1640 1698 crediderim.
1668 1643 1812 1700 Sane
1918 1638 2055 1694 Hinc
2098 1639 2367 1696 Eusebius
2402 1639 2478 1694 De
2509 1639 2796 1708 Clemente,
2830 1657 2884 1694 VI
2907 1683 2921 1707 ,
2960 1641 3048 1704 15,
3090 1639 3231 1693 Hist.
3251 1655 3270 1693 :
3321 1638 3494 1707 ’Υπι·,

281 1725 497 1794 Photius,
532 1728 625 1799 qui
657 1745 786 1785 mox
819 1731 988 1787 lectos
1019 1748 1050 1787 a
1072 1747 1133 1789 se
1165 1747 1402 1790 canones
1439 1736 1809 1804 apostolorum

1935 1732 2187 1808 γχνεῖται
2211 1731 2261 1785 δ’
2285 1733 2356 1786 ἐν
2373 1732 2577 1799 αὐτοῖς
2599 1733 2697 1787 καὶ
2721 1736 2808 1799 εις
2825 1733 2940 1802 τὴν
2962 1731 3200 1802 γένεσιν
3221 1733 3492 1803 ὑπομνη-

207 1817 216 1828 ’
279 1818 382 1872 cod.
423 1835 529 1874 cm
597 1831 1014 1891 commemorat,
1037 1823 1365 1891 Clementis,
1414 1823 1667 1894 Romani,
1710 1844 1764 1883 su

706 1831 1014 1891 memorat,
1037 1823 1365 1891 Clementis,
1414 1823 1667 1894 Romani,
1710 1829 1812 1883 sub
1849 1805 1884 1859 Β
1908 1825 2263 1895 ματιεῖσθαι.

279 1912 493 1977 nomine,
519 1913 660 1969 inter
687 1929 773 1980 ea,
798 1931 918 1985 quae
939 1931 969 1972 a
993 1916 1265 1976 Clemente
1289 1920 1444 1975 Alex.
1473 1920 1676 1989 scripta
1701 1936 1810 1976 non
1923 1939 1925 1941 ί
1985 1917 2061 1971 De
2091 1915 2346 1971 Ecclesiae
2390 1915 2592 1969 unitate
2636 1925 2685 1970 et
2735 1915 3046 1969 excellentia
3070 1958 3085 1982 ,
3137 1915 3340 1970 Strom.
3371 1933 3446 1972 vn
3467 1956 3485 1982 ,

277 2004 374 2072 ipse
399 2003 542 2075 legit,
578 2007 672 2061 sed
702 2009 993 2063 memorari
1028 2017 1242 2064 tantum
1275 2011 1344 2066 ab
1394 2011 1518 2067 aliis
1565 2013 1814 2068 meminit

1927 2020 2034 2075 pag.
2065 2004 2201 2059 765:
2237 2003 2421 2058 Ἀλλὰ
2448 2005 2544 2058 καὶ
2571 2005 2608 2073 ἠ
2636 2003 2820 2074 ἐξοχὴ
2839 2003 2944 2073 τῆς
2961 2006 3321 2074 Ἑκκλησίας
3345 2012 3484 2062 καθ-

274 2095 380 2150 cod.
421 2110 532 2160 cu,
586 2096 753 2154 refert
802 2100 943 2168 Περὶ
991 2101 1261 2155 κανόνων
1303 2102 1814 2172 ἐκκλησιαστιώ
1912 2095 2060 2164 άπερ
2102 2097 2139 2165 ἠ
2185 2094 2340 2165 ἀρχὴ
2387 2094 2495 2162 τῆς
2537 2095 2890 2162 συστάσεως
2931 2099 3080 2150 κατά
3111 2095 3224 2166 τὴν
3253 2098 3488 2166 μονάδα

272 2189 404 2243 κατὰ
461 2188 578 2243 τῶν
643 2191 1134 2252 ἀκολουθούντων
1196 2193 1271 2264 τῇ
1331 2195 1450 2250 τῶν
1513 2198 1813 2254 ’Ῑουδαίων
1912 2188 2102 2251 ἐστὶν,
2133 2187 2327 2240 πάντα
2361 2187 2430 2241 τὰ
2476 2186 2635 2241 ἄλλα
2677 2188 3140 2257 ὑπερϐάλλουσα
3171 2191 3268 2244 καὶ
3296 2191 3492 2260 μηδὲν

272 2278 473 2350 πλάνῃ.
513 2281 692 2352 Atque
714 2284 898 2349 unius,
925 2299 1033 2340 non
1062 2286 1294 2342 duorum
1319 2289 1647 2360 scriptorum
1669 2291 1815 2346 hunc

1929 2279 2142 2349 ἔχουσα
2196 2279 2400 2349 ὅμοιον
2446 2278 2483 2348 ἢ
2532 2279 2670 2332 ἴσον
2721 2279 2923 2348 ἑαυτῇ.
2989 2281 3159 2334 Ταυτὶ
3209 2280 3325 2350 μὲν
3374 2277 3486 2338 οὖν

267 2387 375 2428 esse
393 2373 632 2439 titulum,
656 2373 927 2432 Eusebius
945 2386 1000 2432 et
1021 2377 1247 2434 Hieron.
1273 2380 1522 2437 dubitare
1547 2397 1648 2438 nos
1670 2384 1811 2440 haud
1913 2368 1997 2423 ῧσ
2001 2386 2192 2438 τερον-

267 2464 455 2522 sinunt.
483 2464 869 2536 Fragmentum
892 2468 1185 2526 Clementis
1202 2473 1320 2526 "Ex
1347 2474 1450 2528 τοῦ
1478 2475 1627 2529 κατὰ
1664 2476 1812 2530 Ἴου-ι

1983 2459 2059 2514 De
2087 2461 2266 2530 officiis
2305 2459 2664 2529 episcoporum
2691 2501 2706 2525 ,
2745 2459 3163 2529 presbyterorum
3184 2499 3200 2525 ,
3231 2458 3483 2514 diacono-

261 2555 562 2616 δατζόντων
604 2567 878 2614 servatum
909 2560 976 2615 in.
1003 2559 1291 2632 Nicephori
1335 2564 1501 2620 CPol.
1534 2564 1811 2622 Antirrhe-

1932 2566 2029 2602 'um
2062 2558 2110 2604 et
2158 2550 2439 2603 viduarum
2476 2548 2693 2603 videtur
2730 2549 3048 2618 promittere
3088 2563 3147 2604 se
3185 2549 3296 2604 alio
3325 2565 3489 2620 opere

265 2649 369 2703 ticis
393 2664 526 2704 mss.
556 2650 744 2706 Graece
765 2661 817 2706 et
852 2650 1043 2709 Latine
1077 2655 1247 2710 edidit
1280 2654 1544 2714 Nourrius
1571 2675 1624 2728 p.
1652 2659 1809 2726 1554,

1501 2675 1544 2714 .5
1571 2675 1624 2728 ρ,
1652 2659 1809 2726 1554,
1914 2650 2162 2695 acturum
2195 2656 2274 2707 ιιι,
2305 2641 2402 2694 ult.
2439 2639 2747 2710 Pwdagogi,
2775 2655 2897 2710 pag.
2931 2639 3058 2694 9.65.

262 2740 505 2810 Apparat.
539 2742 617 2816 [et
651 2743 709 2800 in
751 2743 912 2800 Fabr.
948 2747 1180 2818 append.
1209 2749 1262 2803 in
1294 2749 1380 2805 ed.
1413 2749 1553 2806 Pott.
1573 2726 1808 2818 ‘Veneta,

1982 2731 2060 2786 De
2102 2735 2284 2786 anima
2323 2731 2583 2800 ὁπηνίκα
2625 2729 2702 2784 ἂν
2743 2729 2880 2799 περὶ
2927 2726 3132 2800 ψυχῆς
3164 2728 3483 2800 διαλαμθὰ-

260 2831 381 2886 circ.
414 2831 558 2904 lim].

1922 2841 2138 2894 νωμεν,
2190 2824 2394 2879 Strom.
2443 2837 2546 2890 ιιι,
2584 2839 2707 2894 pag.
2759 2821 2886 2877 4'52.
2938 2821 3089 2876 Adde
3121 2837 3195 2889 tv,
3248 2835 3304 2891 p.
3357 2821 3479 2877 591.

322 2921 372 2977 9.
421 2923 586 2992 Ὅροι
631 2923 918 2994 διάφοροι.
961 2923 1048 2980 J0.
1093 2924 1301 2982 Veccus
1347 2927 1415 2983 de
1465 2930 1812 2998 processione

1217 2942 1301 2982 :us
1347 2927 1415 2983 de
1465 2930 1812 2998 processione
1915 2917 2152 2990 [Frasm-
2185 2917 2393 2974 Ροῐῑεν·
2428 2935 2552 2990 Pag-
2587 2915 2774 2989 102θο]

264 3011 490 3084 Spiritus
537 3015 622 3081 S.,
663 3019 804 3088 apud
851 3018 1108 3074 Allatium
1150 3019 1202 3072 in
1245 3016 1450 3074 Graecia
1492 3021 1807 3085 orthodoxa,

1982 3009 2059 3064 De
2089 3012 2486 3077 resurrectione,
2520 3009 2806 3081 Pwdagog.
2843 3026 2900 3077 ιι,
2929 3010 3020 3076 20,
3050 3026 3174 3082 pag.
3200 3011 3336 3066 199:
3386 3012 3484 3077 Ὠς

261 3119 379 3162 tam.
402 3107 442 3174 l,
469 3124 592 3179 pag.
621 3109 725 3164 248
750 3128 763 3163 :
809 3111 993 3165 Ἀλλὰ
1020 3110 1116 3164 καὶ
1145 3113 1178 3164 ό
1211 3108 1458 3180 Κλήμης
1488 3113 1520 3165 ό
1540 3113 1810 3180 Στρωμα-
1837 3139 1880 3199 c
1913 3103 1984 3156 ἐν
2016 3100 2095 3168 τῷ
2118 3103 2261 3199 (ίερὶ
2290 3103 2688 3199 ἀναστάσεως
2705 3103 2801 3199 δια
2823 3105 3116 3199 πλειόνων
3145 3103 3488 3199 διμωθῄσε-

260 3197 466 3265 τεὺςὲν
486 3195 575 3266 οῖς
601 3199 882 3255 συνέθετο
901 3199 1202 3270 διαφόροις
1225 3199 1385 3271 ὅροις
1407 3200 1560 3255 ὥστε
1586 3200 1810 3268 παντὸς
1842 3187 1880 3199 “
1913 3209 2024 3257 ται,
2055 3201 2108 3247 ει
2139 3192 2231 3247 ml-
2266 3209 2302 3260 ι,
2329 3209 2377 3248 ο·
2413 3191 2465 3258 δν
2504 3209 2556 3263 P-
2595 3192 2724 3246 ίθλίε
2776 3192 2962 3246 Ἀλλὰ
2996 3192 3104 3262 γὰρ
3137 3187 3310 3259 αὖθις
3343 3193 3486 3262 ἡμῖν

259 3293 534 3360 εὐσεϐοῦς
565 3294 852 3364 δόγματος
886 3295 1270 3365 προηγεῖσθαι
1302 3296 1522 3364 αὐτοὺς
1553 3295 1632 3362 τῷ
1663 3296 1811 3362 βου.
1910 3285 2288 3354 σαφέστερον
2320 3284 2494 3338 τοῦτο
2527 3284 2596 3337 ἐν
2616 3284 2694 3349 τῷ
2721 3284 2858 3353 Περὶ
2883 3283 3273 3349 ἀναστάσεως
3297 3282 3487 3351 δηλω-

261 3384 478 3454 λομένῳ
517 3387 836 3456 Θεολογίαν
863 3385 1145 3456 μετιέναι,
1181 3385 1514 3457 ὁριζόμενος
1544 3388 1602 3440 τί
1628 3386 1808 3441 πνεῦ-
1915 3378 2184 3444 θήσεται.

259 3493 351 3546 μα,
377 3478 472 3530 καὶ
499 3476 734 3547 ὁσαχῶς
765 3478 998 3549 λέγεται
1042 3478 1298 3548 πνεῦμα,
1339 3479 1521 3548 φησί’
1569 3477 1812 3549 Πνεῦμα
1980 3466 2056 3522 οε
2084 3469 2304 3536 παριίίεν
2333 3467 2402 3520 ἐν
2434 3464 2511 3532 τῷ
2546 3465 2772 3537 γαμικῷ
2818 3465 3080 3534 διέξιμεν
3111 3467 3325 3535 λότπῳι·
3353 3465 3476 3520 Ρω-

261 3567 364 3638 μέν
403 3570 533 3622 ἐστι
593 3569 780 3640 λεπτὴ
827 3571 925 3625 καὶ
975 3572 1160 3641 ᾶϋλος
1213 3572 1309 3625 καὶ
1363 3571 1811 3642 ἀσχημάτιστος

1919 3561 2098 3631 dagog.
2134 3559 2288 3626 "1,8,
2322 3575 2375 3630 p.
2397 3555 2523 3614 257.
2552 3557 2666 3614 Nisi
2709 3557 2845 3612 forte
2877 3556 3122 3627 respicit,
3149 3573 3271 3626 quae
3296 3572 3357 3623 ιι,
3389 3557 3476 3620 19,

265 3659 634 3730 ἐκπορευτικὴ
661 3661 934 3730 ῦπαρξις.
971 3661 1051 3734 [lu
1083 3663 1314 3734 append.
1347 3661 1565 3718 Fabric.
1599 3663 1653 3718 in
1675 3663 1807 3718 edit.

1927 3651 2196 3722 Pardagogi
2243 3653 2310 3707 de
2335 3652 2429 3706 illo
2461 3659 2802 3722 argumento,
2837 3660 2930 3706 aut
2967 3652 3127 3705 tertio
3156 3648 3484 3705 Stromatum

267 3745 508 3824 Veneta]
1909 3745 2182 3799 disseruit.
2224 3742 2558 3816 [Fragment.
2585 3742 2791 3798 Potter.
2823 3758 2944 3814 pag.
2981 3742 3165 3815 1022.]

325 3840 411 3895 10.
441 3843 602 3898 Plura
625 3841 827 3913 scripta
849 3858 947 3898 sua
971 3843 1084 3898 sive
1107 3853 1377 3898 memorat
1410 3843 1522 3898 sive
1544 3843 1836 3914 promittit

1983 3836 2058 3890 De
2097 3838 2457 3904 continentia,
2500 3837 2599 3891 καὶ
2643 3835 2818 3889 τοῦτο
2856 3836 2925 3889 ἐν
2971 3835 3051 3901 τῷ
3084 3836 3217 3905 περὶ
3269 3837 3480 3908 ἐγκρα-

262 3931 501 3985 Clemens
556 3931 672 4002 ipse
712 3932 848 4002 (54),
895 3942 956 3988 ιιι
1008 3932 1087 3988 De
1131 3934 1440 4004 principiis,
1470 3932 1674 3989 Strom.
1725 3950 1808 3998 Ill,

1920 3929 2069 3994 τείας
2110 3929 2253 3998 ἡμῖν
2298 3927 2648 3995 δεδήλωται,
2688 3926 2995 3998 Pwdagogi,
3031 3941 3102 3992 ιι,
3134 3926 3229 3993 10,
3268 3943 3323 3998 p.
3357 3927 3477 3984 195.

261 4036 308 4091 p.
333 4022 432 4077 451
458 4042 472 4077 :
515 4024 692 4079 Ἀλλὰ
726 4023 875 4093 πρὸς
893 4023 1010 4094 μὲν
1033 4026 1284 4092 τούτους
1319 4025 1810 4099 (Μαρκιωνιστάς)

1927 4022 1968 4076 [ιι
1999 4021 2190 4076 eodem
2223 4020 2363 4076 forte
2391 4021 2550 4092 λόγῳ
2577 4022 2951 4089 disputaverat
2981 4020 3047 4074 de
3079 4034 3167 4084 eo,
3198 4019 3329 4090 quid
3356 4034 3484 4074 vere

261 4114 412 4168 ὁπότ’
443 4114 517 4170 ἂν
545 4114 652 4170 τὸν
676 4117 815 4185 Περὶ
858 4116 1062 4187 ἀρχῶν
1086 4117 1572 4189 διαλαμϐάνωμεν
1606 4120 1809 4190 λόγον,

1924 4114 1982 4167 sit
2005 4125 2161 4183 turpe
2183 4123 2238 4167 et
2263 4114 2582 4180 obscenum,
2619 4111 2763 4182 quod
2792 4126 2854 4176 ιι,
2877 4110 2932 4178 6,
2959 4110 3264 4183 Pwdagogi,
3282 4127 3338 4183 p.
3359 4111 3481 4178 169,

260 4205 637 4274 ἀκριϐέστατα
661 4208 1078 4279 διαλεξώμεθα.
1108 4209 1293 4276 Libro,
1325 4209 1455 4276 Quis
1476 4211 1616 4266 dives
1645 4210 1813 4264 salve-

1930 4216 2144 4262 ,estatur
2196 4221 2255 4263 se
2307 4205 2554 4261 fecisse:
2617 4203 3010 4275 Διειλήφαμεν
3063 4204 3132 4258 δὲ
3175 4204 3487 4273 βαθυτέρῳ

264 4300 380 4352 tur?
414 4298 443 4370 §
475 4298 564 4364 26,
596 4300 737 4370 ὅπερ
760 4301 829 4356 ἐν
849 4301 925 4370 τῇ
951 4301 1153 4373 ἀρχῶν
1182 4303 1280 4357 καὶ
1322 4305 1631 4375 θεολογίας
1672 4303 1811 4373 ἐξη-
1909 4301 2067 4370 λόγῳ
2085 4300 2166 4366 ὡς
2198 4299 2312 4368 ἆρα
2343 4300 2478 4354 οὔτε
2504 4299 2574 4354 ἐν
2600 4299 2910 4368 ὀνόμασιν,
2941 4297 3084 4352 οὐδὲ
3111 4298 3330 4368 μὴνέν
3359 4298 3484 4366 τοῖς
3547 4311 3557 4322 ’

264 4391 424 4460 γήσει
455 4391 782 4462 μυστήριον
828 4395 932 4450 τοῦ
971 4394 1244 4473 Σωτῆρος
1285 4394 1539 4467 ὑπάρχει
1578 4397 1807 4468 μαθεῖν.
1911 4392 2442 4460 συνουσιαστικοῖς
2465 4392 2695 4464 μορίοις
2721 4390 2818 4443 καὶ
2845 4389 2920 4459 τῇ
2947 4391 3095 4445 κατὰ
3121 4390 3310 4462 γάμον
3334 4405 3485 4462 συμ-

265 4479 454 4538 lterum
512 4486 755 4541 meminit
816 4487 982 4558 hujus
1037 4489 1401 4556 tractationis,
1460 4505 1522 4544 ιιι
1579 4489 1802 4557 Strom.,

1920 4485 2108 4554 πλοκῇ
2140 4487 2178 4554 ἠ
2223 4486 2330 4540 τοῦ
2359 4485 2546 4552 ὅντως
2576 4486 2832 4556 αἰσχροῦ
2866 4485 3233 4556 προσηγορία
3275 4483 3477 4540 τάττε-

268 4589 378 4644 pag.
399 4573 534 4629 L34:
575 4576 847 4631 Ἐπειδὰν
872 4577 942 4631 δὲ
971 4579 1105 4648 περὶ
1138 4580 1254 4634 τῶν
1273 4579 1476 4651 ἀρχῶν
1498 4580 1818 4652 διαλαμϐά-

1926 4593 2025 4630 rat.
2063 4576 2292 4633 Videtur
2319 4577 2505 4634 itidem
2547 4577 2751 4632 librum
2786 4577 3005 4634 tertium
3042 4575 3370 4629 Stromatum
3400 4576 3483 4630 in-

268 4681 460 4735 νωμεν,
475 4675 576 4721 etc.
601 4665 701 4724 Hic
727 4677 812 4724 est
837 4669 1081 4740 ἀρχικὸς
1103 4673 1305 4742 λόγος,
1332 4673 1398 4728 de
1426 4690 1535 4729 uno
1566 4673 1699 4741 Deo,
1723 4676 1818 4744 qui

1926 4685 2102 4737 mere,
2133 4671 2186 4725 in
2210 4685 2320 4741 quo
2355 4686 2478 4741 pag.
2512 4670 2638 4736 454,
2661 4670 2901 4726 diserte:
2932 4669 2993 4722 ὀ
3017 4667 3084 4722 δὲ
3121 4669 3254 4738 περὶ
3277 4669 3483 4740 ἐγκρα-

274 4773 353 4831 per
391 4763 557 4833 legem
600 4771 653 4816 et
687 4764 980 4833 prophetas
1025 4775 1190 4835 atque
1219 4763 1570 4838 Evangelium
1616 4769 1812 4841 praedi-

1321 4767 1570 4838 mgclium
1616 4769 1812 4841 pandi-
1911 4761 2074 4828 τείας
2106 4762 2252 4832 ἡμῖν
2283 4761 2646 4831 προθαινέτω
2677 4763 2878 4833 λόγος.

275 4859 435 4916 catur,
481 4867 642 4921 quem
675 4852 963 4923 promittit,
1000 4853 1198 4911 Strom.
1229 4873 1306 4923 tv,
1351 4872 1476 4928 pag.
1516 4858 1645 4924 510,
1687 4859 1814 4916 licet
1985 4855 2245 4909 Adversus
2291 4855 2530 4919 haereses,
2581 4853 2786 4910 Strom.
2832 4871 2911 4924 ιγ,
2951 4872 3074 4926 pag.
3124 4852 3250 4919 510,
3277 4852 3368 4907 ubi
3425 4869 3486 4909 se

272 4941 366 5009 jam
405 4943 469 4997 de
499 4944 601 4999 hoc
627 4954 945 5017 argumenta
988 4947 1237 5032 quaedam
1284 4948 1514 5005 dixisset
1557 4965 1640 5018 ιιι,
1680 4967 1802 5023 pag.
1913 4965 2080 5004 unum
2126 4949 2296 5003 Deum
2335 4949 2600 5003 adversus
2645 4947 2768 5003 illas
2807 4949 3306 5003 demonstraturum
3353 4959 3486 5014 pro-

271 5031 383 5100 457.
407 5049 522 5105 θαι-
1203 5031 1227 5036 ’ν
1911 5040 2098 5095 mittit.
2123 5039 2327 5095 Contra
2360 5039 2805 5110 philosophorum
2842 5039 3142 5095 sententias
3173 5037 3240 5091 de
3269 5051 3488 5092 summo

332 5127 400 5183 De
422 5131 710 5200 prophetia.
755 5131 959 5187 Strom.
992 5150 1045 5200 ν,
1079 5150 1203 5206 pag.
1233 5135 1371 5191 551ε
1402 5137 1509 5191 Kal
1535 5137 1638 5190 ὅτι
1663 5137 1806 5191 ποτέ
1911 5135 2085 5201 bono,
2134 5150 2173 5189 ιι
2223 5133 2458 5201 Strom.,
2506 5149 2630 5204 pag.
2672 5134 2798 5186 419.
2842 5132 3042 5186 Contra
3105 5129 3484 5184 haereticorum

272 5218 382 5273 ἐστι
420 5222 485 5274 τὸ
521 5223 688 5293 ἅγιον
713 5225 972 5295 Πνεῦμα,
998 5226 1068 5280 ἐν
1093 5227 1214 5294 τοῖς
1261 5229 1398 5297 Περὶ
1447 5229 1806 5299 προφητείας

1929 5225 2138 5295 γνῶσιν
2166 5225 2485 5297 profanam,
2514 5240 2589 5279 vn
2630 5224 2854 5287 Strom.,
2877 5237 3001 5292 pag.
3038 5219 3161 5274 722.
3198 5218 3305 5276 Sed
3349 5220 3486 5274 forte

271 5310 368 5365 κάν
390 5312 510 5378 τοῖς
540 5315 678 5382 Περὶ
711 5314 920 5385 ψυχῆς
944 5316 1422 5387 ἐπιδειχθήσεται
1457 5319 1617 5390 ἡμῖν.
1652 5319 1804 5377 Adde

1923 5333 2024 5383 non
2050 5319 2352 5388 peculiares
2393 5318 2447 5372 hi
2485 5318 2610 5371 liliri
2650 5315 2891 5382 fuerunt,
2919 5329 3105 5368 verum
3136 5321 3196 5367 ut
3227 5313 3282 5367 in
3328 5309 3480 5367 Stra-

272 5415 333 5459 I'v‘.
360 5417 478 5474 pag.
508 5403 633 5459 511.
1171 5399 1186 5413 ’

1928 5411 2074 5464 matis
2104 5411 2307 5480 passim
2343 5410 2502 5474 facit,
2545 5409 2618 5463 ita
2657 5417 2711 5462 et
2744 5408 2798 5462 in
2838 5405 3264 5477 Hypotyposihns
3313 5405 3485 5460 haere—

329 5495 398 5550 De
423 5496 662 5552 membris
692 5507 741 5553 et
763 5500 1057 5569 aﬁ’ectibus,
1087 5505 1296 5573 quando
1318 5506 1382 5558 de
1410 5504 1516 5560 Deo
1535 5506 1813 5564 dicuntur.
1929 5503 2065 5560 ticos
2096 5503 2217 5560 illos
2244 5513 2298 5560 et
2327 5503 2686 5574 phil050phos
2719 5515 3034 5572 oppugnare
3059 5500 3253 5571 potuit.

466 5699 665 5755 Confer
701 5700 1018 5772 Nom'rium,
1057 5722 1179 5777 pag.
1222 5707 1357 5762 1557
1387 5725 1496 5779 seq.
1537 5708 1608 5779 [et
1644 5710 1873 5767 indicem
1911 5710 2236 5780 scriptorum
2273 5725 2301 5763 a
2325 5709 2494 5763 Clem.
2522 5706 2673 5761 Alex.
2707 5705 3038 5778 citatorum}.
