3944 6340
478 320 549 375 27
1358 318 1369 337 '
1605 307 1926 367 CL'EMENS
1976 302 2533 363 ALEXANDRINUS;
3650 279 3721 334 28

2137 447 3694 485 Μ

1693 633 2303 753 LECTORI
2382 630 2503 744 S.

1863 849 1973 917 (Ed.
1995 855 2156 908 Oxon.
2181 854 2359 917 1715.),

549 1167 680 1225 Cum
714 1166 843 1221 ntihi
872 1165 1172 1236 semper~irr
1197 1161 1329 1217 votis
1379 1161 1562 1231 fuerit,
1602 1161 1772 1231 primo
1803 1168 1866 1213 ut
1904 1159 2233 1215 Christianae
2272 1154 2547 1219 Ecclesiae,
2596 1150 2786 1207 deinde
2834 1159 2894 1204 ut
2940 1145 3263 1219 Reipublicce
3297 1143 3577 1201 litterariis
3620 1158 3717 1213 pro

470 1261 674 1314 viribus
701 1260 1039 1322 inservirem;
1062 1242 1337 1326 nonposs‘e
1363 1253 1580 1308 videbar
1608 1253 1764 1306 horas
1791 1251 1937 1317 illas,
1971 1267 2089 1321 qua:
2114 1266 2233 1304 cum
2263 1264 2298 1306 ε
2329 1246 2476 1317 Regii
2513 1245 2573 1301 S.
2614 1242 2887 1314 theologia
2922 1240 3236 1313 professoris
3265 1254 3496 1303 munere,
3540 1247 3651 1292 tum
3683 1253 3716 1289 a

476 1351 713 1421 reliquis,
739 1368 856 1422 qua:
888 1350 1027 1404 mihi
1053 1349 1384 1414 incumbunt,
1411 1346 1553 1400 curis
1584 1361 1646 1399 ac
1674 1344 1893 1415 negotiis
1925 1344 2200 1406 vacabant,
2235 1341 2462 1411 cuipiam
2503 1338 2601 1392 alii
2645 1336 2824 1389 studio
2857 1333 2934 1389 vel
2955 1333 3249 1404 jucundius
3279 1332 3357 1386 vel
3395 1330 3582 1385 utilius
3611 1330 3717 1384 int-

472 1446 713 1513 pendere,
734 1461 893 1516 quam
920 1441 1285 1509 emendandis,
1319 1439 1669 1511 explicandis,
1706 1436 2001 1509 publicique
2023 1435 2164 1505 juris
2199 1433 2457 1504 faciendis
2487 1427 2771 1486 Clementis
2804 1425 3177 1490 Alexandrini,
3210 1422 3587 1492 antiquissimi.
3620 1423 3717 1474 do-

471 1536 1022 1608 ctissimiquetPatris,
1057 1533 1322 1606 operibus,
1355 1549 1473 1606 quas
1501 1538 1803 1602 supersunt.

542 1630 729 1683 Prima
763 1630 927 1700 igitur
970 1647 1098 1684 cura
1150 1629 1254 1700 fuit
1291 1637 1348 1683 ut
1382 1634 1651 1681 auctorem
1687 1625 1879 1695 ipsum.
1914 1640 2072 1695 quam
2112 1623 2230 1692 fieri
2267 1622 2460 1693 potuit,
2488 1620 2748 1688 integrum
2781 1623 2835 1669 et
2861 1614 3213 1668 emaculatum
3250 1609 3562 1667 exhiberem.
3599 1608 3716 1674 Quo

471 1729 576 1797 ﬁne
598 1742 702 1779 non
732 1725 905 1780 solum
939 1725 1222 1795 impressas
1252 1723 1455 1776 codices
1488 1721 1753 1775 universos
1780 1718 1963 1784 evolvi,
2008 1719 2064 1771 in
2101 1719 2311 1788 quibus,
2359 1716 2405 1769 si
2450 1713 2812 1768 Victorianum
2838 1720 2887 1767 et
2931 1708 3342 1780 Sylburgistnum
3369 1704 3714 1774 excipiamus,

468 1794 603 1872 nihil
636 1816 745 1887 fere
772 1794 1142 1879 accuratiest;
1177 1814 1268 1868 sed
1299 1815 1457 1868 etiam
1498 1812 1880 1879 manuscripta.
1912 1825 2231 1881 quacunque
2271 1807 2495 1877 reperire
2528 1806 2698 1876 potui,
2741 1801 3067 1872 exemplaria
3101 1799 3387 1868 diligenter
3410 1796 3625 1867 perlegi,
3664 1803 3716 1850 et
3774 1794 3787 1807 “

467 1912 701 1982 perlecta
731 1926 849 1965 cum
876 1910 1036 1964 editis
1066 1907 1288 1963 contuli.
1323 1905 1492 1960 Porro
1524 1905 1974 1963 Cohortationem
2007 1903 2074 1958 ad
2104 1902 2321 1958 Graecos
2354 1898 2793 1966 manuscriptam,
2834 1912 2940 1949 una
3001 1910 3121 1948 cum
3169 1891 3387 1945 duobus
3426 1889 3713 1960 Ptedagogi

466 2006 616 2061 libris
644 2001 1045 2074 posterioribus,
1076 1999 1478 2070 eorutndemque
1505 1996 1775 2052 nonnullis
1806 1996 2139 2067 fragmentis,
2177 1994 2527 2066 suppeditavit
2561 1989 2699 2044 Novi
2728 1989 2872 2061 apud
2911 1988 3233 2043 Oxonienses
3262 1986 3483 2056 Collegii
3524 1985 3717 2039 biblio-

468 2099 637 2153 theca.
673 2094 853 2149 Trium
882 2091 1168 2163 Pedagogi
1190 2089 1449 2144 librorum
1488 2089 1720 2143 codicem
1744 2104 1909 2142 unum
1939 2086 2173 2153 Bodleii,
2208 2095 2258 2140 et
2299 2084 2421 2138 huic
2451 2083 2507 2137 in
2544 2081 2786 2136 omnibus
2828 2079 2937 2149 fere
2962 2076 3271 2133 concordem
3310 2076 3534 2131 alterum
3575 2092 3715 2146 prte-

466 2188 581 2245 buit
609 2186 976 2259 augustissimi
1002 2186 1140 2257 regis
1170 2184 1338 2239 nostri
1379 2181 1729 2238 Bibliotheca.
1778 2183 1858 2235 Ad
1900 2180 2131 2251 insignes
2173 2179 2298 2235 illas
2339 2176 2620 2233 Clementis
2663 2175 2831 2230 nostri
2878 2173 3151 2243 periochas
3198 2173 3441 2242 pristina:
3490 2172 3714 2227 sanitati

464 2282 845 2347 restituendas,
874 2294 1008 2350 quas
1045 2279 1191 2347 operi
1226 2276 1298 2332 De
1331 2276 1730 2347 pmparalione
1771 2274 2084 2345 evangelica
2118 2273 2338 2327 inseruit
2390 2269 2671 2337 Eusebius,
2723 2284 2824 2322 non
2857 2271 2965 2320 leve
3012 2264 3373 2335 adjumentum
3422 2266 3714 2321 attulerunt

464 2374 589 2431 Pibri
621 2374 735 2444 ejus
763 2373 1025 2445 impressi,
1060 2372 1583 2443 manuscriptumque
1604 2370 1893 2441 exemplar,
1924 2368 2062 2439 quod
2094 2368 2234 2439 apud
2261 2382 2353 2421 nos
2383 2368 2440 2420 in
2469 2364 2702 2435 Collegia
2729 2362 2796 2418 ι).
2829 2360 3055 2415 Joannis
3095 2359 3354 2430 Baptista
3388 2370 3711 2416 asseruntur.

480 2466 718 2521 Veterum
748 2464 1132 2535 exemplarium
1175 2464 1366 2533 inopia:
1415 2462 1702 2515 remedium
1744 2477 1845 2515 non
1881 2475 2002 2513 raro
2045 2457 2338 2513 attulerunt
2379 2458 2719 2529 antiquorum
2760 2460 3079 2528 scriptorum
3111 2454 3258 2523 libri,
3303 2454 3543 2509 Platonis
3570 2471 3713 2522 prcc-

464 2560 643 2616 sertim
676 2576 738 2613 ac
766 2558 1010 2614 Philonis
1035 2557 1240 2623 Judaei,
1266 2574 1293 2611 e
1320 2572 1544 2626 quorum
1583 2555 1863 2625 posteriori
1901 2569 2005 2607 non
2036 2551 2209 2606 breves
2254 2561 2460 2605 tantum
2508 2553 2818 2615 sententias,
2870 2550 2959 2603 sed
3002 2550 3231 2619 integras
3263 2549 3421 2601 etiam
3466 2546 3712 2615 paginas,

466 2650 734 2705 nonnullis
759 2652 994 2717 omissis,
1021 2650 1147 2705 aliis
1170 2650 1388 2703 mutatis
1417 2648 1494 2703 vel
1517 2650 1572 2702 in
1600 2648 1859 2718 epitamen
1886 2645 2136 2713 redactis,
2166 2654 2322 2716 prout
2347 2643 2588 2698 instituto
2621 2659 2717 2697 suo
2748 2644 2942 2713 optinte
2977 2642 3334 2706 conveniebat,
3357 2639 3512 2711 idque
3543 2638 3713 2694 celato

464 2761 837 2816 nonnunquam
860 2746 1093 2799 auctoris
1118 2744 1343 2806 nontitte,
1377 2744 1429 2797 in
1462 2744 1807 2815 Στρωματεῖς
1844 2758 1966 2795 suos
2008 2739 2247 2796 Clemens
2274 2739 2570 2795 transtulit.
2612 2736 2881 2810 Scriptum
2913 2735 3248 2792 Stromatum
3276 2734 3546 2804 exemplar
3583 2732 3712 2787 nul—

464 2839 573 2891 lum
593 2836 761 2890 oculis
783 2837 910 2891 meis
938 2836 1262 2907 perlustrare
1295 2835 1546 2888 hactenus
1572 2834 1742 2888 licuit.
1791 2832 1980 2887 Verum
2003 2832 2099 2885 hoc
2117 2847 2216 2894 me,
2244 2847 2363 2885 cum
2391 2831 2704 2901 infortunio,
2739 2840 2850 2884 tum
2872 2845 3024 2884 onere
3052 2827 3242 2884 levavit
3269 2828 3346 2883 vir
3378 2827 3712 2881 clarissimus

463 2923 774 2979 Bernartius
803 2924 1271 2994 Montefalconius,
1304 2924 1396 2995 qui
1442 2941 1537 2993 pro
1565 2923 1846 2987 acerrimo,
1871 2938 1972 2993 quo
1997 2936 2199 2991 semper
2226 2922 2396 2989 ardet,
2424 2922 2759 2977 humaniores
2782 2921 2987 2975 litteras
3015 2920 3352 2992 promovendi
3395 2920 3574 2973 studio
3612 2936 3709 2974 va-

466 3020 663 3073 riantes
707 3019 955 3074 lectiones
1005 3036 1110 3073 non
1162 3020 1330 3074 solum
1377 3036 1441 3075 ex
1496 3019 1875 3084 Ottoboniano,
1915 3006 2008 3089 qui
2034 3032 2215 3072 eorum
2244 3018 2537 3088 prolixiora
2566 3018 2813 3089 quaedam
2840 3016 3157 3087 fragmenta,
3185 3016 3274 3071 sed
3308 3031 3374 3069 ex
3411 3013 3709 3068 Parisiensi

461 3114 623 3167 etiam
654 3114 852 3179 codice,
874 3114 965 3184 qui
988 3114 1247 3185 integrum
1279 3112 1616 3168 Slromatum
1643 3129 1775 3183 opus
1799 3111 2183 3181 complectitur,
2215 3120 2462 3166 accurate
2488 3110 2780 3180 descriptas
2808 3110 2878 3163 ad
2915 3124 2995 3164 me
3042 3108 3370 3173 transmisit;
3409 3124 3562 3178 quas,
3592 3124 3712 3161 cum

463 3206 623 3276 paulo
646 3207 816 3262 serius
836 3206 1065 3262 advecta
1093 3222 1197 3261 non
1230 3216 1387 3261 antea
1416 3207 1485 3260 ad
1510 3222 1695 3261 manus
1729 3223 1868 3260 meas
1906 3216 2266 3276 pervenerunt.
2300 3222 2459 3276 quam
2497 3206 2698 3273 priores
2729 3212 2958 3275 quatuor
2989 3201 3136 3270 libri,
3162 3218 3281 3256 cum
3312 3202 3485 3274 quinti
3507 3200 3711 3272 princi-

462 3303 571 3369 pio,
600 3318 628 3354 e
646 3301 811 3371 prtelo
838 3303 1143 3369 evasissent,
1169 3304 1237 3357 ad
1260 3303 1455 3357 calcem
1481 3306 1651 3373 operis
1678 3305 1837 3358 simul
1861 3303 2173 3358 exhibendas
2197 3305 2398 3360 curavi.
3108 3310 3121 3319 “
3796 3274 3805 3281 1

536 3393 596 3449 S.
628 3392 939 3465 Scriptum,
962 3412 1161 3449 necnon
1190 3396 1421 3450 aliorum
1449 3405 1679 3451 veterum
1716 3397 1973 3452 librorum
2018 3396 2228 3452 vocibus
2268 3415 2301 3450 a
2345 3394 2626 3453 Clementis
2673 3398 2841 3472 nostri
2883 3396 3051 3450 verbis
3107 3393 3518 3471 distinguendis,
3568 3390 3710 3464 quod

463 3503 613 3540 nemo
638 3489 889 3541 hactenus
915 3490 1047 3543 satis
1071 3499 1320 3543 accurate
1345 3490 1618 3560 priestitit,
1650 3507 1754 3543 non
1782 3507 1975 3561 parvus
2005 3489 2213 3555 quidem
2252 3490 2424 3555 labor,
2456 3507 2632 3545 verum
2652 3492 2723 3557 ei,
2746 3491 2837 3565 qui
2872 3499 3141 3548 auctorem
3163 3490 3302 3542 hunc
3337 3486 3710 3557 explicandum

462 3580 768 3649 susciperet,
794 3582 851 3635 in
876 3581 1064 3651 primis
1093 3583 1444 3647 necessarius,
1472 3582 1848 3649 impendendus
1874 3582 1999 3653 fuit.
2040 3580 2291 3636 Latinam
2334 3600 2451 3638 vero
2500 3586 2810 3650 versionem,
2860 3600 2950 3639 seu
2999 3600 3185 3638 novam
3234 3584 3571 3642 concinnare.
3618 3597 3709 3635 seu

463 3685 683 3727 veterem
710 3676 1007 3741 emendare,
1037 3675 1258 3745 majoris
1283 3675 1456 3730 adhuc
1480 3679 1651 3745 operis
1680 3694 1760 3732 res
1790 3688 1928 3733 erat.
1964 3676 2105 3732 Nam
2142 3678 2355 3733 llerveti
2393 3679 2779 3749 interpretatio,
2817 3694 2936 3749 qua:
2963 3679 3017 3732 in
3061 3677 3331 3730 hominum
3378 3673 3621 3729 manibus
3650 3685 3710 3727 ut

460 3765 751 3835 plurimum
780 3778 1016 3824 versatur
1048 3779 1099 3824 et
1127 3771 1480 3839 posteriorum
1507 3769 1786 3826 Clementis
1817 3770 2131 3826 Editionum
2157 3789 2325 3827 comes
2350 3784 2429 3828 est
2474 3773 2772 3841 individua,
2822 3774 2945 3828 licet
2982 3791 3015 3828 a
3048 3773 3216 3826 doctis
3249 3772 3472 3825 antehac
3498 3770 3622 3824 viris
3654 3770 3711 3823 in

464 3858 653 3913 melius
674 3877 810 3930 saepe
837 3871 1076 3928 mutata;
1105 3862 1276 3916 adhuc
1307 3872 1482 3918 tamen
1512 3864 1566 3917 in
1597 3863 1778 3918 multis
1808 3865 1872 3918 ab
1895 3866 2127 3919 auctoris
2152 3876 2320 3921 mente
2346 3866 2476 3920 adeo
2500 3865 2701 3930 aliena,
2726 3867 2783 3921 in
2805 3867 2926 3921 aliis
2956 3882 3145 3920 manca
3182 3875 3230 3919 et
3282 3864 3609 3935 imperfecta,
3655 3865 3714 3917 in

456 3951 870 4021 qnamplurimis
891 3954 1141 4024 ambigua
1174 3964 1223 4007 et
1249 3954 1470 4009 obscura
1498 3964 1597 4018 est,
1628 3964 1685 4008 ut
1715 3971 1848 4021 saepe
1881 3957 1936 4009 in
1973 3957 2086 4026 ipso
2118 3957 2380 4027 Clemente
2414 3957 2547 4012 nihil
2572 3959 2739 4035 magis
2775 3974 2934 4028 quam
2961 3957 3277 4012 Clementem
3304 3954 3592 4021 desideres,
3619 3971 3713 4010 nec

464 4061 589 4099 raro
610 4043 806 4100 Latina
841 4048 1016 4116 potius
1039 4066 1072 4103 a
1102 4048 1321 4115 Crwcis,
1348 4063 1505 4119 quam
1533 4048 1643 4103 hwc
1664 4048 1728 4103 ab
1758 4050 1868 4103 illis
1899 4058 2066 4104 lucem
2100 4060 2431 4119 exspectent;
2461 4061 2512 4106 et
2537 4051 2625 4122 qui
2654 4050 2788 4105 hanc
2815 4050 3055 4121 denique,
3089 4060 3244 4120 prout
3281 4066 3359 4103 res
3382 4050 3568 4119 exigit,
3593 4064 3714 4101 cor-

463 4139 735 4209 rigendum
781 4141 1086 4209 susciperet,
1143 4142 1334 4213 Augaze
1364 4142 1520 4212 plane
1572 4141 1841 4196 stabulum
1892 4157 2120 4213 purgare
2158 4143 2441 4198 videretur.
2508 4141 2743 4197 Proinde
2798 4141 3244 4198 Cohortationetn
3289 4141 3356 4195 ad
3395 4137 3614 4195 Graecos
3646 4156 3713 4194 ex

463 4230 648 4287 erca
677 4232 927 4287 Latinam
950 4235 1142 4288 iterum
1172 4235 1411 4304 fecimus,
1438 4236 1507 4289 ad
1538 4235 1821 4307 l’wdagogi
1856 4235 2040 4305 forsan
2069 4254 2132 4292 ac
2164 4236 2504 4293 Stromatum
2546 4236 2710 4291 etiam
2748 4234 2910 4289 libros
2939 4236 3291 4306 progressuri,
3330 4235 3435 4288 nisi
3462 4232 3575 4287 alia
3617 4250 3712 4288 nos

432 4328 662 4394 .studia,
686 4343 803 4399 qua:
827 4329 1034 4382 diutius
1062 4330 1407 4384 intermittere
1438 4331 1580 4384 haud
1613 4330 1787 4396 licuit,
1831 4348 1892 4385 eo
1938 4332 2149 4386 tandem
2186 4331 2581 4402 compulissent,
2628 4341 2687 4385 ut
2745 4329 2810 4385 de
2857 4327 3080 4384 Herveto
3120 4330 3295 4399 potius
3346 4329 3415 4383 ad
3466 4327 3713 4383 Crescunt

457 4432 661 4477 textum
694 4423 1139 4478 accommodanda
1162 4423 1402 4494 deinceps
1428 4426 1808 4494 cogitaremus;
1833 4426 1945 4495 qui,
1980 4435 2139 4496 prout
2169 4442 2307 4480 nunc
2336 4434 2576 4496 apparet,
2599 4425 2811 4480 etiamsi
2845 4439 3035 4494 parum
3056 4422 3264 4494 elegans
3300 4433 3350 4477 et
3383 4432 3624 4485 ornatus,
3657 4424 3712 4477 in

455 4512 718 4583 plerisque
747 4522 943 4581 tamen,
978 4516 1057 4567 uti
1090 4530 1205 4584 spes
1242 4525 1342 4580 est,
1370 4515 1512 4569 haud
1534 4515 1689 4585 plane
1718 4516 1914 4586 infidus
1938 4515 2217 4571 habebitur
2238 4515 2521 4572 Clementis
2544 4520 2821 4588 interpres.

529 4606 712 4663 Graeco
743 4626 804 4662 ac
830 4609 1024 4664 Latino
1057 4611 1224 4665 textui
1260 4609 1552 4681 Sylburgii,
1587 4609 1814 4677 Heinsii,
1850 4613 2181 4684 aliorumque
2214 4612 2491 4668 doctorum
2526 4614 2758 4667 virorum
2798 4611 2967 4667 Notas
3010 4611 3377 4679 adiunximus,
3421 4628 3552 4683 quas
3586 4609 3713 4664 libri

452 4700 674 4756 antehac
700 4702 849 4768 editi,
878 4718 998 4755 cum
1026 4720 1060 4756 a
1094 4718 1148 4757 se
1171 4703 1413 4768 invicem,
1448 4715 1558 4757 tum
1589 4704 1652 4758 ab
1679 4706 1791 4773 ipso
1821 4706 1980 4760 etiam
2017 4720 2235 4760 auctore
2262 4706 2483 4760 nimium
2517 4714 2744 4760 remotas
2788 4705 2845 4759 in
2875 4704 3019 4759 calce
3044 4705 3224 4773 {totius
3261 4704 3431 4775 operis
3464 4702 3715 4758 exhiben-

451 4811 554 4861 tes,
593 4796 831 4864 ingratas
862 4796 1114 4850 studiosis
1144 4794 1426 4851 lectoribus
1467 4813 1642 4852 moras
1682 4800 1950 4869 injiciunt.
1988 4799 2087 4854 His
2120 4800 2257 4854 alias
2299 4799 2683 4854 immiscuimus
2721 4814 2749 4852 e
2782 4796 3110 4867 philologicis
3158 4796 3316 4866 hujus
3359 4813 3422 4851 ac
3472 4797 3713 4866 proxime

453 4889 740 4958 superioris
772 4887 953 4944 swculi
982 4889 1329 4958 scriptoribus
1365 4907 1396 4943 a
1427 4889 1817 4962 nobismetipsis
1861 4895 2091 4966 undique
2122 4904 2415 4963 excerptas.
2449 4892 2517 4948 In
2560 4894 2797 4963 margine
2839 4892 3035 4946 codicis
3080 4892 3188 4957 sui,
3219 4907 3371 4962 quem
3404 4892 3552 4956 mihi,
3590 4910 3713 4947 cum

450 4986 521 5036 ad
550 4994 799 5053 quartum
829 4980 1167 5037 Stromatum
1197 4982 1394 5036 librum
1423 4986 1792 5053 peruenissem,
1836 4988 2064 5041 moriens
2108 4987 2326 5057 legavit,
2371 4984 2625 5041 nonnulla
2649 4978 2995 5038 adnotaverat
3023 4981 3253 5038 Grabius
3291 4988 3325 5039 ὀ
3350 4987 3705 5054 μακαρίτης.

454 5075 582 5129 Post
618 5075 823 5129 nullum
846 5068 963 5131 vero
994 5076 1122 5130 mihi
1154 5076 1523 5130 memorandus
1566 5089 1644 5133 est
1678 5080 1763 5136 W.
1804 5080 2095 5147 Lowtltius,
2134 5079 2387 5136 Ecclesia:
2433 5079 2757 5135 calhedmlis
2789 5077 3028 5131 Winton.
3066 5078 3464 5148 prwbendarius
3509 5079 3714 5150 dignis-

448 5173 653 5234 simus;
685 5171 777 5240 qui
806 5188 909 5225 non
936 5170 1108 5225 solum
1142 5181 1421 5239 perpetuas
1445 5173 1553 5243 fere
1578 5175 1631 5228 in
1662 5175 1979 5232 Clementem
2020 5187 2173 5231 notas
2216 5176 2359 5231 ultro
2390 5175 2519 5228 mihi
2549 5173 2763 5239 obtulit,
2802 5173 2891 5228 sed
2934 5174 3097 5227 etiam
3130 5170 3582 5228 Coltortationem
3636 5173 3707 5227 ad

449 5263 688 5327 Gracos,
718 5274 768 5318 et
788 5274 905 5318 octo
941 5265 1278 5321 Slromatum
1319 5266 1483 5322 libros
1512 5286 1608 5338 pro
1647 5271 1855 5326 diversa
1901 5274 2163 5343 materias,
2193 5290 2297 5345 qua
2333 5280 2598 5338 constant,
2658 5271 2882 5336 ratione,
2936 5278 3192 5340 quatenus
3240 5270 3357 5341 fieri
3412 5266 3605 5339 potuit,
3656 5266 3715 5320 in

450 5356 627 5426 capita
657 5356 874 5427 redegit.
906 5357 1033 5412 Haec
1058 5369 1233 5413 autem
1264 5361 1432 5431 infra,
1470 5363 1697 5431 propriis
1740 5373 2020 5420 auctorum
2062 5365 2362 5422 nominibus
2411 5364 2689 5427 distincta,
2717 5363 2787 5419 ἐι
2834 5366 2947 5418 suis
2988 5378 3205 5437 quisque
3247 5362 3379 5417 locis
3423 5360 3712 5430 disposita,

453 5454 798 5520 reperientur.
828 5454 975 5507 Alios
999 5465 1252 5523 pra-terea
1286 5460 1461 5527 rogavi
1492 5460 1688 5514 amicae
1710 5461 1991 5532 doctosque
2015 5465 2175 5529 viros,
2212 5473 2268 5516 ut
2296 5460 2557 5532 syntbolas
2591 5476 2717 5515 suas
2742 5458 3071 5530 conferrent;
3096 5456 3359 5522 omnibus,
3389 5456 3479 5526 qui
3508 5454 3579 5509 ad
3607 5470 3713 5508 au-

450 5561 645 5600 ctorem
667 5555 902 5600 nostrum
933 5547 1315 5602 illustrandum
1345 5550 1789 5607 emcndandumve
1814 5555 2018 5625 aliquid
2051 5555 2377 5619 tribuissent,
2410 5556 2637 5624 gratias,
2679 5569 2809 5622 quas
2846 5568 3071 5623 possem,
3107 5552 3369 5605 maximas
3408 5551 3709 5616 habiturus.

454 5639 643 5694 Utrum
670 5641 751 5695 his
775 5642 953 5695 usibus
992 5641 1359 5712 quadantenus
1386 5641 1635 5698 inservire
1661 5650 1913 5714 poterint,
1938 5664 2055 5718 qua:
2084 5664 2178 5703 nos
2208 5664 2234 5701 e
2265 5649 2407 5703 tenui
2440 5656 2617 5700 nostro
2656 5663 2787 5716 penu
2820 5645 3259 5715 deprompsimus,
3312 5659 3491 5712 azquus
3539 5641 3713 5694 lector

449 5736 608 5802 facile
625 5734 911 5806 judicabit.
954 5734 1082 5792 Hatc
1122 5753 1280 5801 porro
1332 5735 1599 5806 excipiunt
1645 5755 1761 5809 qua:
1803 5741 1865 5797 de
1921 5742 2183 5799 Clemente
2226 5742 2438 5814 eiusque
2477 5740 2688 5811 scriptis
2727 5738 2935 5808 collegit
2972 5738 3043 5792 vir
3102 5735 3431 5793 clarissimus
3472 5733 3706 5790 Joannes
