3944 6340
221 337 286 393 ‘29
1328 342 1694 400 REINHOLDI
1727 342 1952 400 IsLOTZ
1993 345 2151 402 PRA‘J
2161 344 2379 404 FATIO.
3392 353 3460 406 50

222 462 460 516 Albertus
511 463 816 532 Fabricius,
869 483 976 521 una
1016 484 1133 520 cum
1183 477 1482 531 auctorum,
1517 484 1648 537 quos
1697 467 1933 521 laudavit
1980 468 2240 537 Clemens,
2286 469 2469 525 Indice
2493 471 2942 543 locupletissimo;
2975 475 3062 529 cui
3108 493 3199 530 nos
3233 474 3460 530 alterum

221 553 524 621 adjecimus,
567 558 657 624 qui
687 553 744 610 S.
795 555 1086 627 Scriptum
1111 560 1401 613 sententias
1433 560 1497 612 ab
1544 576 1603 614 eo
1633 559 1894 612 adductas
1932 570 2269 616 monstraret.
2297 562 2567 633 'Sequitur
2619 564 2833 622 llerreti
2876 567 3352 635 Commentarius;
3399 584 3463 623 ne

221 647 566 716 quideorum,
600 663 718 717 quae
747 649 962 718 reliquie
990 648 1272 706 Clementis
1309 651 1564 705 editiones
1599 651 1864 718 exhibent,
1904 655 1957 706 in
1993 653 2093 707 hac
2119 665 2300 709 nostra
2333 656 2678 713 desideretur.
2715 658 2914 730 Agmcn
2948 659 3203 714 claudunt
3247 660 3458 715 Indices

223 739 334 802 duo,
359 755 536 792 rerum
571 743 739 809 prior,
781 743 1050 796 verborum
1089 745 1378 812 posterior;
1415 761 1544 814 quos
1577 745 1813 798 maxima
1839 746 2047 815 quidem
2085 764 2150 801 ea:
2187 759 2338 818 parte
2367 749 2649 821 Sylburgio
2679 752 2942 807 debemus.
2991 753 3286 822 Postremo,
3342 771 3461 807 cum

225 832 488 886 editionem
515 832 923 906 Sylburgianam
951 853 1013 889 ac
1048 834 1376 889 Parisienses
1405 837 1539 891 duas
1573 837 1629 890 in
1660 836 1900 890 manibus
1928 838 2200 893 doctorum
2232 843 2495 910 principue
2523 842 2689 911 fuisse
2724 844 2970 908 viderem,
3012 845 3203 899 harum
3238 847 3461 916 paginas

227 925 269 977 in
295 923 462 980 δι’ωεὶ
496 936 690 992 textus,
721 927 870 983 illius
891 944 1004 982 vero
1029 930 1082 981 in
1113 927 1296 982 Latini
1317 930 1548 998 margine
1575 930 1755 983 curavi
1777 939 2023 999 perpetuo
2049 932 2438 988 describendas.

287 1017 411 1073 Hoc
430 1021 694 1088 pracipue
725 1029 867 1085 sunt,
899 1021 1062 1073 amice
1091 1018 1297 1084 LectOr,
1323 1037 1442 1089 quin
1469 1021 1533 1073 de
1563 1021 1661 1074 hac
1699 1029 1882 1074 nostra
1913 1021 2194 1078 Clementis
2228 1023 2577 1080 Alexandrini
2619 1025 2848 1082 editione
2880 1030 3212 1084 admonitum
3259 1041 3308 1085 te
3355 1030 3466 1086 vel-

233 1116 331 1168 lem.
359 1113 517 1179 Quod
543 1116 597 1182 si,
611 1131 672 1168 ea
695 1115 855 1185 paulo
884 1131 1039 1185 quam
1067 1127 1460 1184 exspectaveras
1497 1115 1664 1168 serius
1695 1116 1936 1184 prodeat,
1963 1116 2041 1170 vel
2070 1119 2116 1170 si
2155 1119 2353 1187 publici
2396 1137 2532 1174 nunc
2570 1121 2713 1190 juris
2763 1122 2909 1191 facta
2963 1125 3095 1178 votis
3138 1127 3244 1179 tuis
3289 1127 3463 1180 minus

233 1210 544 1278 respondeat,
576 1208 631 1261 id
658 1209 840 1278 aliqua
867 1207 1054 1261 saltem
1082 1224 1148 1262 ea:
1171 1218 1322 1277 parte
1361 1208 1632 1260 oculorum
1656 1224 1888 1262 meorum
1913 1209 2263 1266 imbecillitati
2291 1213 2534 1282 imputes,
2570 1231 2725 1286 rogo;
2757 1232 2874 1285 qua:
2900 1233 3017 1270 cum
3066 1217 3118 1271 in
3158 1217 3464 1291 Peedagogo

232 1313 499 1356 uersantem
528 1303 700 1372 primo
724 1302 1020 1364 invasisset,
1045 1301 1176 1354 adeo
1198 1301 1404 1355 tandem
1433 1302 1656 1356 invaluit
1684 1305 1866 1373 quinto
1893 1303 2228 1361 Stromatum
2256 1308 2391 1361 libro
2415 1308 2510 1362 sub
2533 1311 2696 1378 pra'lo
2724 1311 2968 1375 sudante,
2997 1323 3052 1364 ut
3077 1313 3268 1378 alienis
3294 1317 3462 1368 multo

231 1398 330 1464 plus
359 1409 513 1463 quam
546 1391 780 1460 propriis
811 1389 1047 1460 deinceps
1079 1391 1238 1460 ﬁdere
1259 1391 1395 1446 dura
1423 1409 1522 1458 me,
1552 1393 1642 1445 sed
1679 1409 1896 1463 prorsus
1928 1396 2300 1461 ineluctabilis,
2335 1377 2616 1456 necessitas
2646 1413 2869 1472 cogeret.
2906 1403 3060 1469 Quod
3097 1377 3152 1458 si.
3177 1422 3337 1474 quam
3366 1407 3464 1468 tibi

227 1504 304 1541 seu
326 1485 639 1554 voluptatem
671 1500 761 1536 seu
789 1483 1074 1536 utilitatem
1101 1483 1156 1536 lii
1185 1486 1351 1538 nostri
1395 1484 1595 1539 labores
1639 1485 1935 1552 attulerint,
1962 1488 2096 1541 hanc
2121 1490 2282 1542 vicem
2305 1491 2516 1545 reddere
2543 1509 2606 1546 ne
2631 1494 2949 1564 dedigneris,
2982 1505 3038 1548 ut
3071 1495 3176 1550 Deo
3201 1513 3294 1549 nos
3335 1495 3459 1566 Opts

228 1577 357 1630 παπ.
384 1577 619 1644 precibus
659 1577 764 1628 tuis
796 1576 1139 1632 commendes.
1187 1576 1334 1638 Vale:

1567 1675 1774 1731 Dabam
1804 1677 2064 1744 Londini,
2098 1697 2191 1736 xu:
2224 1681 2341 1736 Kal.
2375 1681 2652 1752 Septemb.
2683 1684 2746 1742 A.
2777 1684 2839 1740 D.
2870 1685 3174 1742 MDCCXV.

229 1849 708 1874 —_=—————
489 1847 3342 1889 MW_—m_—’
3135 1866 3300 1874 ’-
3317 1864 3422 1890 “³

288 1957 476 2048 lipsi“,
513 1958 751 2048 angit-Tati
774 1961 993 2048 prodiit,
1020 1961 1110 2042 sed
1134 1958 1315 2016 Crwce
1350 1973 1573 2048 tantum,
1607 1982 1736 2048 riora
1768 1968 2048 2048 Clementis
2076 1969 2518 2048 Operum‘editio,
2554 1986 2780 2048 curante
2801 1975 3088 2030 Rrinholdo
3118 1977 3297 2039 Klotz,
3323 1977 3453 2048 pliil‘.

228 2030 351 2083 doct.
384 2030 485 2099 (α).
519 2029 660 2094 Quid
693 2031 746 2082 in
782 2030 881 2083 hac
914 2033 1206 2085 recensione
1234 2036 1540 2102 prastiterit
1564 2037 1761 2104 editor,
1787 2039 1896 2107 ipse
1924 2041 1975 2092 in
1998 2029 2401 2110 prwfationibus
2429 2029 2540 2098 suis
2563 2047 2640 2099 sic
2664 2047 2888 2115 explicat
2919 2066 2937 2099 .-

669 2253 1041 2313 PREFATIO
1080 2259 1244 2314 ΤΟΜΙ
1284 2263 1323 2316 1.

281 2349 510 2423 Carolos
550 2347 821 2423 Ernestus
847 2345 1161 2406 'Richterus
1214 2353 1292 2407 vir
1332 2355 1697 2423 clarissimus.
1742 2363 1786 2418 is

222 2421 305 2489 qui
340 2418 736 2495 Bibliothecam
763 2422 901 2475 lianc
932 2437 1142 2476 sacram
1179 2434 1303 2478 ante
1334 2441 1535 2495 pani-os
1568 2428 1665 2484 hos
1686 2418 1786 2486 van-

223 2507 309 2543 nos
344 2492 509 2544 edere
541 2491 742 2558 coepit,
781 2507 902 2544 cum
951 2507 1057 2560 qua
1104 2509 1208 2546 me.
1233 2505 1314 2549 est
1334 2491 1589 2552 'amicitia
1631 2517 1786 2555 com-

226 2562 422 2638 plastis,
453 2575 627 2638 amate
660 2562 904 2638 petisset.
944 2572 1004 2616 ut
1033 2565 1490 2638 quemadmodum
1551 2570 1664 2638 ipse
1694 2571 1787 2625 Jo-

225 2631 360 2710 ἶφιιὶ
383 2641 440 2684 et
465 2628 715 2710 Philonis
745 2628 1071 2710 ,ἥξει-πριιιιιῇ
1086 2649 1246 2703 opera
1278 2628 1662 2710 edid_isset.'ita
1686 2657 1786 2710 ego

223 2701 510 2755 Clementis
564 2700 916 2755 Alexandrini
967 2700 1170 2780 scripta
1237 2705 1443 2760 edenda
1499 2700 1782 2780 curarem;

221 2787 526 2840 quanquam
558 2787 644 2824 me
685 2787 788 2846 ιιρρ
822 2774 1128 2846 praeteribat
1155 2790 1318 2844 quam
1355 2792 1643 2846 operosum
1677 2774 1781 2838 hoc

222 2851 352 2895 esset
372 2856 656 2911 quamque
677 2841 1187 2919 dilﬁcilenegotium
1209 2885 1223 2909 ,
1258 2861 1363 2899 non
1393 2841 1568 2903 tamen
1599 2855 1781 2919 putavi

223 2928 430 2980 operam
479 2913 1228 2985 meamquantulumcunque
1268 2919 1478 2985 roganti
1515 2913 1691 2976 amico
1720 2938 1784 2978 ac

223 2999 344 3049 pene
370 2982 670 3056 postulanti
709 2982 1063 3056 recusandam
1095 2982 1213 3056 esse
1243 3001 1307 3039 ac
1336 2982 1733 3056 deprecandam
1762 3013 1774 3048 :

222 3069 370 3120 quam
409 3053 485 3105 ob
521 3067 746 3105 causam
779 3053 836 3131 si
861 3054 998 3131 _quid
1037 3054 1122 3109 cui
1163 3056 1305 3110 vires
1338 3053 1470 3131 mea:
1501 3060 1782 3131 haudqua-

220 3138 370 3202 quam
412 3138 577 3192 pares
622 3137 742 3176 esse
788 3123 1073 3202 videantur
1116 3127 1484 3202 susceperim,
1517 3131 1567 3184 id
1608 3123 1781 3202 magis

221 3194 472 3271 facilitate
499 3208 640 3271 mea,
669 3208 773 3271 qua
803 3195 1101 3271 amicorum
1131 3194 1394 3271 voluntati
1433 3215 1650 3270 semper
1677 3194 1778 3271 pvu-

225 3264 475 3341 Iaviesse
514 3264 946 3332 inserviendum,
977 3281 1141 3335 quam
1183 3269 1288 3321 alia
1327 3269 1431 3322 ulla
1464 3264 1623 3341 culpa
1655 3264 1777 3330 mea

221 3334 455 3387 mminit.

495 3418 628 3482 vero
662 3418 740 3482 eae
783 3403 916 3482 mihi
958 3407 1284 3482 praescriptas
1312 3418 1468 3482 erant
1503 3409 1684 3482 leges,
1721 3423 1780 3466 ut

222 3475 506 3550 autnovis
556 3474 717 3550 _l_ibris
753 3475 1105 3550 anquirendis
1145 3474 1239 3531 aut
1285 3479 1406 3533 aliis
1450 3474 1778 3550 adjiimentis

222 3545 411 3598 criticis
456 3543 702 3613 undique
741 3543 1124 3613 conquirendis
1162 3564 1354 3603 novam
1393 3543 1585 3604 horum
1637 3555 1776 3608 scri-~

1812 2282 1855 2336 Α
1887 2277 2117 2331 tioribus
2165 2277 2373 2332 criticis
2419 2278 2533 2332 sive
2579 2293 2643 2332 ex
2695 2279 2848 2333 libris
2881 2280 2994 2333 sive
3027 2279 3093 2333 de
3140 2278 3457 2344 conjectura

1891 2349 2094 2402 rectius
2123 2348 2476 2402 constitutum
2510 2349 2765 2404 vidissem
2797 2350 3140 2414 asciscerem,
3174 2365 3278 2418 qua
3309 2349 3362 2402 in
3396 2366 3460 2403 re-

1890 2418 2034 2487 quod
2078 2426 2452 2489 quantumque
2484 2419 2778 2489 unicuique
2818 2420 3078 2474 debeatur
3109 2438 3120 2473 :
3147 2420 3358 2473 dicetur
3387 2434 3458 2474 eo

1889 2488 2185 2551 volumine,
2209 2488 2627 2558 quedcriticam
2660 2488 3062 2544 adnotationem
3095 2489 3412 2543 continebit.

1960 2558 2097 2613 Tum
2147 2560 2198 2612 in
2233 2561 2586 2614 emendandis
2640 2561 2724 2614 bis
2770 2560 3065 2616 Clementis
3123 2559 3275 2613 libris
3319 2574 3456 2613 usus

1889 2646 2008 2684 sum
2032 2629 2254 2684 scholiis
2287 2627 2551 2685 Parisinis
2574 2633 2813 2685 nondum
2847 2632 3026 2698 editis,
3059 2645 3180 2700 qua:
3223 2630 3461 2684 editioni

1887 2709 2090 2754 nostra:
2121 2700 2466 2768 adjiciantur.

1960 2769 2161 2842 Doinde
2185 2780 2377 2842 praeter
2407 2787 2570 2840 quam
2592 2771 2738 2842 quod
2769 2788 2890 2837 quae
2911 2771 3012 2825 viri
3046 2772 3187 2826 docti
3229 2771 3316 2825 hic
3341 2771 3454 2842 illic

1886 2840 1950 2912 de
1975 2841 2269 2912 Clementis
2305 2842 2438 2896 locis
2465 2840 2849 2912 prtecepeiaiit,
2890 2843 3135 2897 studiose
3161 2841 3353 2912 collegi
3401 2849 3455 2895 et

1887 2910 2059 2964 sicubi
2094 2927 2227 2964 usus
2262 2911 2326 2966 iis
2357 2921 2496 2977 erat,
2537 2913 2590 2966 in
2625 2910 2798 2966 meam
2828 2929 2940 2966 rem
2979 2914 3252 2976 converti,
3288 2910 3454 2965 etiam

1885 2996 1970 3045 ea,
2000 2997 2120 3050 quae
2145 2981 2496 3036 Villoisonius
2525 2983 2579 3036 in
2619 2982 2867 3051 Epistolis
2899 2982 3296 3036 l’inariensibus
3322 2981 3450 3035 inde

1885 3066 1914 3104 a
1947 3067 2066 3121 pag.
2106 3051 2175 3106 92
2197 3051 2298 3117 -97,
2323 3053 2389 3104 de
2413 3054 2548 3106 loeis
2577 3054 2902 3120 quibusdam
2927 3053 3222 3107 Clementis
3249 3051 3451 3121 scripta

1885 3069 1914 3104 a
1947 3069 2008 3120 pa
2055 3089 2066 3105 .
2106 3069 2175 3106 az
2197 3069 2298 3117 -υι,
2323 3069 2389 3104 ue
2413 3069 2548 3106 iocis
2577 3069 2902 3120 quibusnam
2927 3069 3222 3107 Clementis
3249 3069 3451 3121 scripta

1883 3136 1912 3174 e
1959 3069 2286 3176 bibliotheca
2339 3121 2645 3176 Vinariensi
2693 3126 2838 3177 l'oras
2888 3123 3068 3186 dedit,
3117 3121 3353 3187 excussi.
3390 3120 3454 3175 In

1884 3191 1969 3245 his
2026 3207 2156 3246 vero
2207 3193 2447 3246 virorum
2501 3193 2783 3246 doctorum
2839 3193 3284 3247 adnotationibus
3345 3192 3451 3246 etsi

1883 3262 2142 3316 nonnulla
2176 3262 2248 3317 ita
2287 3273 2441 3317 erant
2467 3264 2757 3324 declarata.
2786 3275 2842 3316 ut
2863 3274 2915 3316 et
2944 3278 3228 3317 assensum
3265 3277 3449 3315 meum

1882 3332 2105 3414 tulerint
2151 3347 2252 3388 nec
2300 3349 2400 3415 ego
2443 3333 2804 3415 dubitaverim
2840 3349 3003 3412 quam
3053 3339 3452 3415 proposuerunt

1882 3402 2208 3472 scripturam
2248 3402 2521 3471 recipere;
2557 3403 2722 3456 multa
2758 3409 2936 3456 tamen
2967 3418 3089 3457 esse
3115 3402 3345 3472 cognovi
3366 3402 3475 3472 ita,

1881 3471 2216 3543 comparata,
2245 3484 2302 3527 ut
2342 3475 2434 3542 qui
2464 3483 2624 3528 caute
2660 3473 2909 3528 criticum
2947 3482 3091 3543 agat,
3124 3471 3218 3526 aut
3252 3473 3306 3543 in
3345 3471 3450 3527 du-

1883 3541 2201 3623 bitationem
2255 3541 2449 3623 vocare
2489 3560 2556 3623 ea
2602 3543 2799 3623 debeat
2845 3553 2942 3598 aut
2992 3541 3152 3623 plane
3197 3542 3446 3623 rejicere.

221 3625 422 3736 :torum
460 3611 834 3668 recensione-ni
855 3611 1213 3675 instituerem.
1235 3619 1326 3674 sed
1352 3627 1410 3672 ut
1432 3635 1554 3688 qua:
1576 3624 1775 3690 optima

255 3685 501 3736 aberctur
529 3684 718 3736 editio.
740 3701 857 3736 eam
891 3686 1082 3736 litteris
1115 3689 1448 3736 mandarem-
1480 3705 1546 3736 ac
1569 3693 1614 3736 si
1645 3693 1774 3736 nnid

1882 3611 2067 3683 Itaque
2099 3629 2236 3682 quos
2277 3614 2426 3669 locos
2453 3614 2550 3667 viri
2584 3614 2727 3668 docti
2764 3630 2860 3684 pro
2890 3611 3324 3683 corruptissimis
3350 3612 3450 3666 lia-

1887 3683 2122 3736 buerunt
2151 3685 2386 3736 multos.
2418 3699 2513 3736 eos
2561 3700 2662 3736 eeo
2707 3683 2838 3736 inibi
2873 3685 3062 3736 videor
3105 3693 3199 3736 aut
3238 3690 3445 3736 mutata

255 3685 501 3740 aberctur
529 3684 718 3750 editio,
740 3701 857 3762 eam
891 3684 1463 3762 litterismandarem,
1480 3705 1546 3745 ac
1569 3684 1627 3762 si
1645 3693 1775 3762 quid

218 3766 389 3824 aperte
444 3764 728 3832 peccatum
777 3756 1252 3832 deprehendissem
1281 3801 1294 3824 ,
1333 3761 1398 3832 id
1449 3756 1776 3832 corrigerem

217 3837 364 3894 atque
392 3827 746 3880 emendarem
777 3843 790 3878 :
827 3843 930 3895 qua
961 3841 1062 3898 ego
1108 3828 1160 3881 in
1211 3845 1268 3884 re
1298 3830 1344 3884 si
1387 3827 1622 3899 quando'
1655 3833 1777 3902 plus

214 3911 364 3972 quam
405 3911 720 3972 receperam
763 3908 1021 3972 praestare
1066 3909 1294 3972 conatus
1327 3917 1445 3954 sum
1477 3911 1532 3972 et
1579 3903 1776 3972 quavis

217 3966 311 4022 fere
331 3968 536 4036 pagina
568 3967 636 4018 ab
661 3967 747 4029 iis,
775 3968 865 4035 qui
895 3976 1020 4022 ante
1049 3983 1135 4021 mc
1157 3971 1456 4024 orationem
1482 3966 1777 4028 Clementis

214 4039 628 4097 constituerant,
669 4037 1055 4092 discedendum
1095 4054 1216 4094 esse
1245 4041 1372 4094 duxi
1399 4083 1414 4106 ,
1458 4043 1508 4095 id
1540 4053 1598 4096 ut
1628 4044 1777 4099 fieret

213 4119 258 4160 et
284 4124 372 4162 res
413 4110 547 4180 ipsa
567 4107 845 4180 ﬂagitabat
869 4117 922 4180 et
955 4125 986 4162 a
1015 4110 1204 4180 multis
1233 4126 1318 4164 me
1352 4126 1512 4180 spero
1542 4114 1644 4168 hoc
1673 4130 1774 4168 no-

212 4180 364 4241 mine,
398 4178 986 4250 quodultroeXsolvi,
1020 4179 1218 4234 bonam
1256 4178 1483 4250 gratiam
1514 4184 1768 4238 inivissc:

210 4264 262 4303 ea
295 4251 449 4302 enim
481 4248 608 4302 huic
645 4248 894 4316 scripturi
937 4250 1131 4304 cecidit
1163 4248 1314 4313 sors,
1354 4262 1415 4306 ut
1443 4269 1564 4307 cum
1593 4270 1622 4307 a
1656 4253 1774 4307 Fri-

209 4319 380 4392 derieo
424 4318 716 4387 Sylburgio
748 4319 1096 4383 discesserit,
1130 4322 1222 4390 qui
1263 4323 1522 4392 majorem
1560 4334 1613 4378 et
1665 4325 1772 4378 nti-

209 4391 385 4444 liorem
430 4391 483 4441 in
512 4404 578 4442 eo
622 4403 840 4461 operam
876 4405 1076 4458 ponere
1107 4402 1200 4461 aut
1235 4391 1417 4461 posset
1455 4403 1549 4447 aut
1579 4394 1768 4458 vellet,

209 4461 464 4514 editnrem
489 4459 758 4531 invenerit
790 4461 1081 4514 neminem.
1116 4459 1357 4531 Namque
1377 4461 1615 4518 Joannes
1642 4463 1770 4519 Pot-

211 4541 362 4592 terus,
404 4529 501 4596 qui
526 4529 806 4597 superiore
828 4532 1024 4584 sa-culo
1053 4529 1492 4601 ineunte‘scripta
1523 4535 1770 4588 Clemen-

210 4604 264 4654 tis
286 4602 505 4672 edidit.
530 4602 629 4653 etsi
669 4601 977 4672 itaoptime
1013 4610 1097 4655 est
1143 4601 1208 4655 de
1231 4603 1312 4656 eis
1339 4605 1586 4666 meritus,
1626 4606 1768 4672 quod

207 4673 358 4724 libros
395 4671 636 4738 scriptos
666 4670 950 4739 diligenter
971 4680 1331 4740 accurateque
1361 4673 1591 4727 contulit
1614 4670 1766 4735 {non

210 4742 429 4809 proinde
479 4751 663 4794 tatnen
704 4755 768 4816 ac
818 4741 937 4794 libri
982 4742 1331 4816 postulgbaut
1376 4743 1564 4816 optimi
1621 4746 1769 4798 locos

209 4822 490 4882 corruptos
527 4810 819 4882 emendare
872 4827 1040 4865 ausus
1073 4810 1360 4882 est'atque
1401 4810 1764 4868 confortnare.

211 4880 378 4953 Itaque
407 4896 560 4950 saepe
582 4880 822 4953 accidit,
859 4889 917 4934 ut
943 4881 1213 4949 scriptura
1246 4880 1326 4946 ea,
1357 4899 1519 4952 quam
1561 4892 1613 4938 et
1646 4885 1766 4938 libri

210 4951 484 5007 tuerentur
502 4961 554 5024 et
581 4951 696 5019 ipse
718 4951 937 5024 duceret
966 4955 1321 5021 probandam,
1343 4951 1395 5006 in
1418 4955 1768 5009 adnotatione
1796 4962 1840 5024 ε

209 5025 466 5077 duntaxat
499 5023 676 5075 locum
707 5022 1002 5076 obtineret:
1030 5032 1212 5091 aperta
1240 5024 1584 5077 librariorum
1613 5041 1755 5078 men-

209 5096 264 5147 da
293 5109 401 5147 non
449 5091 790 5164 tollerentur:
834 5091 1158 5164 Sylburgius
1208 5102 1395 5164 contra
1454 5110 1765 5164 quanquam

211 5174 390 5232 praeter
419 5163 719 5217 editionem
749 5160 808 5214 P.
834 5160 1175 5216 Victori’uno
1199 5165 1336 5217 libro
1358 5160 1768 5220 Palatino'nsus

209 5246 297 5298 est,
335 5235 515 5287 multa
542 5242 720 5286 tamen
749 5233 817 5285 ab
845 5249 910 5285 eo
940 5241 1067 5286 sunt
1095 5236 1379 5288 emendata
1414 5235 1538 5289 vitia
1569 5244 1624 5289 et
1651 5252 1768 5288 0m-

209 5307 278 5358 iiis
307 5322 443 5358 cura
477 5312 643 5376 atque
670 5318 830 5370 opera
858 5303 910 5356 in
943 5302 1170 5372 singulis
1201 5305 1576 5376 unthrsisque
1600 5323 1766 5376 espo-

207 5375 386 5428 liendis
421 5374 622 5443 posta.

266 5440 437 5509 Quod
456 5460 582 5514 cum
621 5440 693 5496 ita
731 5444 822 5508 sit,
858 5459 964 5497 non
999 5459 1157 5513 spero
1197 5444 1462 5509 futurum,
1510 5456 1567 5500 ut
1607 5449 1760 5514 quis-

206 5530 355 5597 quam
390 5517 497 5567 bac
525 5512 592 5566 de
633 5529 935 5597 temecum
971 5512 1298 5597 dissentiat,
1326 5515 1472 5597 quod
1501 5512 1769 5597 Sylliurgii

206 5587 511 5656 editionem
542 5583 709 5637 malui
760 5600 921 5652 quam
969 5583 1171 5638 Polteri
1208 5583 1381 5656 sequi,
1419 5587 1491 5640 ita
1520 5583 1575 5640 ut
1622 5583 1762 5640 hanc

207 5670 318 5707 tum
350 5657 440 5707 illa
485 5655 772 5723 d.ligenter
809 5655 1108 5709 conferrem
1141 5666 1195 5710 ct
1235 5655 1295 5711 si,
1319 5658 1447 5726 quid
1485 5674 1518 5711 a
1566 5671 1758 5710 recen-

1887 3683 2122 3738 l'iuerunt
2151 3685 2386 3748 multos,
2418 3699 2513 3739 eos
2561 3700 2662 3753 ego
2707 3683 2838 3738 inibi
2873 3685 3062 3738 videor
3105 3693 3199 3738 aut
3238 3690 3445 3753 mutata

1883 3753 2318 3824 interpunctione
2393 3763 2488 3808 aut
2557 3751 2802 3809 faciliore
2864 3755 3100 3824 quadam
3156 3751 3446 3824 medicina

1882 3822 2044 3893 quani
2100 3840 2221 3896 quae
2277 3825 2507 3879 istorum
2552 3826 2656 3878 fuit
2709 3822 3108 3896 pet-sanavisse_.
3141 3823 3315 3896 Cujus
3365 3822 3446 3876 rei

1880 3892 2133 3962 Quamvis
2187 3896 2452 3964 permulta
2500 3892 2982 3965 possitnexempla
3036 3892 3320 3960 cdere,'id
3353 3903 3448 3948 ,ιιι-

1880 3981 2002 4035 inen
2037 3979 2147 4020 tum
2189 3965 2584 4021 declarabitur.
2620 3982 2742 4019 cum
2769 3967 2819 4019 id
2849 3981 3092 4035 agemus.

1950 4034 2104 4101 Quod
2139 4038 2204 4090 ad
2240 4037 2411 4090 libros
2440 4037 2672 4104 scriptos
2701 4034 2912 4101 attinet,
2941 4037 3204 4090 antistare
3231 4034 3447 4092 caeteris

1877 4107 2090 4160 videtur
2137 4108 2228 4160 ille
2275 4107 2446 4172 liber,
2491 4107 2583 4175 qui
2643 4115 2958 4161 asservatur
2999 4107 3054 4160 in
3110 4105 3444 4161 bibliotheca

1879 4178 2000 4230 novi
2032 4178 2172 4246 apud
2212 4175 2547 4247 Oxonienses
2577 4176 2836 4247 Collegii,
2871 4177 2965 4246 qui
3013 4187 3192 4230 tamen
3249 4185 3447 4246 praeter

1877 4247 2304 4300 Coliortationem
2350 4246 2418 4299 ad
2454 4246 2664 4302 Grcecos
2711 4246 2818 4302 duo
2856 4257 3063 4301 tantum
3114 4247 3446 4316 posteriores

1877 4317 2162 4388 Paedagogi
2208 4319 2374 4370 libros
2415 4320 2676 4371 continet.
2709 4317 2863 4388 Eum,
2883 4319 3235 4385 potissimum
3269 4318 3355 4372 his
3387 4319 3443 4371 in

1876 4389 2028 4442 libris
2076 4387 2411 4458 sequendum
2459 4389 2787 4442 existimavi.
2841 4387 3042 4442 Prmter
3089 4388 3234 4442 enim
3275 4403 3440 4458 quam

1874 4459 2019 4527 quod
2047 4459 2366 4528 plerumque
2395 4458 2647 4513 meliores
2668 4458 2920 4513 exhibuit
2949 4460 3269 4528 scripturas,
3287 4459 3441 4514 dete-

1874 4530 2044 4583 riores
2099 4530 2334 4597 sprevit,
2376 4529 2646 4600 interdum
2701 4529 2912 4600 singula
2956 4531 3035 4582 vel
3079 4529 3245 4600 plura
3275 4531 3440 4585 etiam

1872 4600 2142 4667 supplevit
2169 4600 2350 4664 verba,
2369 4615 2490 4668 qua:
2512 4599 2858 4670 librariorum
2889 4601 3208 4670 negligentia
3237 4599 3290 4653 in
3317 4601 3440 4657 aliis

1873 4671 2025 4740 libris
2052 4670 2295 4724 videmus
2317 4686 2440 4724 esse
2477 4670 2706 4734 omissa,
2736 4682 2794 4740 ut
2828 4669 3119 4740 Protrept.,
3156 4681 3180 4736 ᾗ
3213 4671 3268 4733 2,
3299 4687 3353 4740 p.
3380 4672 3436 4734 5,

1870 4740 1955 4792 ed.
2001 4739 2168 4802 Pott.,
2209 4741 2321 4811 haec
2347 4740 2507 4811 verba
2534 4759 2548 4795 :
2583 4741 2688 4792 Kal
2733 4739 2848 4792 τῶν
2878 4739 3188 4811 δραμάτων
3215 4744 3269 4794 ol
3297 4739 3440 4795 ὖπο-

1870 4811 2059 4878 κριταὶ
2091 4809 2385 4881 θυμηδίας
2409 4810 2687 4879 θεάματα,
2729 4827 2849 4880 qua-
2874 4809 3004 4881 quin
3044 4813 3114 4866 ab
3154 4814 3271 4881 ipso
3313 4813 3436 4866 Cle-

1870 4891 2050 4950 mente
2079 4881 2314 4949 profecta
2347 4880 2458 4934 sint
2485 4897 2592 4934 non
2624 4890 2796 4950 potest
2829 4880 2951 4936 esse
2975 4884 3222 4936 dubium.
3263 4881 3434 4946 Ibid.,

1871 4949 1902 5075 ἓ
1937 4951 2022 5015 Η,
2064 4969 2114 5020 p.
2153 4953 2240 5014 ll,
2269 4953 2354 5006 ed.
2391 4949 2553 5016 Pott.,
2601 4949 2714 5006 lucc
2757 4953 2917 5006 verba
2941 4969 3003 5007 ex
3037 4968 3102 5006 eo
3134 4951 3436 5020 adjicienda

1910 5022 1999 5075 uxi
2028 5041 2040 5075 :
2073 5023 2178 5075 Kal
2203 5021 2440 5075 πλάνης
2466 5021 2727 5075 ἀκράτου
2756 5022 3126 5075 κυϐευτήοια.
3165 5022 3262 5075 Est
3290 5025 3436 5075 enim

1910 5022 1999 5075 uxi
2028 5041 2040 5076 :
2073 5023 2178 5075 Kal
2203 5021 2440 5090 πλάνης
2466 5021 2727 5090 ἀκράτου
2756 5022 3126 5090 κυϐευτήρια.
3165 5022 3262 5076 Est
3290 5025 3437 5078 enim

1872 5093 1996 5145 boni
2046 5093 2220 5162 critici
2263 5108 2368 5146 non
2409 5093 2584 5146 solum
2617 5110 2739 5162 qua!
2783 5094 2972 5145 merito
3010 5101 3140 5146 sunt
3185 5105 3437 5162 suspecta

1870 5163 2117 5231 rejicere,
2147 5159 2330 5217 verum
2378 5163 2538 5216 etiam
2576 5159 2788 5233 sfquid
2838 5163 3180 5216 librariorum
3222 5159 3436 5220 incuria

1869 5234 2129 5287 amissum
2165 5235 2254 5300 sit,
2295 5233 2344 5286 id
2374 5244 2638 5302 quantum
2675 5251 2726 5286 ιιι
2759 5249 2816 5287 se
2851 5243 2934 5286 est
2961 5235 3380 5302 reprehendere.

1945 5302 2144 5358 Versus
2190 5321 2327 5373 quos
2376 5305 2576 5357 multos
2624 5305 2808 5358 laudat
2857 5303 3111 5359 Clemens
3141 5305 3214 5359 ita
3252 5307 3436 5361 studui

1869 5375 2221 5434 constituere,
2247 5383 2307 5428 ut
2334 5377 2575 5444 exceptis
2605 5374 2792 5443 paucis
2817 5390 2952 5443 quos
2984 5385 3168 5444 aperte
3199 5377 3433 5432 viderem

1871 5460 1990 5517 esse
2015 5447 2358 5514 depravatos,
2389 5454 2443 5499 et
2479 5456 2653 5517 metro
2691 5454 2744 5496 et
2766 5446 3055 5517 sententiae
3087 5456 3259 5517 poetze
3297 5447 3432 5502 satis

1872 5513 2125 5586 facerem,
2155 5517 2452 5584 praesertim
2478 5530 2601 5569 cum
2629 5515 2681 5567 in
2713 5513 3067 5571 adnotatione
3087 5513 3278 5572 critica
3311 5533 3433 5586 qua:

1870 5585 1923 5638 in
1953 5585 2107 5639 libris
2135 5595 2278 5640 esset
2301 5586 2571 5654 scriptura
2609 5599 2786 5639 essent
2821 5588 3178 5642 indicaturus.
3217 5585 3432 5642 Alii’sic

1866 5666 2021 5710 erant
2045 5672 2167 5710 cum
2196 5655 2488 5711 Clementis
2511 5655 2761 5711 oratione
2783 5658 3082 5729 conjuncti,
3109 5666 3167 5712 ut
3188 5659 3429 5726 separari

262 5771 330 5842 (tt)
370 5770 664 5842 Bibliotheca
685 5775 1050 5842 sacrafotrum
1075 5773 1298 5842 Ecclesia
1317 5778 1612 5842 σιίιτρηιιηἶ
1642 5773 1741 5842 Titi
1777 5773 1934 5842 Flavii
1962 5773 2559 5842 Clementis_A_lr:randrittt'
2582 5779 2741 5840 Opera
2779 5777 2954 5829 omnia.
2986 5775 3265 5842 Rccognorit
3294 5773 3428 5826 licin-

209 5829 366 5881 hofdns
402 5834 557 5882 lium
602 5836 799 5896 Lipsia',
834 5834 1060 5894 1830—34,
1082 5839 1353 5896 sumptibus
1378 5839 1428 5888 li.
1461 5841 1512 5888 Β.
1539 5838 1878 5899 διἰιιγιςιίριιί,
1906 5841 2060 5898 ιιι-12,
2088 5841 2180 5889 vol.
2213 5838 2308 5887 l-l.
