3944 6340
201 361 262 418 55
1424 351 1759 412 νετειιυιι
1800 349 2217 413 TESTIMONlA

3374 361 3445 415 34

1079 683 1652 777 VETEBUM
1731 680 2527 778 TESTIMONIA.

1107 1025 1388 1095 Eusebius,
1433 1026 1744 1083 Ecclesiast.
1789 1013 1998 1083 Hister.
2039 1027 2134 1082 lib.
2166 1043 2240 1094 Iv,
2281 1043 2396 1097 cap.
2425 1026 2514 1082 26.

269 1129 550 1201 Τούτοὶῗδὲ
579 1143 676 1199 τοῦ
696 1143 855 1213 λόγου
888 1128 1154 1216 μνηται
1193 1144 1425 1215 Κλήμης
1465 1145 1494 1197 6
1543 1142 1784 1208 Ἀλεξαν-

1973 1140 2146 1211 Hujus
2194 1150 2374 1197 autem
2434 1142 2554 1196 libri
2614 1152 2760 1197 ment
2787 1158 2946 1198 onem
3005 1144 3136 1202 facit
3191 1145 3447 1203 Clemens

208 1242 350 1312 δρεὺς
376 1240 436 1291 ὲν
469 1237 587 1308 ἰδίῳ
619 1237 755 1308 Περὶ
775 1235 869 1290 τοῦ
893 1236 1084 1308 Πάσχα
1111 1237 1273 1321 λόγῳ,
1302 1237 1360 1290 ὃν
1381 1235 1441 1301 ἐξ
1468 1236 1646 1301 αἰτίας
1672 1235 1772 1307 τῆς

208 1331 290 1385 τοῦ
319 1330 629 1394 Μελίτωνος
660 1328 882 1400 γραφῆς
909 1329 1287 1401 φησὶν-ἑαυτὸν
1314 1327 1592 1394 συντάξαι.

1876 1231 2279 1288 Alexandrinus
2314 1233 2369 1286 in
2393 1247 2556 1302 opere
2579 1247 2683 1288 suo
2710 1233 2786 1288 De
2810 1233 3104 1303 Pascbate;
3151 1239 3294 1308 quod
3323 1238 3447 1308 qui.

1876 1325 1996 1380 dem
2025 1334 2086 1378 nt
2112 1326 2506 1391 conscriberet,
2541 1325 2812 1383 Melitouis
2843 1329 3041 1385 librum
3089 1346 3310 1386 causam
3341 1331 3445 1386 sibi

1878 1413 2178 1485 praebuisse
2199 1423 2454 1471 testatur.

1417 1532 1589 1603 Idem,
1622 1535 1751 1589 ibid.
1784 1533 1878 1590 lib.
1908 1549 1962 1601 v,
1991 1550 2108 1603 cap.
2139 1533 2228 1588 ll.

271 1653 420 1707 Κατὰ
447 1651 644 1709 τοῦτον
673 1647 799 1724 (τὸν
817 1641 1154 1725 Ἡάνταινον)
1178 1656 1298 1717 ταῖς
1326 1651 1496 1717 θείαις
1541 1655 1779 1726 γραφαῖς

207 1746 463 1799 συνασκού
473 1762 634 1816 μενος
649 1746 739 1799 ἐπ’
773 1746 1174 1818 Ἀλεξανδρείας
1192 1744 1517 1818 ὲγνωρίζετο
1527 1745 1777 1817 Κλήμης,

203 1837 483 1908 ὁμώνυμος
511 1838 590 1909 τῷ
628 1838 794 1890 πάλαι
824 1839 920 1909 τῆς
963 1839 1244 1910 Ῥωμαίων
1296 1839 1619 1912 Ἐκκλησίας
1642 1841 1780 1912 ήγηυ

209 1930 415 2000 σαμένῳ
443 1933 680 2000 φοιτητῇ
711 1929 818 1982 τῶν
848 1931 1183 1984 ἀποστόλωνο
1215 1931 1274 1995 ὃς
1302 1931 1365 2003 δὴ
1391 1933 1487 1986 καὶ
1513 1929 1781 2002 ’ὀνομαστὶ

205 2022 255 2071 ὲν
284 2015 370 2084 αἷς
399 2020 697 2086 συνέταξεν
739 2021 1237 2085 Ὑποτυπὼσεσιν,
1266 2024 1341 2087 ὼς
1369 2022 1435 2076 ἂν
1463 2023 1778 2076 διδασκάλου

205 2113 285 2165 τοῦ
314 2112 640 2166 Πανταίνου-
672 2113 964 2184 μέμνηται.
1013 2113 1215 2166 Τοῦτον
1255 2113 1310 2167 δὲ
1335 2114 1499 2168 αὐτὸν
1537 2117 1631 2168 καὶ
1673 2115 1780 2168 τῶν

205 2204 594 2273 Στρωματέων
621 2205 680 2260 ὲν
701 2204 900 2276 πρώτῳ
927 2205 1317 2277 συγγράμματι
1334 2206 1660 2261 αἰνίττεσθαί
1691 2224 1782 2278 μοι

204 2296 354 2358 δοκεῖ,
385 2298 480 2350 ὅτε
509 2299 638 2362 τοὺς
665 2297 1100 2369 ὲμφανεστέρους
1115 2295 1182 2371 ἦς
1201 2298 1524 2370 κατείληφεν
1553 2299 1783 2352 ἀποστο-

207 2389 351 2458 λικῆς
369 2388 627 2459 διαδοχῆς
655 2389 1164 2460 ὲπισημαινόμενος,
1198 2388 1370 2443 ταῦτά
1416 2405 1605 2461 φησιν’
1642 2390 1780 2461 Ἤδη

203 2480 252 2534 δὲ
275 2482 338 2534 ού
366 2482 561 2552 γραφη
592 2481 673 2544 εἰς
699 2479 955 2545 ἐπίδειξιν
997 2479 1399 2552 τετεχνασμένη
1438 2480 1530 2551 ἥδε
1561 2482 1594 2552 ἡ
1639 2497 1781 2552 πρα-

205 2574 434 2643 γματεία
458 2590 474 2602 ο
504 2573 644 2626 ἀλλά
676 2590 768 2644 μοι
797 2573 1163 2644 ὑπομνήματα
1191 2574 1273 2636 είς
1315 2573 1491 2645 γῆρας
1531 2571 1786 2645 Θησαυρί-

1951 1650 2201 1707 Clemens
2243 1652 2459 1722 gentilis
2508 1652 2654 1708 illius
2688 1653 3006 1721 Clementis,
3038 1655 3131 1727 qui
3176 1658 3450 1726 apostolo-

1880 1759 1998 1798 rum
2032 1743 2330 1813 discipulns
2367 1752 2515 1806 erat,
2551 1759 2615 1799 ac
2647 1743 3018 1800 Romanorum
3064 1747 3192 1800 olim
3235 1755 3451 1802 rexerat

1879 1835 2202 1900 Ecclesiam,
2241 1835 2577 1904 temporibus
2605 1833 2870 1902 Pantaeni,
2899 1837 3058 1907 cujus
3087 1853 3250 1908 Opera
3279 1838 3334 1892 in
3361 1853 3451 1893 sa-

1879 1928 1988 1982 cris
2020 1928 2216 1982 litteris
2248 1927 2537 1994 educatus,
2568 1927 2909 1998 multumque
2950 1929 3281 1984 exercitatus
3310 1939 3449 1993 erat,

1884 2019 2228 2074 Alexandriae
2287 2019 2572 2075 hominum
2627 2020 2772 2074 fama
2823 2030 2879 2075 et
2930 2023 3452 2078 com-memoratione

1881 2113 2111 2166 multum
2147 2111 2466 2166 nobilitatus
2491 2121 2602 2176 est;
2638 2112 2730 2182 qui
2759 2112 2976 2182 quidem
3009 2114 3062 2166 in
3095 2115 3249 2168 libris
3285 2115 3453 2168 Ὑπο-

1880 2203 2204 2258 τυπώσεων
2235 2205 2305 2258 ab
2345 2203 2464 2274 ipso
2508 2204 2848 2273 compOsitis,
2881 2205 3204 2259 nominatim
3246 2221 3450 2277 praece-

1883 2295 2057 2365 ptoris
2087 2293 2431 2349 suiPantzeni
2462 2295 2797 2350 mentionem
2821 2294 2970 2350 facit.
2996 2295 3168 2362 Quem
3201 2297 3362 2351 etiam
3397 2299 3451 2351 in

1883 2385 2061 2454 primo
2099 2385 2240 2438 libro
2268 2382 2601 2438 Stromatum
2641 2385 2857 2440 videtur
2912 2386 3177 2454 innuisse,
3209 2388 3299 2442 ubi
3330 2403 3455 2442 cer-

1891 2487 1978 2533 tos
2006 2478 2277 2548 quosdam
2318 2477 2463 2532 viros
2505 2479 2802 2548 apostolica
2833 2479 3084 2534 doctrina
3111 2480 3294 2551 (quam
3341 2481 3457 2551 ipse

1886 2567 1954 2623 ab
1998 2571 2107 2626 illis
2147 2569 2464 2641 acceperat)
2512 2585 2636 2625 cum
2679 2571 2871 2640 primis
2903 2572 3138 2627 eximios
3187 2583 3454 2637 recenset,

199 2665 368 2728 ζεται,
401 2664 580 2736 λήθης
607 2663 917 2736 φάρμακον,
951 2664 1163 2718 εἴδωλον
1209 2664 1450 2734 ἀτεχνῶς
1495 2665 1590 2718 καὶ⁸
1633 2682 1786 2718 σκια-

1895 2661 1974 2716 his
2009 2661 2236 2716 verbis:
2276 2663 2426 2717 Istud
2470 2678 2500 2718 a
2543 2679 2632 2719 me
2669 2663 2783 2735 jam
2819 2665 3126 2722 institutum
3171 2685 3310 2739 opus
3349 2685 3456 2723 non

209 2757 404 2827 γραιρία
424 2757 536 2809 τῶν
565 2755 812 2828 ἐναργῶν
840 2756 934 2809 καὶ
962 2755 1217 2827 ἐμψύχων
1245 2756 1468 2810 ἐκείνων
1511 2749 1586 2810 ὧν
1618 2774 1784 2829 κατη-

209 2849 396 2920 ξιώθην
425 2847 663 2902 ἀκοῦσαι
684 2848 858 2917 λόγων
880 2865 940 2901 τε
985 2849 1079 2904 καὶ
1113 2847 1320 2919 ἀνδρῶν
1369 2849 1650 2920 μακαρίων
1691 2849 1786 2902 καὶ

209 2942 276 3012 τῷ
303 2942 419 2993 ὄντι
439 2939 756 3007 ἀξιολόγων.
787 2938 1004 2992 Τούτων
1029 2939 1058 2990 6
1089 2937 1208 3009 μὲν,
1242 2937 1334 2990 ἐπὶ
1365 2937 1464 3008 τῆς
1513 2936 1782 3000 Ἑλλάδος,

210 3033 234 3083 6
269 3025 509 3094 Ἰωνιιῦς
529 3048 542 3060 ·
577 3032 606 3084 6
631 3030 708 3094 δὲ,
731 3031 824 3084 ἐπὶ
849 3029 949 3100 τῆς
977 3029 1216 3101 μεγάλης
1243 3027 1492 3092 Ἑλλάδος
1513 3045 1526 3058 ο
1559 3028 1657 3099 τῆς
1677 3028 1783 3081 κοίη

211 3124 297 3192 λης
325 3124 526 3194 irrepo;
554 3122 734 3177 αὐτῶν
765 3121 966 3194 Συρίας
991 3117 1059 3193 ἧν
1081 3137 1095 3152 ο
1129 3121 1158 3173 6
1189 3121 1245 3174 δὲ
1269 3161 1284 3185 ,
1330 3121 1424 3174 ἀπ’
1467 3119 1743 3190 Αἰγύπτου
1766 3135 1781 3150 °

210 3217 343 3272 ἄλλοι
369 3217 453 3281 δὲ,
472 3215 582 3270 άνὰ
605 3217 703 3289 τὴν
718 3214 1021 3286 Ἀνατολήν·
1046 3213 1138 3268 καὶ
1161 3213 1363 3283 ταύτης
1390 3213 1418 3265 6
1436 3212 1534 3283 μέν
1559 3229 1662 3275 τις,
1679 3211 1786 3264 τῶν

225 3305 512 3375 Ἀσσυρίων
535 3320 548 3333 ·
585 3304 613 3355 6
641 3303 719 3367 δὲ,
750 3303 808 3356 ὲν
836 3305 902 3374 τῇ
933 3302 1286 3375 Παλαιστίνῃ,
1329 3301 1576 3374 Ἐϐραῖος
1595 3301 1788 3356 ἀνέκα-

216 3395 310 3449 θεν.
352 3396 609 3468 ’Υστάτῳ
646 3395 702 3449 δὲ
730 3394 1065 3466 περιτυχών·
1098 3395 1324 3466 δυνάμει
1351 3393 1406 3448 δὲ
1450 3394 1558 3466 ἄρα
1575 3393 1788 3466 πρῶτος

214 3485 273 3560 ἦν
287 3508 298 3520 ο
317 3489 720 3560 ἀνεπαυσάμην
739 3489 799 3542 ὲν
819 3487 1074 3558 Αἰγύπτῳ
1090 3487 1331 3562 θηράσας
1346 3485 1622 3557 λεληθότα.
1651 3487 1786 3540 Ἀλλ’

215 3583 263 3634 οἱ
289 3584 398 3653 μὲν,
419 3583 526 3654 τὴν
558 3581 731 3652 ἀληθῆ
764 3580 866 3652 τῆς
898 3580 1172 3652 μακαρίας
1211 3577 1556 3641 διδασκαλίας
1595 3577 1790 3644 σῶζον·

219 3690 303 3738 τες
327 3674 656 3746 παράδοσιν,
685 3671 848 3736 εὐθὺς
875 3671 982 3726 ἀπὸ
1008 3672 1217 3743 Πέτρου
1259 3687 1319 3723 τε
1361 3669 1453 3724 καὶ
1507 3668 1787 3735 Ἰακώϐου,

229 3765 467 3819 Ἰωάννου
495 3781 560 3817 τε
587 3765 682 3818 καὶ
709 3763 921 3816 Παύλου
955 3761 1062 3817 τῶν
1092 3762 1262 3832 ἁγίων
1282 3761 1596 3815 ἀποστόλων
1616 3799 1631 3824 ,
1663 3762 1790 3824 παῖς

216 3859 355 3929 παρὰ
403 3857 620 3928 πατρὸς
663 3856 1053 3926 ἐκδεξάμενοςο
1109 3854 1278 3923 ὀλίγοι
1323 3853 1380 3906 δὲ
1423 3853 1474 3906 οἱ
1520 3852 1790 3924 πατράσιν

1883 2761 1968 2807 est
1997 2763 2143 2808 certe
2172 2757 2325 2824 opns‘
2346 2753 2646 2810 artificiose
2674 2757 2742 2811 ad
2772 2757 2992 2814 inanem
3033 2762 3457 2816 ostentationem

1884 2845 2260 2911 elaboratum,
2303 2847 2397 2901 sed
2439 2856 2700 2917 tanquam
2748 2852 3176 2906 commentarius
3216 2854 3282 2907 ad
3323 2854 3461 2908 obli-

1886 2934 2062 2988 vionis
2102 2935 2352 2989 morbum
2394 2937 2702 2991 curandum
2736 2938 2792 2992 in
2821 2954 3092 2993 summam
3125 2951 3458 3016 senectutem

1885 3025 2196 3095 repositus,
2253 3026 2613 3082 simulacrum
2661 3029 2822 3099 plane
2863 3040 2916 3086 et
2958 3032 3305 3086 adumbratio
3350 3051 3475 3087 non.

1886 3118 2052 3178 modo
2069 3117 2304 3174 etlicacis
2331 3117 2480 3173 illius
2502 3128 2557 3174 et
2581 3121 2754 3190 plenae
2777 3123 2972 3192 spiritu
2990 3139 3053 3177 ac
3072 3125 3176 3178 vita
3199 3127 3463 3183 doctrinm

1887 3226 2053 3282 quam
2107 3211 2242 3265 mihi
2301 3221 2630 3267 conceSsum
2677 3223 2762 3267 est
2809 3215 3032 3282 audire;
3066 3232 3256 3272 verum
3297 3219 3460 3273 etiam

1884 3304 2171 3359 beatorum
2228 3305 2551 3372 hominum,
2613 3321 2707 3376 qui
2774 3317 2904 3362 sunt
2969 3310 3216 3363 omnium
3272 3327 3462 3366 revera

1888 3395 2175 3466 prazconiis
2203 3397 2398 3450 merito
2429 3396 2764 3452 celebrandi.
2798 3396 3044 3464 Quorum
3072 3417 3216 3455 unus
3245 3400 3465 3456 Ionicus

1889 3501 2123 3556 genere,
2174 3487 2226 3541 in
2260 3487 2468 3542 Graecia
2513 3487 2682 3556 vixit;
2731 3489 2867 3543 alter
2915 3506 3168 3562 magnam
3199 3491 3464 3548 Grzeciam

1890 3579 2156 3646 incoluit;
2191 3581 2327 3635 alter
2353 3581 2407 3634 in
2432 3579 2730 3652 Coelesyria
2761 3590 2943 3649 natus,
2978 3584 3178 3640 ibidem
3211 3601 3464 3642 commo-

1891 3680 2044 3726 ratus
2085 3679 2210 3737 est;
2270 3673 2409 3727 alter
2453 3689 2520 3728 ex
2549 3673 2786 3746 [Egypto
2837 3675 3105 3732 oriundus
3166 3676 3309 3744 fuit;
3371 3679 3467 3734 alii

1889 3760 2171 3836 Orientem
2203 3763 2454 3818 doctrina
2495 3765 2810 3834 evangelica
2853 3764 3466 3837 imbueruntzqnorum

1892 3869 2034 3909 unus
2065 3870 2132 3909 ex
2157 3854 2398 3926 Assyriis
2429 3864 2729 3926 prognatus
2760 3867 2862 3921 est,
2911 3857 3053 3911 alius
3095 3859 3149 3911 in
3181 3856 3468 3915 Palaestina

217 3951 384 4021 ὅμοιοι
409 3969 424 3982 ·
458 3946 598 4023 ἧκον
623 3949 689 4021 δὴ
719 3951 816 4003 σὺν
847 3947 965 4019 Θεῷ
995 3947 1086 4003 καὶ
1118 3949 1196 4011 είς
1225 3947 1371 4018 ἡμᾶς
1396 3945 1464 4000 τὰ
1493 3945 1786 4018 προγονικὰ

1895 3948 2114 4016 antiqua
2148 3946 2501 4002 Hebraeorum
2538 3949 2708 4018 stirpe
2749 3949 2952 4004 editus.
2983 3944 3049 4003 Et
3077 3965 3200 4004 cum
3243 3950 3465 4005 demum

213 4044 387 4100 διείνα
417 4021 516 4098 καὶ
547 4041 880 4096 άποστολικὰ
903 4039 1366 4111 κατασθησόμενοι
1410 4037 1718 4110 σπέρματα.

1896 4039 2014 4109 ipse
2054 4039 2331 4093 hominem
2381 4041 2436 4093 in
2464 4038 2703 4111 Egypto
2765 4041 3159 4096 delitescenten
3203 4043 3468 4115 vestigas-

213 4154 350 4204 sem,
405 4137 578 4207 inque
621 4151 747 4191 eum
775 4144 1108 4206 postremum
1147 4133 1483 4199 incidissem,
1515 4135 1609 4204 qui
1632 4133 1834 4188 virtute
1878 4142 1932 4190 et
1970 4134 2220 4190 doctrina
2263 4143 2382 4190 erat
2422 4151 2479 4190 re
2517 4135 2635 4206 ipsa
2666 4136 2910 4190 omnium
2955 4137 3197 4206 primus,
3251 4140 3466 4193 tandem

213 4249 327 4288 eum
398 4233 501 4287 illo
564 4230 868 4303 conquievi.
919 4229 1094 4300 Atque
1157 4229 1249 4284 isti
1288 4243 1475 4284 veram
1527 4239 1893 4284 sacrosanctae
1965 4228 2232 4285 doctrina:
2287 4230 2658 4296 traditionem,
2709 4246 2874 4300 quam
2920 4231 3289 4287 successionis
3329 4233 3469 4288 serie

213 4327 273 4380 ab
296 4327 443 4398 ipsis
475 4341 650 4396 usque
675 4326 884 4380 sanctis
910 4323 1191 4394 apostolis,
1218 4322 1404 4387 Petro,
1438 4321 1664 4391 Iacobo,
1695 4324 1905 4380 Joanne
1937 4333 1992 4380 et
2019 4324 2190 4380 Paulo
2223 4324 2480 4390 deducta,
2513 4326 2659 4380 velut
2687 4325 2833 4381 ﬁlius
2869 4341 2900 4380 a
2937 4335 3092 4396 patre
3124 4334 3470 4398 acceperant,

213 4421 328 4478 licet
350 4421 528 4493 pauci
575 4436 805 4475 numero
847 4420 1026 4490 (pauci
1067 4420 1214 4475 enim
1251 4429 1379 4475 sunt
1410 4420 1658 4490 patribus
1684 4421 1912 4492 similes)
1940 4420 2160 4476 assidue
2202 4428 2612 4488 conservantes,
2642 4420 2708 4475 ad
2747 4429 2994 4477 nostram
3027 4429 3239 4476 aetatem
3272 4435 3468 4490 usque,

213 4517 391 4574 divina
433 4519 654 4572 favente
679 4517 990 4584 clementia,
1021 4517 1188 4573 vitam
1217 4525 1611 4587 propagarunt,
1637 4533 1748 4588 quo
1777 4518 2002 4588 antiqua
2034 4517 2126 4573 illa
2166 4527 2220 4572 et
2251 4517 2550 4588 apostolica
2578 4517 2842 4574 doctrinae
2871 4517 3140 4588 przedicta:
3171 4517 3379 4574 semina
3415 4517 3468 4570 in

218 4612 422 4666 animis
451 4612 658 4666 nostris
684 4611 1004 4666 insererent.

1426 4702 1598 4772 Idem,
1638 4705 1769 4762 ibid.
1809 4705 1902 4760 lib.
1939 4721 1991 4772 v,
2033 4722 2149 4775 cap.
2178 4705 2269 4761 28.

275 4815 386 4873 Ἦν
428 4817 473 4870 δ’
495 4816 560 4870 ἂν
587 4817 747 4887 τυχὸν
777 4816 1000 4894 πιθανὸν
1018 4815 1078 4870 τὸ
1099 4815 1388 4887 λεγόμενον
1408 4854 1423 4880 ,
1455 4817 1506 4870 εί
1536 4815 1611 4887 μὴ
1643 4816 1793 4888 πρῶ-

217 4928 298 4965 τον
321 4913 434 4985 ph
459 4909 789 4963 άντέπιπτον
813 4911 995 4972 αὐτοῖς
1014 4909 1073 4962 αἱ
1102 4907 1239 4962 θεῖαι
1261 4907 1472 4980 Γραφαί
1487 4924 1502 4939 ο
1529 4907 1623 4962 καὶ
1644 4908 1798 4964 ἁδελ-

223 5005 326 5072 φῶν
358 5003 420 5057 δέ
449 5019 615 5056 τινων
637 5001 754 5054 ἐστὶ
783 5000 1084 5072 γράμματα
1113 4999 1456 5072 πρεσὸύτερα
1485 4999 1593 5051 τῶν
1612 4999 1798 5054 Βίκτο-

224 5112 305 5166 ρος
323 5097 562 5168 χρόνων,
583 5092 620 5146 a
639 5093 836 5148 ἐκεῖνοι
857 5093 993 5164 πρὸς
1015 5092 1082 5145 τὰ
1097 5090 1225 5162 ἔθνη
1249 5091 1506 5163 ὑπὲρτῆς
1520 5091 1794 5163 ἀληθείας,

221 5189 305 5239 καὶ
339 5186 486 5259 πρὸς
515 5184 614 5247 τὰς
631 5183 751 5236 τότε
780 5184 1019 5256 αἱρέσεις
1061 5182 1321 5255 ἔγραψαν.
1365 5183 1523 5252 Λέγω
1568 5184 1624 5237 δὲ
1672 5185 1799 5238 Ἰου-

224 5279 396 5331 niveo
434 5279 532 5331 καὶ
571 5277 864 5348 Μιλτιάδου
901 5279 995 5333 καὶ
1026 5277 1289 5331 Τατιανοῦ
1323 5277 1417 5330 καὶ
1458 5276 1795 5348 Κλήμεντος,

221 5371 309 5422 καὶ
340 5370 550 5442 ἑτέρων
578 5371 836 5424 πλειόνων
867 5372 924 5425 έν
950 5368 1031 5436 οἷς
1059 5373 1228 5427 ἅπασι
1249 5370 1574 5439 θεολογεῖται
1603 5371 1632 5423 ὁ
1663 5371 1797 5442 Χρι-

226 5456 357 5519 πός.

1969 4817 2050 4870 Ac
2078 4816 2310 4872 fortasse
2346 4816 2398 4872 id
2425 4816 2570 4887 quod
2601 4817 2791 4872 dicunt
2812 4859 2827 4884 ,
2872 4817 3138 4873 credibile
3174 4815 3470 4881 videretur,

1902 4906 2009 4964 nisi
2035 4909 2116 4964 eis
2146 4907 2557 4980 refragarentur
2588 4909 2823 4979 primum
2848 4909 3068 4979 quidem
3095 4908 3294 4963 divinae
3321 4907 3471 4962 Scri-

1901 5010 2108 5072 pturaa;
2140 5001 2337 5056 deinde
2362 5001 2595 5056 fratrum
2629 5003 2992 5072 quorumdam
3035 5001 3261 5070 scripta,
3287 4999 3473 5055 Victo—

1901 5091 1980 5147 ris
2013 5099 2170 5147 :etate
2214 5091 2548 5162 antiquiora,
2593 5107 2717 5162 quae
2758 5090 2836 5144 illi
2889 5089 3152 5143 adversus
3195 5097 3382 5158 gentes
3420 5097 3475 5144 et

1901 5193 2093 5239 contra
2133 5183 2221 5238 sui
2259 5184 2520 5253 temporis
2562 5181 2849 5238 haereticos
2883 5195 2981 5250 pro
3009 5179 3252 5236 veritatis
3287 5180 3476 5236 defen-

1903 5274 2059 5328 sione
2092 5272 2758 5343 scripserunt.-Justinum
2786 5269 3053 5339 intelligo,
3077 5277 3132 5323 et
3153 5267 3473 5335 Miltiadem,

1903 5375 1958 5420 et
1994 5364 2319 5430 Tatianum,
2361 5382 2425 5421 ac
2454 5366 2810 5426 Clementem,
2857 5361 3105 5431 aliosque
3137 5361 3476 5431 quampluri-

1904 5471 2058 5524 mos;
2105 5458 2160 5512 in
2186 5473 2421 5528 quorum
2469 5457 2715 5512 omnium
2769 5453 2924 5509 libris
2953 5453 3162 5510 Christi
3214 5453 3476 5509 divinitas

1832 5547 1876 5602 D
1905 5549 2190 5604 astruitur.

1335 5623 1505 5737 Idem,
1545 5667 1679 5760 ibid.
1720 5666 1814 5721 lib.
1843 5679 1920 5731 γι,
1957 5681 2074 5735 cap.
2106 5665 2173 5719 l3
2201 5665 2362 5719 et“.

292 5778 404 5833 Τοῦ
433 5779 484 5835 δὲ
504 5780 826 5854 Κλήμεντος
843 5783 1204 5854 Στρωματεῒς
1219 5785 1268 5838 οἱ
1292 5785 1492 5850 πάντες
1506 5784 1649 5838 ὀκτὼ
1666 5801 1740 5837 πα
1749 5785 1793 5854 ρ’

229 5873 355 5940 ἡμῖν
387 5872 643 5942 σώζονται
662 5893 677 5910 ο
713 5875 809 5942 οὒς
826 5879 918 5931 καὶ
944 5877 1196 5952 τοιαύτης
1215 5878 1442 5952 ἠξίωσεν
1463 5878 1792 5950 ἐπιγραφῆς·

1973 5781 2266 5837 Clementis
2307 5792 2497 5833 omnes
2539 5787 2666 5834 octo
2709 5779 2834 5834 libri
2872 5777 3257 5849 Στρωματεῐς,
3298 5777 3350 5831 id
3391 5784 3476 5832 est

1909 5877 2053 5933 varie
2103 5871 2360 5944 contexti,
2407 5870 2553 5944 apud
2598 5887 2698 5928 nos
2747 5870 2941 5942 integri
3001 5874 3306 5936 servantur,
3333 5881 3472 5936 quos
