3944 6348
499 365 571 422 35
881 400 887 406 ι
1690 365 2009 426 CLEMENS
2048 366 2603 427 ALEXANDRINL‘S.
3682 381 3747 437 56

498 480 594 538 taii
618 478 978 552 inscriptione
1009 484 1232 539 donavit
1254 482 1398 552 :jTiti
1416 481 1592 539 Flavii
1620 485 1899 541 Clementis
1928 501 2040 539 cem

2182 484 2352 539 Τίτου
2391 485 2655 539 Φλαυίου
2691 487 3036 556 Κλήμεντος
3060 489 3177 546 τῶν
3214 491 3363 547 κατὰ
3402 491 3517 562 τὴν
3552 494 3749 567 ἁληθῆ

499 573 760 627 mentaria
788 574 1185 643 Στρωματεῖς,
1217 575 1321 630 hoc
1364 585 1448 631 est
1495 576 1647 630 varia
1694 578 1899 631 ratione
1947 593 2071 630 con-

500 665 652 728 texti,
693 665 787 735 qui
835 665 1176 735 multiplicem
1225 684 1359 723 vero:
1392 684 1455 722 ac
1490 669 1684 725 divina
1729 670 2071 741 philosophiae

498 760 851 829 cognitionem
918 760 1357 829 complectuntur.
1420 760 1670 817 Totidem
1734 763 1901 818 etiam
1947 763 2066 817 libri

497 859 629 907 sunt
658 851 726 906 ab
763 866 830 906 eo
870 852 1025 918 editi,
1068 853 1660 925 qui'rnowxdio'stc,
1697 854 1750 909 id
1775 863 1859 909 cst
1884 852 2067 924 Infor~

496 942 777 1009 muliones,
796 942 1205 1012 inscribuntur;
1229 944 1282 998 in
1310 943 1510 1014 quibus
1534 943 1847 1000 Pantaenum
1877 945 2067 999 docto—

496 1047 612 1086 rem
637 1040 691 1086 et
712 1033 1033 1104 magistrum
1060 1051 1221 1091 suum
1270 1035 1594 1092 nominatim
1623 1044 1916 1101 memorat,
1943 1053 2065 1092 cum

492 1118 932 1181 Commentarios
965 1125 1086 1196 ejus
1136 1127 1190 1181 in
1235 1142 1422 1183 sacras
1463 1128 1674 1184 litteras
1714 1130 2064 1192 recensendo,

491 1227 607 1272 tum
625 1219 959 1276 «traditiones
986 1220 1149 1275 etiam
1175 1222 1537 1292 explananda.
1564 1222 1660 1278 Est
1681 1222 1803 1292 ejus
1829 1223 1970 1279 liber
1999 1227 2066 1280 ad

490 1310 720 1381 gentiles
746 1310 1117 1366 Hortatorius.
1168 1311 1303 1369 Tres
1350 1313 1503 1379 item,
1546 1316 1641 1384 qui
1687 1314 2066 1371 inscribuntur

488 1401 842 1474 Rtedagogus.
869 1405 1044 1468 Alius,
1076 1404 1237 1475 cujus
1262 1403 1454 1460 titulus
1480 1405 1561 1461 sic
1591 1405 1785 1461 habet:
1807 1404 2066 1472 Quisnam

486 1496 632 1550 dives
663 1496 752 1550 ille
778 1497 867 1561 sit,
891 1497 981 1566 qui
1024 1496 1276 1551 salvetur.
1335 1497 1410 1551 De
1432 1496 1700 1552 Paschate
1735 1497 1873 1552 liber
1898 1513 2062 1554 unus.

487 1587 886 1659 Disputationes
935 1589 1000 1643 de
1024 1589 1252 1659 jejunio.
1306 1589 1467 1644 Liber
1497 1589 1931 1647 Obtrectationis.
1964 1590 2063 1648 Est

484 1687 748 1748 praeterea
774 1677 911 1733 liber
926 1678 1045 1749 ejus
1063 1677 1409 1733 Hortatorius
1437 1680 1505 1735 ad
1522 1682 1859 1751 patientiam.
1875 1681 2057 1750 Alius,

483 1769 571 1824 Ad
601 1786 767 1840 nuper
796 1770 1122 1841 baptizatos.
1170 1770 1325 1827 Alius
1350 1772 1444 1842 qui
1490 1784 1839 1844 nuncupatur
1877 1773 2061 1830 Canon

483 1859 894 1926 ecclesiasticus,
922 1862 1037 1917 sive
1054 1870 1240 1917 contra
1264 1879 1357 1918 eos
1380 1864 1473 1934 qui
1488 1862 1803 1921 Judteorum
1820 1881 2061 1936 sequun-

482 1962 573 2007 tur
609 1968 885 2020 errorem';
935 1968 1097 2024 quem
1144 1953 1402 2024 episcopo
1446 1952 1790 2022 Alexandro,
1838 1957 1904 2012 de
1948 1972 2059 2028 quo

482 2061 647 2117 supra
674 2046 834 2101 verba
871 2046 1134 2114 fecimus,
1173 2045 1465 2101 dedicavit.
1507 2045 1565 2100 lu
1602 2048 1757 2103 libris
1780 2050 2055 2119 Στρωμα-

480 2136 649 2200 τέων,
707 2155 817 2194 non
873 2139 1037 2194 modo
1090 2139 1393 2193 sententias
1445 2154 1512 2193 ex
1564 2154 1721 2194 sacra
1776 2138 2054 2210 Scriptura

480 2230 740 2286 collectas
778 2230 1026 2301 disperso
1069 2231 1293 2297 intexit;
1327 2230 1422 2285 sed
1467 2229 1632 2284 etiam
1678 2244 1744 2286 ex
1772 2232 2053 2301 gentilium

477 2324 809 2394 scriptorum
854 2324 1033 2389 libris,
1066 2323 1113 2378 si
1140 2323 1269 2393 quid
1299 2324 1370 2379 ab
1398 2323 1505 2377 illis
1532 2325 1822 2378 commode
1848 2324 2052 2379 dictum

480 2416 748 2483 videatur,
777 2416 965 2487 sumit,
995 2432 1118 2470 cum
1161 2414 1475 2470 Grmcorum
1516 2415 1684 2469 simul
1710 2425 1759 2470 et
1794 2416 2055 2472 barbaro-

476 2524 601 2563 rum
648 2509 979 2579 opiniones,
1031 2524 1154 2580 quaa
1202 2508 1346 2578 apud
1396 2508 1599 2564 multos
1639 2508 1857 2579 iactata!
1904 2518 2050 2567 sunt.

475 2601 774 2672 aperiendo
831 2618 845 2654 :
895 2611 1010 2656 tum
1056 2600 1223 2657 falsos
1276 2609 1329 2656 et
1384 2602 1786 2658 commentitios
1840 2614 2054 2657 errores

476 2707 692 2759 eorum,
722 2692 823 2764 qui
856 2693 1000 2747 inter
1027 2691 1320 2749 haereticos
1346 2693 1651 2764 principem
1684 2693 1867 2749 locum
1913 2691 2055 2747 obti-

475 2782 702 2850 nebant,
738 2780 1128 2850 coarguendo;
1160 2782 1400 2852 denique
1438 2783 1882 2853 explanationem
1915 2783 2055 2838 mul-

474 2874 677 2946 tiplicis
713 2874 998 2942 doctrina),
1049 2882 1103 2930 et
1147 2875 1453 2931 litterarum
1492 2878 1762 2948 cujusque
1816 2877 2051 2949 generis,

474 2968 622 3024 unde
671 2968 895 3038 copiosa
942 2968 1173 3024 materia
1223 2970 1384 3026 nobis
1438 2972 1678 3041 suppetit
1723 2969 2048 3041 prudentiae.

474 3069 603 3116 ante
634 3060 832 3116 oculos
874 3056 1099 3115 lectoris
1133 3059 1410 3129 proponit.
1458 3059 1637 3130 Atque
1670 3059 1755 3115 bis
1776 3060 2051 3116 universis

474 3150 924 3223 philosophorum
962 3150 1218 3221 dogmata
1253 3151 1567 3208 admiscuit.
1608 3149 1763 3207 Unde
1800 3166 1906 3206 non
1934 3152 2051 3206 sine
2077 3190 2120 3248 ϐ

471 3259 644 3301 causa
689 3242 1107 3316 inscriptionem
1151 3244 1335 3313 cperis
1374 3253 1699 3315 argumento
1728 3243 1883 3298 valde
1918 3258 2049 3298 con-

470 3345 790 3393 sentaneam
824 3334 974 3402 fecit,
995 3334 1380 3406 Στρωματεῖς.
1417 3334 1472 3389 ln
1508 3335 1714 3391 eisdem
1742 3345 1866 3390 octo
1895 3335 2050 3390 libris

470 3428 644 3483 utitur
694 3427 1024 3483 testimoniis
1049 3425 1480 3497 Scripturarnm,
1527 3427 1732 3498 quibus
1781 3442 1812 3482 a
1862 3427 2049 3482 multis

470 3520 613 3577 solet
651 3519 1001 3575 contradici:
1056 3517 1318 3572 nimirum
1368 3515 1678 3589 Sapientiae,
1730 3532 1853 3588 quae
1896 3516 2052 3572 Salo-

468 3613 651 3668 monis
678 3612 901 3677 dieitur,
931 3620 985 3666 et
1012 3608 1403 3676 Ecclesiastici,
1429 3609 1557 3666 Jesu
1583 3608 1817 3678 'Siracb,
1839 3621 1893 3665 et
1923 3609 2049 3680 Epi-

468 3704 626 3760 stolas
670 3704 740 3760 ad
778 3702 1072 3769 Hebrazos,
1125 3711 1179 3757 et
1228 3701 1512 3770 Barnabas,
1542 3713 1596 3758 et
1623 3701 1945 3768 Clementis,
1996 3713 2051 3760 et

466 3794 639 3852 Judte.
667 3795 881 3851 Tatiani
915 3796 1048 3852 item
1074 3796 1277 3852 librum
1303 3805 1495 3853 contra
1528 3796 1759 3867 gentiles
1789 3797 1925 3852 citat
1952 3812 1965 3850 :
1995 3807 2050 3853 et

467 3888 668 3945 librum
709 3886 997 3955 Cassiani,
1047 3904 1210 3960 quem
1242 3887 1318 3943 De
1350 3897 1642 3959 temporum
1691 3888 1876 3941 ordine
1915 3903 2050 3945 con-

466 3979 712 4050 scripsit.
783 3977 1034 4034 Philonis
1093 3994 1261 4050 porro
1287 4019 1302 4045 ,
1351 3970 1405 4034 ei
1442 3977 1781 4044 Aristobuli,
1824 3976 2046 4048 Iosephi

464 4081 523 4130 et
560 4072 817 4128 Demetrii
872 4083 927 4129 et
971 4072 1289 4144 Eupolemi,
1343 4070 1659 4127 Iudaeorum
1689 4074 2045 4141 scriptorum,

465 4165 788 4221 memoriam
841 4181 950 4221 non
996 4165 1241 4236 praeterit
1271 4183 1284 4220 :
1318 4165 1519 4234 quippe
1547 4162 1641 4233 qui
1678 4162 1796 4218 suis
1824 4163 2046 4233 scriptis

464 4255 711 4328 Moysen,
738 4266 793 4313 et
816 4254 1131 4312 Iudaeorum
1177 4246 1414 4327 gentem,
1452 4264 1635 4310 vetere
1666 4254 1758 4310 illa
1788 4255 2043 4326 prosapia

462 4364 588 4419 qua:
648 4347 791 4419 apud
835 4347 1055 4404 Graecos
1109 4347 1387 4418 jactatur,
1440 4347 1600 4419 longe
1671 4347 2041 4419 antiquiorem

462 4441 636 4498 fuisse
664 4441 954 4514 perspicue
974 4450 1433 4498 commonstrant.
1452 4442 1634 4514 Atque
1662 4442 1753 4498 isti
1789 4428 2041 4500 Clemen-

2171 578 2540 647 φιλοσοφίαν
2551 580 2896 648 τνωστικῶν
2912 584 3348 654 ὑπομνημάτων
3362 589 3745 657 Στρωματεῖς.

2183 669 2479 742 ’ἰσάριθμοί
2508 688 2568 724 τε
2599 671 2810 737 τούτοις
2837 676 2973 728 εἰσιν
2992 677 3043 729 οί
3072 677 3541 751 ἐπιγεγραμμένοι
3579 681 3745 737 Ὑπο-

2169 765 2491 819 τυπώσεων
2516 762 2684 819 αὺτοῦ
2704 766 2884 836 λόγον
2916 768 2975 822 ἐν
3000 762 3081 832 οἷς
3109 762 3368 841 ὀνομαᾶτὶ
3394 771 3470 836 ὡς
3497 772 3746 830 διδασκά-

2168 856 2281 921 λου,
2322 857 2752 945 τοῦῐιανταίνου
2800 860 3162 934 μνημονεύει,
3209 864 3437 936 ἐκδοχάς
3466 884 3526 920 τε
3560 864 3742 923 ἀὐτοῦ

2168 950 2416 1022 γράφων,
2446 952 2541 1005 καὶ
2570 953 2895 1026 παραδόσεις
2923 954 3288 1027 ἐκτιθέμενος.
3324 959 3480 1013 Ἐστι
3505 959 3562 1013 δὲ
3594 960 3741 1032 αὐτῷ

2168 1043 2425 1115 καὶπρὸς
2459 1043 2724 1115 Ἕλληνας
2762 1045 2917 1115 λόγος
2943 1048 2971 1099 ὁ
3014 1048 3445 1120 Προτρεπτικὸς,
3494 1055 3642 1123 τρεῖς
3678 1068 3741 1105 τε

2165 1135 2215 1187 οἱ
2245 1133 2340 1187 τοῦ
2369 1136 2845 1210 ἐπιγεγραμμένου
2875 1139 3259 1210 Παιδαγωγοῦ
3278 1159 3291 1172 ’
3322 1143 3418 1196 καὶ
3446 1144 3544 1210 Τίς
3564 1136 3739 1198 ὁσω-

2165 1224 2405 1295 ξάμενος
2430 1229 2944 1300 πλούσιος;οῦτως
2989 1233 3314 1305 ἐπιγραφεὶς
3348 1234 3532 1307 ἔτερος
3569 1233 3736 1289 αὑτοῦ

2164 1314 2319 1383 λόγος
2336 1332 2350 1346 ·
2378 1317 2439 1370 τό
2460 1334 2518 1371 τε
2562 1320 2703 1388 Περί
2720 1319 2825 1373 τοῦ
2851 1320 3070 1392 Πάσχα
3092 1322 3450 1396 σύγγραμμα,
3485 1325 3579 1379 καὶ
3606 1327 3737 1380 Δια-

2162 1405 2365 1475 λέξεις
2391 1410 2525 1473 περὶ
2551 1412 2858 1479 νηστείας,
2890 1414 2984 1467 καὶ
3000 1414 3139 1482 Περὶ
3166 1415 3554 1484 καταλαλιᾶς,
3586 1419 3678 1473 καὶ
3704 1422 3733 1474 ὁ

2177 1500 2604 1566 Προτρεπτικὸς
2631 1500 2769 1573 πρὸς
2791 1502 3088 1575 ὑπομονὴν,
3130 1502 3222 1554 καὶ
3235 1505 3338 1567 Είς
3359 1504 3499 1570 τοὺς
3520 1508 3726 1560 νεωστί

2172 1586 2709 1661 βεϐαδττισμένους,
2740 1593 2834 1645 καί¹
2859 1594 2888 1645 ὁ
2911 1594 3382 1664 ἐπιγεγραμμένος
3407 1596 3617 1650 Κὰνων
3641 1600 3738 1652 ἐκ-

2178 1683 2624 1751 κλησιαστικός,
2641 1684 2679 1757 ἢ
2700 1685 2831 1757 πρὸς
2851 1688 2974 1750 τοὺς
2996 1687 3398 1753 ’ἰουδαΐζοντας
3422 1688 3737 1757 ὃννΑλεξαν-

2175 1776 2288 1850 δρῷ
2309 1777 2388 1849 τῷ
2411 1778 2763 1855 δεδηλωμένῳ
2805 1780 3083 1850 ἐπισκόπῳ
3115 1781 3476 1837 ἀνατέθεικεν.
3513 1786 3603 1841 Ἐν
3638 1787 3725 1854 μὲν

2087 1853 2134 1908 Β
2162 1861 2388 1928 οὖντοῖς
2434 1853 2887 1933 Στρωματέῦσιν
2926 1866 2987 1919 ού
3039 1865 3197 1937 μόνον
3236 1865 3335 1938 τῆς
3377 1865 3527 1929 θείας
3564 1866 3735 1918 κατά-

2162 1972 2393 2027 στρωσιν
2421 1956 2715 2026 πεποίηται
2742 1956 2984 2027 Γραφῆς,
3016 1956 3148 2010 ἀλλὰ
3184 1957 3279 2010 καὶ
3304 1956 3411 2010 τῶν
3447 1958 3574 2028 παρ’
3605 1955 3734 2009 Ἔλ-

2159 2046 2333 2116 λησιν,
2364 2048 2418 2101 εί
2450 2064 2501 2100 τι
2543 2047 2651 2118 ἄρα
2693 2047 2965 2119 ὠφέλιμον
3007 2048 3180 2101 ἐδόκει
3220 2049 3404 2111 αὐτοῖς
3444 2047 3730 2120 εἰρῆσθαι,

2162 2136 2510 2208 μνημονεύει,
2538 2136 2645 2191 τῶν
2673 2155 2730 2190 τε
2759 2138 2909 2210 παρὰ
2937 2141 3050 2202 τοῖς
3083 2139 3295 2203 πολλοῖς
3312 2140 3616 2211 δογμάτων,
3661 2140 3734 2194 τὰ

2171 2228 2432 2300 Ἑλλήνων
2462 2226 2598 2299 ὁμοῦ
2629 2230 2721 2282 καὶ
2760 2229 2826 2282 τὰ
2872 2224 3163 2303 βαρϐάρων
3200 2232 3592 2297 ἀναπτύσσων,
3634 2233 3733 2285 καὶ

2156 2319 2235 2373 ἔτι
2266 2319 2367 2383 τὰς
2393 2319 2501 2372 τῶν
2528 2321 2892 2393 αἱρεσιαρχῶν
2915 2321 3260 2392 ψευδοδοξίας
3284 2322 3551 2387 εὐθύνων,
3589 2325 3736 2378 ἱστο-

2158 2411 2280 2483 ρίαν
2300 2429 2358 2465 τε
2382 2412 2583 2485 πολλὴν
2608 2413 2829 2478 ἐξαπλοῐ
2850 2454 2864 2477 ,
2909 2414 3161 2468 ὑπόθεσιν
3207 2417 3342 2487 ἡμῖν
3387 2415 3735 2487 πολυμαθοῦς

2157 2503 2410 2576 παρέχων
2440 2504 2703 2570 παιδείας.
2751 2505 2975 2569 Τούτοις
3018 2508 3188 2560 ἅπασι
3234 2508 3598 2579 καταμίγνυσι
3635 2510 3734 2563 καὶ

2155 2592 2224 2646 τά
2250 2592 2553 2664 φιλοσόφων
2572 2594 2836 2666 δόγματα.
2876 2594 3037 2648 Ὅθεν
3061 2596 3281 2660 εἰκότως
3314 2596 3642 2668 κατάλληλον
3662 2602 3730 2671 τῇ

2156 2682 2408 2737 ὑποθέσει
2433 2684 2528 2738 καὶ
2554 2686 2654 2756 τὴν
2692 2686 3016 2758 προγραφὴν
3060 2686 3168 2739 τῶν
3200 2687 3595 2758 Στρωματέων
3634 2707 3734 2743 πε·-

2156 2778 2394 2849 ποίηται.
2428 2780 2707 2853 Κέχρηται
2724 2781 2768 2834 δ’
2790 2782 2848 2834 ἐν
2875 2782 3059 2846 αὐτοῖς
3085 2782 3179 2836 καὶ
3211 2786 3331 2848 ταῖς
3359 2784 3467 2838 ἀπὸ
3495 2784 3603 2839 τῶν
3635 2787 3734 2840 ἀν-

2152 2870 2514 2943 τιλεγομένων
2544 2872 2773 2945 Γραφῶν
2810 2876 3136 2947 μαρτυρίαις
3155 2914 3169 2938 ,
3210 2876 3309 2948 τῆς
3342 2894 3401 2930 τε
3432 2875 3734 2961 λεγομένης

2154 2963 2498 3036 Σολομῶντος
2515 2965 2758 3034 Σοφίας,
2798 2966 3019 3037 καὶτῆς
3060 2968 3235 3038 Ἰησοῦ
3272 2967 3364 3021 τοῦ
3398 2968 3594 3043 Σιρὰχ,
3633 2971 3732 3024 καὶ

2152 3054 2251 3126 τῆς
2283 3054 2420 3127 πρὸς
2459 3055 2739 3128 Ἑϐραίους
2777 3057 3115 3128 Ἐπιστολῆς,
3144 3057 3246 3129 τῆς
3271 3074 3329 3113 τε
3354 3060 3606 3133 Βαρνάϐα
3633 3063 3732 3116 καὶ

2154 3146 2470 3220 Κλήμεντος
2489 3150 2582 3202 καὶ
2623 3146 2812 3203 Ἰούδα.
2842 3149 3189 3220 Μνημονεύει
3209 3166 3268 3203 τε
3295 3149 3391 3227 τοῦ
3441 3152 3577 3225 πρὸς
3611 3153 3736 3206 Ἕλ-

2154 3238 2320 3311 ληνας
2352 3239 2616 3295 Τατιανοῦ
2637 3240 2815 3310 λόγου,
2848 3241 2942 3294 καὶ
2961 3240 3293 3306 Κασσιανοῦ,
3323 3242 3399 3309 ὡς
3430 3244 3524 3298 καὶ
3563 3242 3734 3298 αὐτοῦ

2153 3334 2602 3403 Χρονοιιφαφίαν
2629 3333 3016 3404 πεποιημένου.
3059 3332 3179 3387 Ἔτι
3234 3326 3605 3406 μὴνΦίλωνος
3635 3337 3734 3390 καὶ

2166 3424 2594 3497 Ἀριστοϐούλου,
2638 3425 2898 3497 Ἰωσήπου
2932 3440 2993 3478 τε
3022 3426 3116 3479 καὶ
3149 3427 3461 3498 Δημητρίου
3494 3428 3589 3482 καὶ
3621 3428 3732 3481 Εὐ-

2154 3514 2412 3586 πολέμου,
2453 3514 2721 3569 Ἰουδαίων
2742 3514 3120 3586 συγγραφέων,
3138 3516 3214 3580 dog
3241 3515 3308 3570 ἂν
3322 3516 3525 3572 τούτων
3552 3519 3732 3573 ἀπάν-

2151 3624 2259 3661 των
2281 3606 2573 3679 ἐγγράφως
2612 3604 2981 3679 πρεσϐύτερον
3019 3607 3120 3678 τῆς
3155 3608 3287 3681 παρ’
3329 3607 3585 3677 Ἕλλησιν
3627 3611 3734 3683 άρ⁴

2151 3699 2458 3769 χαιογονίας
2484 3697 2721 3753 Μωῦσέα
2742 3716 2801 3753 τε
2831 3700 2925 3753 καὶ
2951 3699 3013 3753 τὸ
3037 3700 3307 3755 Ἰουδαίων
3334 3701 3486 3766 ἔθνος
3513 3704 3733 3758 ἀποδει-

2153 3791 2377 3856 ξάντων.
2392 3792 2503 3846 Καὶ
2515 3790 2679 3862 ἄλλης
2693 3792 2749 3845 δὲ
2766 3790 3024 3863 πλείστης
3043 3811 3148 3866 χρη
3156 3793 3482 3865 στομαθείας
3500 3795 3730 3867 ἔμπλεοι

2149 3886 2199 3938 οί
2245 3884 2560 3957 δηλούμενοι
2605 3885 2933 3957 τυγχάνουσι
2974 3885 3069 3939 τοῦ
3114 3885 3305 3959 ἀνδρὸς
3344 3887 3510 3958 λόγοι.
3540 3883 3638 3944 Ὧν
3666 3891 3733 3945 ἐν

2147 3976 2226 4048 τῷ
2254 3974 2457 4048 πρώτῳ
2474 3978 2603 4049 περ)⁸
2619 3975 2811 4030 ἐαυτοῦ
2837 3976 2988 4049 δηλοῖ
3005 3976 3081 4041 ὡς
3096 3976 3326 4047 ἔγγιστα
3351 3979 3452 4050 τῆς
3470 3979 3579 4035 τῶν
3596 3982 3733 4036 ἁπο-

2150 4067 2349 4122 στόλων
2367 4068 2656 4139 γενομένου
2688 4066 2955 4139 διαδοχῆς.
3003 4068 3370 4142 ’Υπισχνείται
3392 4071 3436 4125 δ’
3454 4075 3513 4126 ἐν
3541 4073 3732 4140 αὐτοῖς

2147 4160 2242 4215 καὶ
2265 4163 2353 4227 είς
2374 4159 2489 4230 τὴν
2510 4160 2766 4215 Γένεσιν
2802 4162 3349 4234 ὑπομνηματιεῖσθαι.
3398 4165 3511 4220 Καὶ
3547 4168 3608 4221 ἐν
3640 4166 3726 4240 τῷ

2145 4252 2289 4324 λόγῳ
2315 4252 2371 4307 δέ
2395 4250 2558 4307 αὑτοῦ
2585 4251 2664 4323 τῷ
2737 4255 2794 4319 ίς
2829 4254 3048 4325 Πάσχα
3088 4254 3441 4327 ἐκϐιασθῆναι
3470 4257 3728 4329 ὁμολογεῖ

2145 4346 2283 4419 πρὸς
2307 4345 2415 4400 τῶν
2443 4345 2695 4418 ἑταίρων,
2724 4345 2791 4410 ἃς
2816 4346 2971 4417 ἔτυχε
3005 4347 3157 4418 παρὰ
3182 4347 3293 4401 τῶν
3320 4349 3565 4421 ἀρχαίων
3588 4368 3727 4424 πρε-

2147 4437 2423 4509 σϐυτέρων
2475 4435 2727 4508 ἀκηκοὼς
2775 4436 3133 4508 παραδόσεις,
3178 4442 3363 4511 γραφῇ
3411 4443 3524 4504 τοῖς
3581 4439 3729 4512 μετὰ

461 4535 535 4590 tis
557 4534 719 4603 libri,
745 4550 887 4606 quos
913 4534 1027 4605 jam
1068 4536 1339 4605 persecuti
1365 4552 1593 4606 sumus,
1624 4522 1864 4592 maxima
1893 4539 2038 4609 optic

2154 4528 2318 4583 ταῦτα
2346 4529 2700 4601 παραδοῦναι.
2734 4529 3024 4602 Μέμνηται
3057 4530 3102 4584 δ’
3129 4532 3188 4585 ἐν
3229 4532 3378 4604 αὐτῷ
3413 4533 3729 4600 Μελίτωνος
3782 4555 3787 4559 ·

461 4642 678 4683 marum
740 4627 1155 4699 disciplinarum
1221 4631 1450 4684 materia
1515 4629 1701 4686 referti
1771 4640 1918 4685 sunt.
1983 4629 2039 4684 In

462 4719 644 4793 primo
688 4719 831 4776 libro
874 4719 1119 4790 ejusdem
1174 4722 1357 4790 operis
1406 4722 1475 4776 de
1519 4722 1701 4792 seipso
1760 4723 2035 4793 loquitur,

459 4812 608 4883 quod
640 4825 808 4883 prope
827 4811 894 4866 ad
930 4811 1305 4880 apostolorum
1339 4820 1583 4882 tempora
1613 4813 1957 4868 successerit.
1980 4811 2038 4867 ln

458 4904 668 4960 eisdem
699 4903 856 4958 libris
871 4900 1290 4957 Commentarios
1322 4903 1377 4957 in
1403 4902 1642 4958 Genesim
1674 4919 1733 4960 se
1760 4904 2035 4960 editurum

459 4998 771 5069 pollicetur.
821 4996 952 5051 Item
993 4995 1050 5049 in
1098 4995 1240 5051 libro
1278 4995 1427 5050 illius
1465 5010 1627 5065 quem
1669 4996 1748 5050 De
1773 4995 2039 5051 Paschate

459 5094 805 5163 composuit,
853 5089 1057 5146 fatetur
1085 5090 1155 5146 se'
1182 5105 1214 5144 a
1244 5088 1610 5146 familiaribus
1641 5090 1757 5147 suis
1785 5092 2035 5161 compul-

458 5200 608 5250 sum,
656 5195 717 5241 ut
761 5185 1104 5253 traditiones,
1146 5197 1285 5254 quas
1326 5185 1659 5240 aveteribus
1702 5185 2037 5257 presbyteris

461 5276 785 5347 accepisset,
839 5275 1037 5332 litteris
1092 5274 1350 5346 proderet
1403 5275 1470 5330 ad
1524 5276 1922 5345 posteritatem.
1976 5274 2032 5330 In

460 5370 653 5426 eodem
707 5369 851 5424 libro
900 5368 1250 5434 Melitonem,
1300 5365 1564 5423 Irenaeum
1616 5378 1670 5423 et
1717 5367 1855 5424 alios
1896 5383 2036 5424 non-

460 5465 645 5521 nullos
697 5471 1092 5519 commemorat
1123 5504 1138 5529 ,
1197 5462 1653 5533 narrationesque
1709 5463 1918 5532 aliquot
1965 5478 2033 5518 ex

458 5572 651 5612 eorum
699 5554 856 5611 libris
895 5554 1016 5625 pias
1067 5565 1334 5610 recenset.
1383 5552 1440 5607 ln
1491 5554 1647 5609 libris
1692 5555 2033 5609 ’Υποτυπὼ-

458 5662 640 5714 σεων,
676 5656 737 5701 ιιι
761 5645 1081 5702 summatim
1116 5645 1605 5716 comprehendam,
1638 5648 1784 5703 sicut
1811 5648 1866 5702 in
1905 5650 2033 5702 uni-

459 5752 649 5795 versas
679 5737 1028 5809 Scripturas,
1065 5752 1188 5805 quae
1227 5737 1473 5791 omnium
1519 5741 1894 5794 consentiente
1935 5756 2035 5794 au—

458 5830 714 5890 ctorilate
747 5829 1166 5905 conﬁrmantur,
1216 5834 1410 5890 breves
1453 5832 1672 5903 scripsit
1710 5832 2030 5904 explicatio--

2144 4623 2239 4676 καὶ
2257 4621 2574 4694 Είρηναίου,
2607 4621 2702 4675 καί
2726 4639 2889 4676 τινων
2919 4623 3143 4696 ἐτέρων,
3171 4615 3245 4677 ὧν
3265 4626 3358 4678 καὶ
3385 4623 3484 4689 τὰς
3525 4626 3726 4699 διηγή-

2144 4732 2259 4780 σεις
2290 4715 2544 4791 τέθειται.
2580 4716 2668 4770 Ἐν
2708 4717 2765 4770 δέ
2793 4720 2913 4781 ταῖς
2952 4716 3411 4785 Ὑποτυπώσεσι,
3437 4717 3727 4784 ξυνελόντα

2141 4804 2334 4875 εἰπεῖν’,
2367 4810 2547 4883 πάσης
2566 4810 2663 4881 τῆς
2688 4810 3004 4883 ἐνδιαθήκου
3031 4810 3253 4882 Γραφῆς
3281 4813 3723 4885 ἐπιτετμημένας

2140 4909 2429 4981 πεποίηται
2457 4908 2754 4981 διηγήσεις,
2788 4907 2922 4979 μηδὲ
2950 4906 3051 4971 τὰς
3077 4906 3496 4979 ἀντιλεγομένας
3515 4911 3727 4982 παρελ-

2140 4998 2279 5054 θών⁸
2321 4999 2420 5071 τὴν
2453 4998 2623 5054 Ἰούδα
2658 4998 2801 5068 λέγω
2843 4998 2938 5052 καὶ
2980 4996 3081 5061 τὰς
3128 4996 3385 5069 (λοιπὰς)
3421 4998 3729 5064 καθολικὰς

2139 5091 2446 5156 ἐπιστολὰς,
2479 5090 2579 5164 τήν
2603 5108 2665 5145 τε
2697 5090 2972 5162 Βαρνάϐα,
3002 5090 3097 5144 καὶ
3122 5089 3221 5163 τὴν
3244 5090 3452 5162 Πέτρου
3492 5090 3731 5161 λεγομέ-⁵

2139 5200 2236 5256 νην
2272 5182 2654 5253 Ἀποκάλυψιν.
2714 5183 2825 5237 Καὶ
2852 5181 2948 5254 τὴν
2977 5181 3115 5254 πρὸς
3176 5181 3460 5255 Ἐϐραίους
3478 5180 3538 5237 δέ
3566 5182 3729 5235 Ἐπι-

2140 5274 2352 5347 στολὴν,
2376 5273 2588 5328 Παύλου
2613 5275 2709 5346 μὲν
2737 5270 2874 5328 εἶναι
2902 5291 3056 5344 φησι,
3073 5272 3379 5357 γεγράφθαι
3403 5274 3460 5328 δὲ
3497 5274 3727 5345 Ἑϐραί-

2135 5384 2218 5431 οις
2257 5365 2516 5438 Ἐϐραῖκῇ
2550 5368 2724 5438 φωνῇ,
2752 5366 2963 5419 Λουκᾶν
2991 5364 3047 5418 δὲ
3079 5366 3376 5439 φιλοτίμως
3407 5366 3577 5438 αὐτὴν
3611 5385 3721 5439 με-

2138 5460 2583 5533 θερμηνεύσαντα
2606 5498 2621 5523 ,
2673 5457 2920 5512 ἐκδοῦναι
2966 5461 3079 5522 τοῖς
3101 5458 3386 5531 Ἕλλησινο
3444 5457 3567 5512 ὅθεν
3619 5458 3720 5513 τὸν

2136 5551 2297 5605 αὐτὸν
2314 5551 2499 5622 χρῶτα
2528 5548 2873 5623 εὑρίσκεσθαι
2903 5548 3043 5603 κατὰ
3060 5548 3157 5622 τὴν
3174 5549 3491 5622 ἑρμηνείαν,
3506 5547 3721 5620 ταύτης

2135 5661 2194 5697 τε
2213 5644 2312 5714 τῆς
2328 5638 2670 5710 Ἐπιστολῆς,
2695 5643 2790 5697 καὶ
2818 5643 2927 5698 τῶν
2955 5642 3212 5715 Πράξεων
3231 5659 3245 5672 ’
3281 5640 3355 5713 μὴ
3402 5640 3719 5713 προγεγρά-

2138 5738 2271 5810 φθαι
2298 5739 2355 5793 δέ
2375 5738 2455 5806 τὸ,
2474 5737 2714 5805 Παῦλος
2739 5738 3099 5803 ἀπόστολος,
3130 5735 3372 5799 είκότως.
3397 5753 3416 5787 ι
3439 5733 3720 5807 Ἑϐραίοις

2136 5830 2266 5906 γὰρ,
2285 5832 2469 5904 φησὶν,
2494 5831 2842 5896 ἐπιστέλλων,
2858 5830 3124 5904 πρόληψιν
3144 5828 3389 5902 είληφόσι
3411 5829 3531 5883 κατ’
3546 5827 3719 5885 αὐτοῦ
