3944 6340
239 335 304 390 57
1499 337 1836 396 VETERUM
1861 335 2316 408 ,TESTIMONIA.
3415 343 3484 396 38

243 458 327 510 καὶ
355 457 760 516 ὑποπτεύουσιν
787 461 975 526 αὐτὸν,
1003 462 1236 526 συνετῶς
1247 461 1399 516 τπάνυ
1444 463 1544 515 οὐκ
1581 463 1638 515 ἐν
1667 463 1792 534 ἀρχῇ

1917 475 2013 514 nes
2041 478 2054 512 :
2086 461 2158 514 ita
2203 473 2377 529 neque
2410 474 2502 514 cas
2525 461 2752 530 quidem
2785 475 2908 530 quae
2947 477 2975 514 a
3007 457 3192 516 multis
3219 473 3483 516 vocantur

241 549 543 624 ἀπέτρεψεν
571 552 793 618 αὐτοὺς,
825 553 885 608 τὸ
914 555 1082 626 ὄνομα
1105 555 1235 619 θείς.
1261 551 1421 609 »Εἶτα
1459 555 1664 620 ὑποϐὰς
1691 557 1809 610 ἐπι-

239 646 406 714 λέγει·
445 665 464 697 ι
501 646 641 718 ’ῙΙδη
670 646 748 710 δὲ,
779 646 855 711 ὡς
880 647 910 699 6
940 647 1206 720 μακάριος
1237 647 1388 716 ἔλεγέ
1420 647 1806 720 πρεσϐύτερος,

240 741 351 792 ἐπεὶ
385 741 416 792 6
461 739 705 811 Κύριος-ι,
747 740 1064 804 Ἀπόστολος
1095 740 1170 794 ὢν
1204 739 1299 794 τοῦ
1343 741 1805 814 Παντοκράτορος,

239 833 512 904 ἀπεστάλη
541 833 678 905 πρὸς
709 833 1013 905 Ἐϐραίους,
1041 834 1128 886 διὰ
1158 825 1480 906 μετριότητα
1507 835 1536 886 6
1575 833 1804 902 Παῦλος,

239 925 388 989 ὼςᾶν
417 927 500 988 εἰς
525 925 597 978 τὰ
620 925 1208 997 ἔθνη-ἀπεσταλμένος,
1241 927 1341 980 οὐκ
1370 919 1634 998 ἐγγράφει
1679 927 1808 980 ἐαυ-

240 1019 316 1072 τὸν
367 1019 642 1090 Ἐϐραίων
668 1019 982 1084 ἀπόστολον,
1005 1019 1092 1074 διά
1117 1037 1175 1073 τε
1195 1019 1292 1092 τὴν
1320 1019 1454 1092 πρὸς
1485 1013 1575 1074 τὸν
1601 1021 1806 1092 Κύριον

239 1113 424 1185 τιμὴν,
471 1114 562 1168 διά
605 1131 665 1166 τε
704 1113 766 1166 τὸ
805 1115 869 1167 ἐκ
901 1113 1214 1185 περιουσίας
1251 1115 1344 1166 καὶ
1388 1107 1500 1177 τοῖς
1537 1111 1806 1184 Ἑϐραίοις

239 1205 772 1270 ὲπιστέλλειν,ὲθνῶν
801 1208 1016 1278 κήρυκα
1047 1205 1176 1282 {avra
1205 1207 1298 1260 καὶ
1325 1206 1672 1260 ἀπόπολονδ
1693 1203 1803 1260 Λῦ-

237 1299 312 1362 θις
331 1299 384 1351 δ’
407 1301 476 1352 ἐν
505 1303 620 1362 τοῖς
645 1291 827 1362 αὐτοῖς
859 1300 887 1351 6
915 1298 1144 1370 Κλήμης
1174 1299 1394 1369 βιϐλίοις
1423 1295 1550 1372 περὶ
1577 1301 1676 1371 τῆς
1711 1301 1805 1355 τά-

237 1394 362 1457 ξεως
389 1393 499 1446 τῶν
531 1391 876 1462 Εὐαγγελίων
895 1393 1203 1464 παράδοσιν
1231 1392 1338 1446 τῶν
1366 1393 1626 1448 ἀνέκαθεν
1673 1411 1804 1467 πρε·-

237 1483 508 1557 σόυτέρων
525 1485 781 1548 τέθειται,
801 1475 986 1538 τοῦτον
1015 1484 1240 1555 ἔχουσαν
1259 1485 1348 1538 τὸν
1377 1481 1572 1557 τρόπον
1593 1503 1606 1516 ⁸
1633 1487 1804 1559 (Προ-

235 1576 538 1646 γεγράφθαι
561 1567 784 1644 ἐλέγετο
813 1567 1319 1644 τῶνίΕὐαγγελίων,
1365 1576 1432 1630 τὰ
1482 1575 1801 1648 περιέχοντα

233 1671 324 1735 τὰς
339 1670 698 1738 γενεαλογίας
720 1686 737 1701 ·
774 1669 834 1723 τὸ
859 1670 916 1724 δὲ
943 1669 1082 1723 κατά
1115 1667 1362 1740 Μάρκον,
1411 1669 1612 1742 ταύτην
1641 1671 1802 1741 ἐσχη-

233 1765 378 1818 κέναι
405 1762 506 1833 τὴν
535 1761 864 1832 οἰκονομίαν.
896 1761 1000 1815 Τοῦ
1022 1761 1228 1833 Πέτρου
1249 1761 1478 1833 δημοσίᾳ
1519 1763 1576 1814 ἐν
1617 1762 1799 1834 Ῥώμῃ

1915 551 1966 602 in
1999 552 2444 614 controversiam,
2477 567 2668 620 passus
2699 561 2782 606 est
2815 553 3318 622 iuterpretationum
3354 563 3448 606 sua

1911 658 2032 696 rum
2063 653 2313 714 expertes
2341 658 2464 698 esse
2504 661 2517 697 :
2563 641 2718 698 Judaa
2747 643 3045 714 Epistulam
3101 645 3244 711 dico,
3285 653 3340 699 et
3383 661 3476 700 ca-

1912 732 2169 799 tholicas,
2217 743 2271 788 et
2323 733 2607 804 epistolam
2635 733 2918 800 Barnabte,
2970 744 3024 788 et
3069 733 3476 791 Revelationem
3531 795 3538 802 ,

1911 841 2032 894 quae
2052 823 2194 878 Petri
2233 841 2354 880 esse
2376 825 2594 880 dicitur.
2633 824 2929 895 Epistulam
2961 825 3089 880 item
3117 827 3187 880 ad
3223 824 3478 882 Hebraeos

1911 917 2191 986 scriptam,
2215 915 2371 971 Pauli
2412 933 2534 974 esse
2561 917 2813 982 aﬂirmat,
2853 927 2906 972 et
2934 916 3201 973 Hebratco
3223 933 3478 973 sermone

1911 1013 1978 1068 ad
2029 1011 2284 1068 Hebraaos
2328 1015 2398 1068 ab
2441 1029 2507 1069 eo
2551 1013 2754 1069 editam
2782 1055 2798 1078 ,
2855 1013 3060 1070 Lucam
3118 1027 3298 1070 autem
3352 1031 3472 1070 eam

1907 1115 2162 1162 accurate
2210 1106 2264 1161 in
2291 1105 2560 1175 Graecum,
2610 1117 2668 1162 ut
2693 1107 2897 1164 Graecis
2945 1107 3204 1172 traderet,
3237 1123 3468 1163 conver-

1909 1197 2041 1252 tisse
2067 1213 2080 1249 :
2111 1197 2354 1268 illudque
2381 1199 2544 1268 plane
2567 1213 2634 1254 ex
2666 1199 3109 1270 interpretatione
3151 1200 3268 1270 ipsa
3309 1199 3474 1255 facile

1909 1287 2131 1360 intelligi
2173 1303 2354 1360 posse,
2395 1290 2544 1360 quod
2583 1290 2824 1361 Epistola
2852 1300 2906 1347 et
2933 1291 3066 1346 Acta
3099 1293 3472 1362 apostolorum

1907 1381 2050 1436 idem
2081 1383 2345 1438 orationis
2389 1383 2538 1438 ﬁlum
2578 1383 2846 1450 habeant;
2877 1392 3042 1454 atque
3085 1385 3227 1440 hanc
3275 1387 3472 1442 inscri—

1908 1471 2148 1540 ptionem
2168 1515 2182 1538 ,
2215 1471 2419 1527 Paulus
2449 1473 2718 1544 apostolus
2737 1511 2752 1537 ,
2787 1488 2898 1528 non
2927 1475 3046 1530 sine
3071 1491 3236 1533 causa
3275 1478 3326 1530 in
3347 1476 3473 1546 Epi—

1909 1561 2062 1616 stolae
2108 1562 2377 1633 principio
2431 1563 2602 1619 fuisse
2644 1563 3108 1634 praetermissam;
3149 1584 3167 1616 ι
3199 1581 3324 1620 nam
3345 1583 3470 1622 cum

1905 1651 2108 1709 Paulus
2127 1653 2196 1708 ad
2221 1652 2477 1710 Hebraeos
2503 1653 2802 1724 Epistolam
2835 1655 3118 1722 scriberet,
3149 1657 3240 1726 qui
3271 1661 3470 1728 prauu-

1905 1762 2140 1818 dicatam
2176 1763 2374 1819 animis
2414 1765 2762 1831 sententiam,
2804 1775 2857 1820 et
2901 1778 3210 1837 suspectam
3251 1770 3466 1839 opinio-

235 1857 563 1930 κηρύξαντος
593 1857 682 1910 τὸν
709 1856 863 1925 λόγον
885 1896 900 1920 ,
939 1857 1031 1910 καὶ
1061 1855 1334 1942 Πνεύματι
1373 1855 1433 1908 τὸ
1473 1855 1792 1924 Εὑαγγέλιον

1905 1869 2052 1916 nem,
2084 1863 2273 1909 contra
2306 1869 2429 1909 eum
2471 1855 2697 1925 ejusque
2733 1857 3038 1911 doctrinam
3070 1860 3464 1927 combiberant,

233 1949 554 2012 ἐξειπόντος,
579 1951 708 2013 τοὺς
735 1948 1028 2019 παρόντας,
1067 1947 1293 2010 πολλοὺς
1322 1947 1479 2011 ὄντας
1501 1987 1516 2012 ,
1549 1965 1800 2019 παρακα-

231 2044 374 2097 λέσαι
400 2042 496 2096 τδν
523 2042 772 2114 Μάρκον,
805 2041 880 2104 ὡς
907 2039 972 2093 ἂν
1000 2039 1436 2110 ἀκολουθήσαντα
1482 2038 1631 2109 αὐτῷ
1668 2041 1800 2112 πόρ-

231 2135 418 2208 ρωθεν,
449 2135 550 2188 καὶ
579 2133 920 2204 μεμνημένον
964 2131 1070 2184 τῶν
1091 2131 1403 2208 λεχθέντων
1423 2171 1438 2194 ,
1485 2131 1798 2202 ἀναγράψαι

225 2221 288 2281 τὰ
313 2227 612 2300 εἰρημένα·
646 2227 944 2298 ποιήσαντα
976 2225 1034 2277 δὲ
1061 2225 1121 2277 τὸ
1147 2225 1504 2294 Εὑαγγὲλιον,
1541 2225 1798 2296 μεταδοῦ-

225 2339 304 2374 ναι
323 2323 436 2383 τοῖς
464 2319 738 2390 δεομένοις
752 2317 935 2370 αὑτοῦ.
961 2318 1136 2389 Ὅπερ
1149 2317 1435 2386 ἐπιγνόντα
1453 2317 1542 2369 τὸν
1567 2317 1790 2388 Πέτρον,

225 2411 640 2484 προτρεπτικῶς
673 2411 744 2480 μή
803 2427 858 2462 τε
899 2409 1136 2463 κωλῦσαι
1169 2411 1240 2480 μή
1270 2426 1328 2461 τε
1357 2408 1789 2480 προτρέψασθαι·

223 2505 306 2556 τὸν
337 2505 440 2573 μέν
469 2521 554 2556 τοι
588 2503 836 2572 Ἰωάννην
866 2499 1110 2571 ἔσχατον,
1134 2500 1408 2553 συνιδόντα
1435 2501 1516 2553 ὅτι
1533 2500 1600 2553 τὰ
1617 2519 1795 2570 σωμα-

223 2595 340 2649 τικά
365 2597 428 2648 ἐν
447 2599 564 2658 τοῖς
584 2594 930 2663 Εὑαγγελίοις
948 2592 1256 2664 δεδήλωται,
1287 2593 1666 2664 προτραπέντα
1690 2593 1793 2647 ὑπὸ

221 2689 322 2742 ὠν
347 2690 668 2760 γνωρίμων,
697 2686 970 2757 Πνεῦματι
1001 2685 1414 2757 θεοφορηθέντα.
1429 2686 1792 2759 πνευματικὸν

223 2781 444 2850 ποιῆσαι
475 2779 822 2848 Εὐαγγέλιον.
841 2799 859 2828 ι
895 2776 1142 2830 Τοσαῦτα
1170 2777 1198 2828 ὁ
1227 2777 1472 2850 Κλήμης.

1899 1961 2094 2000 nomen
2127 1946 2377 2001 consulto
2407 1945 2698 2004 admodum
2733 1965 2838 2004 non
2887 1951 3273 2021 inscripsisse:
3305 1969 3375 2007 ne
3411 1956 3466 2008 in

1903 2038 2022 2108 ipso
2047 2039 2272 2094 exordio
2321 2039 2535 2094 animos
2579 2041 2798 2096 illorum
2843 2057 3070 2112 prorsus
3114 2044 3184 2098 ab
3211 2045 3470 2114 Epistula:

1901 2129 2134 2184 lectione
2149 2137 2464 2216 averteret.»
2483 2129 2686 2188 Deinde
2709 2133 2924 2204 longius
2949 2135 3230 2205 aliquanto
3257 2137 3310 2190 in
3339 2153 3468 2194 ora-

1899 2221 2048 2276 tione
2076 2236 2418 2291 progressus,
2450 2221 2600 2277 addit
2629 2223 2732 2278 ista
2760 2243 2772 2278 :
2807 2243 2824 2274 ι
2855 2222 2974 2278 Jam
3004 2241 3132 2280 vero
3163 2226 3308 2281 sicut.
3335 2228 3468 2284 lica.

1900 2321 1988 2368 tus
2030 2312 2250 2382 quidam
2285 2313 2568 2384 presbyter
2597 2314 2812 2372 dicebat
2841 2335 2854 2370 :
2882 2317 3143 2387 quoniam
3176 2317 3463 2385 Dominus,

1902 2405 2020 2474 ipse
2041 2404 2335 2474 Apostolus
2365 2405 2542 2462 Patris
2569 2409 2654 2462 sui
2687 2410 3099 2481 omnipotentis,
3124 2413 3190 2468 ad
3212 2411 3468 2470 Hebraeos

1899 2497 2102 2552 missus
2149 2497 2274 2578 fuit,
2303 2497 2504 2554 Paulus
2551 2501 2684 2570 quia
2729 2511 2848 2556 erat
2886 2502 2954 2556 ad
3003 2513 3190 2574 gentes
3239 2507 3464 2574 missus,

1901 2590 2146 2646 modeste
2191 2593 2448 2662 quidem,
2497 2610 2622 2650 cum
2671 2596 2738 2652 ad
2779 2593 3039 2653 Hebraeos
3081 2599 3364 2668 scriberet,
3407 2617 3468 2658 se

1901 2683 2207 2754 apostolum
2263 2683 2616 2740 l-lebraaorum
2665 2702 2774 2740 non
2833 2687 3160 2757 inscripsit,
3239 2691 3464 2760 partim,

1898 2777 1966 2831 ob
2009 2792 2165 2831 suam
2215 2792 2343 2848 erga
2381 2777 2674 2834 Dominum
2719 2780 3100 2847 reverentiam,
3135 2783 3354 2853 partim,
3395 2801 3466 2841 ne

1897 2881 2019 2920 eum
2049 2866 2287 2938 gentium
2325 2881 2500 2935 praeco
2534 2876 2588 2922 et
2610 2867 2894 2938 apostolus
2935 2879 3100 2936 esset,
3131 2880 3327 2940 praeter
3349 2870 3463 2926 otii-

221 2960 456 3014 eiumad
483 2957 742 3015 Hebraeos
777 2960 1016 3013 scribere
1045 2957 1369 3013 videretur.»
1402 2957 1612 3014 Rursus
1633 2957 1885 3016 Clemens
1927 2961 1981 3015 in
2015 2961 2207 3016 iisdem
2237 2963 2410 3028 libris,
2451 2962 2798 3018 traditionem
2829 2961 2896 3016 de
2925 2963 3117 3020 ordine
3159 2975 3462 3036 temporum

219 3056 412 3125 quibus
445 3055 734 3126 Evangelia
771 3055 972 3124 scripta
1011 3063 1186 3118 erant,
1220 3069 1251 3108 a
1275 3055 1544 3109 veteribus
1575 3053 1904 3126 presbyteris
1935 3065 2210 3128 acceptam
2258 3057 2325 3112 ad
2353 3056 2500 3112 hunc
2531 3056 2753 3111 modum
2788 3057 3010 3126 exponit
3045 3075 3057 3110 :
3106 3056 3462 3138 «ﬁvangelia,

220 3167 334 3221 qua:
367 3153 424 3206 in
459 3167 518 3206 se
545 3151 984 3221 complectuntur
1027 3150 1394 3221 geneaIOgias,
1445 3161 1572 3205 ante
1614 3152 1815 3222 scripta
1848 3152 2122 3208 dicuntur.
2159 3150 2296 3208 Illud
2345 3163 2526 3210 autem
2572 3154 2718 3224 quod
2765 3155 3063 3210 secundum
3096 3153 3337 3209 Marcum
3373 3155 3462 3208 in-

219 3248 492 3314 scribitur,
533 3247 698 3301 talem
736 3228 958 3302 eausam
993 3247 1250 3303 habuisse
1283 3246 1455 3302 fertur
1494 3267 1508 3303 :
1542 3247 1682 3303 Cum
1713 3247 1910 3305 Petrus
1937 3249 2124 3306 Romae
2153 3250 2371 3320 publice
2405 3248 2630 3304 verbum
2663 3247 2756 3304 Dei
2783 3249 3104 3318 praedicaret
3143 3257 3197 3304 et
3225 3247 3461 3318 Spiritus

221 3344 384 3399 sanati
443 3344 706 3418 instinctu
739 3341 1090 3414 Evangelium
1118 3343 1321 3400 Christi
1371 3353 1690 3414 exponeret,
1743 3345 1945 3400 multos
1987 3347 2082 3416 qui
2119 3355 2316 3416 praesto
2363 3344 2611 3406 aderant.
2658 3343 2924 3408 Marcum,
2977 3353 3164 3414 utpote
3195 3346 3290 3416 qui
3332 3361 3459 3399 eum

221 3441 416 3494 diutius
471 3441 770 3496 comitatus
813 3439 1040 3506 fuisset,
1092 3450 1146 3496 et
1187 3441 1307 3510 ejus
1359 3442 1519 3496 verba
1571 3441 1832 3496 memoria
1881 3453 2124 3507 teneret,
2171 3457 2497 3512 magnopere
2540 3440 2859 3496 obsecrasse
2903 3439 3104 3506 ferunt,
3143 3449 3202 3495 ut
3245 3455 3306 3494 ea
3339 3455 3462 3510 qua:

219 3539 442 3594 fuissent
469 3536 542 3590 ab
573 3536 1002 3608 illopraedicata,
1043 3535 1261 3605 scriptis
1291 3535 1588 3600 mandaret.
1631 3535 1786 3603 Quod
1817 3535 2038 3606 quidem
2067 3533 2416 3605 Evangelium
2462 3533 2626 3589 simul
2658 3549 2722 3588 ac
2752 3533 3020 3596 ediderat,
3057 3533 3166 3588 illis
3195 3535 3288 3604 qui
3323 3535 3456 3589 illud

221 3635 280 3689 ab
305 3648 372 3688 eo
403 3632 772 3702 rogavissent,
830 3629 1114 3698 impertiit;
1151 3627 1370 3684 Petrum
1415 3637 1618 3694 autem,
1668 3629 1760 3683 ubi
1791 3629 1859 3685 de
1897 3644 1963 3684 eo
2005 3629 2206 3683 certior
2239 3627 2418 3682 factus
2467 3635 2614 3692 erat,
2663 3641 2840 3695 neque
2890 3626 3048 3695 plane
3089 3628 3456 3698 prohibuisse,

219 3743 384 3797 neque
417 3726 772 3782 adhortatum
807 3739 966 3788 esse;
1005 3722 1268 3778 Joannem
1303 3737 1455 3790 vero,
1487 3731 1674 3793 utp0te
1725 3723 2060 3778 sacrosancti
2097 3721 2336 3793 Spiritus
2373 3721 2610 3791 impulsu
2656 3730 3012 3786 commotum,
3047 3732 3332 3794 postquam
3369 3727 3458 3780 in-

217 3823 442 3886 tellexit,
479 3836 544 3875 ea
576 3835 698 3890 qua:
740 3819 806 3874 ad
836 3834 1033 3888 corpus
1060 3829 1113 3872 et
1137 3817 1529 3874 humanitatem
1563 3818 1766 3874 Christi
1820 3819 2156 3889 spectabant,
2192 3818 2247 3873 iu
2285 3816 2392 3874 illis
2421 3816 2728 3886 Evangeliis
2774 3816 3061 3886 explicata,
3093 3821 3453 3889 quorumdam

217 3915 566 3972 familiarium
597 3930 662 3970 ac
694 3915 1126 3970 necessariorum
1167 3922 1382 3986 rogatu.
1429 3913 1782 3986 Evangelium
1825 3915 2104 3986 spirituale
2145 3923 2268 3985 post
2309 3914 2546 3984 reliquos
2592 3912 2952 3983 evangelistas
2985 3915 3397 3986 conscripsisse.
3429 3935 3450 3970 ι

219 4009 326 4068 Haec
357 4011 642 4068 Clemens.

963 4136 1263 4194 Alexander
1305 4134 1820 4206 Hierosolymitanus
1857 4134 2126 4202 episcopus
2162 4132 2354 4186 ibidem
2391 4131 2456 4186 de
2494 4133 2697 4186 eodem.

273 4275 534 4346 Πατέρας
557 4274 668 4346 γὰρ
697 4275 852 4346 ἴσμεν
879 4277 1008 4341 τοὺς
1045 4279 1348 4351 μακαρίους
1377 4279 1634 4346 ἐκείνους,
1653 4278 1780 4340 τοὺς

1959 4273 2092 4328 Nam
2144 4273 2264 4327 illos
2291 4272 2482 4327 beatos
2505 4269 2711 4336 Patres,
2742 4269 2833 4340 qui
2868 4257 2993 4322 ante
3041 4283 3141 4322 nos
3175 4267 3314 4325 viam
3345 4271 3451 4323 \‘ir-

214 4368 658 4438 προοδεύσαντας,
687 4369 824 4438 πρὸς
849 4367 942 4432 οὒς
973 4373 1088 4439 μετ’
1127 4370 1305 4440 ὀλίγον
1335 4371 1566 4442 ἐσόμεθα
1587 4409 1602 4434 ,
1633 4370 1778 4424 Πάν-

1897 4367 2017 4421 Lutis
2059 4364 2250 4420 sedulo
2293 4362 2633 4425 institerunt,
2674 4361 2738 4414 ad
2787 4376 2926 4430 quos
2967 4375 3074 4413 non
3117 4359 3287 4415 multo
3329 4371 3450 4430 pest

213 4478 378 4515 ταινον
413 4461 504 4514 τὸν
525 4463 794 4534 μακάριον
823 4463 1036 4534 ἀληθῶς
1055 4465 1149 4517 καὶ
1169 4464 1376 4535 κύριον,
1399 4465 1491 4518 καὶ
1519 4464 1610 4517 τὸν
1634 4464 1774 4535 ἱερὸν

1897 4473 1984 4513 ωε
2014 4455 2305 4527 profecturi
2333 4470 2544 4524 sumus.
2563 4452 2916 4524 cognovimus
2944 4471 2957 4506 :
2985 4450 3296 4506 Pantaenum
3327 4453 3450 4508 dico

213 4553 500 4625 Κλήμεντα
521 4553 706 4627 κύριόν
738 4572 838 4626 μου
867 4555 1282 4626 γενόμενον,καὶ
1309 4557 1666 4629 ὠφελήσαντα
1683 4547 1770 4628 με.

1897 4564 2008 4604 rere
2041 4549 2256 4602 beatum
2288 4561 2352 4600 ac
2379 4545 2657 4600 dominum
2712 4559 2914 4607 meum,
2948 4552 3002 4596 ct
3035 4551 3279 4598 sanctum
3325 4545 3446 4599 Clo-

1883 4651 2116 4696 mentem
2149 4641 2312 4695 etiam
2349 4639 2630 4693 dominum
2680 4653 2882 4702 meum,
2917 4637 3009 4706 qui
3043 4637 3272 4692 multum
3313 4638 3445 4692 mihi

1879 4749 2020 4804 saepe
2060 4731 2444 4788 commodavit;

1273 4869 1498 4923 Rursum
1543 4867 1732 4926 Euseb.
1775 4870 1908 4926 ibid.
1947 4871 2040 4926 lib.
2075 4887 2135 4934 ιι,
2175 4887 2292 4940 cap.
2320 4869 2373 4924 9.

273 4987 404 5058 Περὶ
433 4987 492 5042 δὲ
509 4987 699 5040 τούτου
721 4985 750 5037 6
781 4985 1006 5057 Κλήμης
1034 4983 1128 5038 τοῦ
1171 4985 1426 5040 Ἰακώϐου
1450 5026 1465 5050 ,
1507 4989 1602 5040 καὶ
1633 4989 1774 5042 ἱστο-

215 5079 318 5149 ρίαν
341 5081 563 5150 μνήμης
589 5077 746 5144 ἀξίαν
773 5080 830 5131 ὲν
849 5081 914 5149 τῇ
940 5077 1048 5130 τῶν
1085 5077 1548 5134 ’Υποτυπώσεων
1573 5079 1772 5151 ἑϐδόμῃ

215 5170 580 5242 παρατίθεται,
601 5169 676 5232 ὡς
704 5169 769 5223 ὲκ
797 5169 1152 5240 παραδόσεως
1169 5171 1274 5224 τῶν
1305 5173 1412 5244 πρὸ
1440 5172 1638 5236 αὐτοῦ,
1671 5173 1774 5243 φά-

215 5277 360 5326 σκων,
379 5263 468 5314 ὅτι
485 5260 548 5332 δὴ
576 5262 606 5313 6
632 5260 939 5330 εἰσαγαγὼν
958 5259 1120 5316 αὐτὸν
1139 5263 1219 5327 είς
1245 5263 1614 5336 δικαστήριον,
1639 5283 1774 5338 μαρ-

213 5354 508 5423 τυρήσαντα
547 5353 708 5407 αὑτὸν
754 5351 875 5406 ἰδὼν
894 5395 910 5419 ,
951 5353 1190 5425 κινηθεὶς
1210 5394 1224 5415 ,
1279 5355 1631 5428 ὡμολόγησεν
1677 5357 1774 5410 καὶ

211 5445 356 5508 οὗτος
397 5440 538 5499 εἶναι
586 5446 780 5500 ἑαυτὸν
815 5447 1154 5519 Χριστιανόν.
1203 5449 1633 5522 Συναπήχθησαν
1677 5445 1771 5504 οὖν

209 5535 362 5606 ἄμφω
381 5581 397 5604 ,
439 5539 628 5609 φησιν·
661 5539 756 5592 καὶ
781 5539 922 5592 κατὰ
947 5539 1045 5610 τήν
1076 5540 1192 5593 ὁδὸν
1231 5540 1460 5610 ἠξίωσεν
1501 5540 1768 5612 ἀφεθῆναι

209 5625 347 5698 αὐτῷ
375 5631 480 5684 ὑπὸ
501 5630 596 5684 τοῦ
640 5630 916 5686 Ἰακώϐου.
961 5633 1018 5684 ὐ
1055 5631 1141 5695 δὲ,
1186 5633 1366 5702 ὀλίγον
1408 5632 1765 5704 σκεψάμενος,

211 5717 404 5793 εἰρήνη
435 5741 532 5790 σοι,
561 5718 706 5788 εἷπε,
739 5723 1204 5796 καὶκατεφίλησεν
1231 5727 1392 5781 αὐτόν
1412 5744 1426 5758 ο
1482 5725 1768 5800 καὶοῦτως

219 5811 497 5887 ἀμφότεροι
523 5815 660 5890 ὁμοῦ
692 5815 1202 5890 ὲκαρατομήθησαν.

1951 4987 2028 5042 De
2067 4988 2174 5042 isto
2202 4979 2406 5041 Iacobo
2437 4985 2687 5040 Clemens
2721 4982 2774 5036 in
2810 4979 3042 5050 septimo
3087 4977 3228 5031 libro
3270 4975 3446 5028 Ὑπο-

1877 5081 2199 5136 τυπώσεων
2249 5080 2530 5135 historiam
2568 5078 2728 5149 plane
2772 5073 3180 5131 memorabilem
3231 5071 3444 5134 inserit,

1869 5161 2104 5243 eamque
2143 5179 2328 5226 narrat
2364 5171 2518 5242 quasi
2552 5185 2618 5224 ex
2657 5167 2950 5224 traditione
2982 5165 3250 5235 majorum
3284 5179 3444 5218 acce-

1874 5245 2057 5336 ptam;
2094 5264 2376 5326 nimirum,
2417 5278 2540 5317 eum
2585 5262 2784 5331 ipsum.
2819 5257 2912 5327 qui
2951 5256 3213 5312 Jacobum
3263 5255 3317 5310 in
3355 5255 3444 5326 ju-

1851 5355 2075 5410 .dicium
2110 5353 2446 5420 adduxisset,
2479 5367 2602 5406 cum
2635 5347 3004 5404 testimonium
3039 5347 3260 5401 Christo
3285 5345 3440 5399 illum

1876 5453 1984 5500 tam
2013 5446 2179 5500 libere
2205 5443 2574 5514 perhibentem
2605 5447 2876 5506 cerneret,
2905 5455 2970 5494 ea
2995 5455 3054 5494 re
3082 5447 3439 5498 commotum,

1875 5555 1934 5594 se
1983 5539 2144 5593 etiam
2195 5538 2569 5592 Christianum
2633 5535 2864 5605 ingenue
2926 5531 3237 5588 confessum
3296 5545 3437 5586 esse.

1873 5632 2042 5702 Igitur
2071 5631 2337 5684 ambobus
2369 5644 2475 5682 una
2515 5629 2582 5681 ad
2616 5625 2942 5696 supplicium
2985 5624 3256 5684 adductis.
3295 5623 3441 5678 hunc

1873 5726 2014 5779 inter
2059 5722 2298 5778 eundum
2352 5737 2382 5773 a
2413 5718 2617 5774 Iacobo
2666 5719 3010 5790 postulasse,
3069 5717 3279 5770 veniam
3336 5715 3441 5769 sibi

1871 5815 2113 5872 concedi.
2169 5811 2434 5870 Jacobum
2487 5821 2702 5880 autem,
2754 5812 3036 5886 paululum
3090 5824 3203 5865 rem
3256 5809 3443 5862 animo
