3944 6340
480 349 552 407 εξ)
1694 345 2015 402 'CLEMENS
2050 343 2602 404 ALEXANDRINUS.
3646 354 3716 408 ιο

481 465 827 537 complexum
859 465 1225 529 dixisseﬁPax
1263 465 1393 528 vtibi,
1450 465 1713 537 illumque
1763 465 2073 522 osculatum
2115 480 2270 534 esse;
2311 477 2362 523 et
2432 470 2516 524 sic
2565 469 2780 525 tandem
2829 474 3124 538 utrumque
3177 469 3352 524 securi
3397 484 3716 540 percussum

480 560 647 616 vitam
683 561 1011 617 deseruisse.

1587 653 1757 716 Idem,
1800 653 2045 710 Chronic.
2080 655 2311 720 Canam,
2354 673 2474 726 pag.
2499 655 2624 709 216.

553 777 822 844 Clemens,
851 775 1176 832 Stramatum
1201 786 1425 842 auctor,
1453 777 1828 832 Alexandrinae
1859 777 2042 834 Eccle-
2071 789 2110 844 Α

2216 779 2446 850 Κλήμης
2460 779 2487 830 6
2516 779 2876 849 Στρωματεὺς
2896 775 3162 846 πρεσϐύτε
3171 792 3260 847 ρος
3299 771 3717 844 Ἀλεξανδρείας,

481 869 578 926 size
602 869 903 940 presbyter,
930 869 1170 939 optimus
1199 867 1522 924 Christiana:
1548 868 1906 938 philosophiae
1933 885 2038 924 ma-

2161 871 2373 943 ἄριστος
2399 869 2717 933 διδάσκαλος
2761 870 2819 920 ὲν
2846 871 2913 939 τῇ
2963 867 3104 920 κατὰ
3143 866 3374 939 Χριστὸν
3414 863 3718 934 φιλοσοφίᾳ,

483 961 671 1031 gister,
697 960 852 1016 libris
894 961 1306 1016 conscribendis
1347 959 1636 1027 inclaruit;
1673 971 1726 1015 et
1758 960 2040 1018 Pantaenus

2169 965 2461 1019 ςυντάττων
2490 963 2802 1033 διέλαμπεν,
2835 960 2930 1014 καὶ
2964 960 3259 1022 Πάνταινος
3290 957 3573 1028 φιλόσοφος
3617 955 3726 1009 ἀπὸ

482 1069 514 1108 e
547 1053 856 1109 Stoicorum
909 1063 1056 1110 secta
1105 1054 1487 1125 philosophus,
1521 1054 1577 1109 in
1609 1054 1808 1110 divinis
1855 1054 2039 1110 litteris

1684 1054 1808 1110 rinis
1855 1054 2049 1110 litteris
2151 1057 2491 1128 Στωῖκῶνεν
2510 1054 2586 1126 τῷ
2605 1054 2732 1126 Θείῳ
2760 1053 2904 1124 λόγῳ
2932 1049 3241 1123 διέπρεπεν.

483 1147 760 1204 excelluit.

1501 1241 1673 1309 Idem,
1714 1240 1954 1312 Praepar.
1977 1242 2233 1313 evangel.,
2274 1240 2370 1296 lib.
2401 1256 2464 1306 ιι,
2489 1255 2614 1310 cap.
2647 1239 2702 1294 2.

552 1361 738 1432 Atque
755 1363 950 1418 horum
984 1363 1372 1434 turpitudinem
1413 1361 1752 1419 admirabilis
1801 1363 1891 1419 ille
1921 1362 2046 1420 Cle-

2216 1362 2400 1417 Ταῦτα
2425 1363 2482 1416 δὲ
2510 1363 2742 1434 Κλήμης
2761 1361 2788 1413 ὁ
2817 1360 3117 1431 θαυμάσιος
3132 1359 3194 1410 ἐν
3207 1356 3290 1429 τῷ
3322 1355 3471 1424 πρὸς
3509 1355 3723 1421 Ἕλλη-

483 1468 674 1520 mens,
732 1469 796 1509 ea
845 1471 1008 1525 quam
1052 1455 1122 1508 ad
1163 1454 1372 1510 Graec:
1431 1455 1615 1526 dirigit
1645 1456 2040 1525 Calcat-latione,

2164 1473 2260 1523 mc
2297 1453 2711 1524 Προτρεπτικῷ
2751 1451 3045 1524 διαρρήδην
3088 1449 3418 1503 ὲκκαλύπτει
3439 1487 3454 1512 ,
3502 1445 3721 1500 πάντων

482 1546 684 1600 nudam
735 1547 1091 1617 omniumque
1144 1547 1491 1618 spectandam
1549 1547 1724 1604 oculis
1772 1549 2039 1619 proponit,

2163 1551 2252 1621 μὲν
2278 1549 2365 1603 διὰ
2392 1549 2587 1620 πείρας
2617 1546 2785 1600 ἐλθὼν
2813 1547 2972 1618 ἀνὴρ,
2997 1545 3187 1599 θᾶττόν
3215 1561 3279 1613 γε
3305 1541 3408 1614 μὴν
3453 1539 3552 1610 τῆς
3584 1538 3720 1593 πλά-

485 1638 684 1708 quippe
735 1639 826 1710 qui
871 1655 997 1696 cum
1048 1655 1240 1696 omnes
1284 1642 1501 1697 illorum
1555 1644 1907 1699 caeremonias
1951 1661 2042 1700 sua

2165 1661 2251 1714 νης
2279 1641 2598 1705 ἁνανεύσας,
2621 1642 2698 1704 ὡς
2725 1642 2790 1696 ἂν
2824 1640 2960 1712 πρὸς
2986 1637 3080 1692 τοῦ
3112 1637 3378 1709 σωτηρίου
3406 1633 3564 1702 λόγου
3586 1672 3598 1695 ,
3629 1632 3722 1686 καὶ

485 1729 658 1800 ipsius
690 1732 1023 1804 experientia
1095 1734 1454 1803 cognoverit,
1499 1744 1614 1790 tum
1660 1735 1945 1791 celerrime
1984 1737 2042 1792 ab

2170 1734 2380 1805 5L&."~'ﬁc
2424 1734 2785 1806 εύαγγελικῆς
2825 1714 3169 1794 διδασκαλίας
3203 1730 3306 1783 τῶν
3352 1728 3535 1782 κακῶν
3570 1725 3727 1779 λελυ-

485 1820 676 1876 infami
731 1837 918 1878 errore
973 1831 1137 1892 caput
1180 1822 1456 1888 extulerit,
1490 1822 1641 1878 verbi
1688 1822 1966 1886 salutaris,
1999 1831 2042 1878 el

1045 1831 1137 1892 put
1180 1822 1456 1888 extulerit,
1490 1822 1641 1878 verbi
1688 1822 1966 1886 salutaris,
1999 1830 2054 1878 et
2150 1828 2452 1899 rpwpévog.
2487 1867 2500 1880 .
2537 1865 2552 1881 .
2587 1866 2602 1882 .

484 1915 811 1986 evangelii-a2
854 1916 1115 1971 doctrinae
1144 1917 1198 1968 vi
1244 1930 1314 1971 ex
1343 1922 1426 1971 tot
1457 1923 1841 1986 tantorumque
1886 1914 2059 1969 malo-

483 2024 607 2065 rum
641 2009 963 2080 contagione
985 2008 1274 2076 liberatus,
1305 2016 1409 2064 etc.
2087 2002 2129 2058 Β

1702 2121 1874 2187 Idem,
1910 2122 2044 2180 ibid.
2087 2120 2180 2174 lib.
2213 2135 2274 2185 ιι,
2315 2135 2430 2186 cap.
2465 2118 2517 2172 ὕ.

557 2243 744 2312 Itaque
791 2241 1015 2297 deorum
1071 2239 1314 2310 ipsorum
1359 2239 1524 2304 aedes,
1576 2249 1916 2294 mortuorum
1967 2253 2054 2293 se-

2235 2236 2425 2290 Ἐνθεν
2451 2234 2633 2297 αὐτοῖς
2664 2232 2757 2303 καί
2785 2233 2833 2286 οί
2863 2231 2968 2285 τῶν
2991 2227 3128 2284 θεῶν
3157 2222 3316 2293 οἶκοι,
3344 2229 3552 2301 νεκρῶν
3586 2224 3723 2284 εἶναι

484 2333 674 2404 pulcra
719 2350 841 2391 esse
889 2334 1265 2404 perhibentur,
1312 2332 1769 2404 quemadmodum
1804 2330 2041 2387 Clemens

2167 2329 2317 2398 τάφοι
2349 2325 2793 2400 μνημονεύονται,
2811 2326 2886 2389 ὡς
2909 2326 2938 2377 6
2964 2322 3195 2393 Κλήμης
3221 2322 3280 2375 ὲν
3308 2321 3384 2392 τῷ
3411 2320 3562 2390 πρὸς
3588 2322 3724 2376 Ἕλ-

486 2426 540 2479 in
575 2441 638 2481 ea
669 2441 832 2495 quam
881 2426 950 2479 ad
976 2424 1192 2480 Graecos
1241 2425 1432 2480 scribit
1475 2423 1849 2480 Cohortatione
1902 2437 2043 2477 com-

2168 2425 2349 2489 lm-ac
2375 2417 2783 2490 Προτρεπτικῷ
2824 2419 3064 2489 ἱστορεῖ,
3106 2414 3200 2469 τοῦ
3239 2413 3397 2483 λόγου
3442 2414 3725 2486 μάρτυρας

485 2527 794 2585 memorat,
849 2516 1162 2573 Graecorum
1214 2511 1459 2588 ipsorum
1512 2516 1822 2572 testimonia
1866 2513 2042 2583 profe-

1621 2516 1822 2571 imonia
1866 2513 2050 2583 profe-
2155 2512 2352 2574 αὐτοὺς
2375 2509 2642 2580 Ἕλληνας
2668 2507 3024 2580 ἐπαγόμενος.
3061 2547 3075 2560 .
3111 2547 3126 2560 .
3159 2547 3173 2559 .

486 2624 632 2674 rens,
665 2619 771 2664 etc.

1668 2701 1836 2771 Idem,
1871 2703 2027 2766 ibid.,
2069 2698 2164 2757 lib.
2193 2712 2271 2765 Iv,
2310 2713 2429 2767 cap.
2461 2694 2547 2749 16.

560 2825 691 2882 lure
728 2841 860 2881 sane
898 2834 953 2881 et
985 2827 1179 2881 merito
1195 2826 1476 2892 Clemens,
1509 2826 1588 2880 vir
1611 2825 1775 2895 plane
1803 2824 2046 2896 singula-

2217 2820 2460 2882 Εἰκότως
2478 2818 2585 2889 άρα
2610 2815 2638 2868 6
2654 2813 2950 2884 θαυμάσιος
2977 2809 3207 2880 Κλήμης
3235 2808 3292 2863 ὲν
3312 2806 3388 2878 τῷ
3415 2805 3557 2875 πρὸς
3590 2805 3727 2860 Ἐλο-

485 2920 585 2986 ris,
617 2920 672 2973 in
698 2934 763 2974 ea
785 2935 950 2989 quam
997 2919 1287 2988 gentilibus
1331 2918 1609 2987 inscripsit
1651 2916 2042 2984 Cohortatione,

2164 2916 2344 2983 ιηνας
2366 2904 2795 2980 Προτρεπτικῷ,
2825 2902 2963 2957 αὐτὰ
2983 2901 3046 2974 δὴ
3067 2900 3236 2954 ταῦτα
3257 2901 3418 2971 ὲπιμε
3428 2897 3534 2969 μφό
3542 2913 3721 2969 μενος,

480 3011 675 3067 eadem
721 3011 825 3084 ista
870 3026 1130 3082 carpens,
1170 3011 1450 3064 hominum
1492 3010 1708 3065 illorum
1753 3009 2037 3084 caecitatem

2166 3005 2327 3060 τοιάδε
2347 3004 2440 3058 καὶ
2467 3000 2628 3064 αὐτὸς
2654 2998 2751 3070 τὴν
2794 2995 3002 3067 πλάνην
3038 2994 3145 3048 τῶν
3184 2991 3482 3064 ἀνθρώπων
3525 2989 3723 3045 ἀπολο-

488 3079 834 3168 ίοιῐιειιιοιυῖέ,
857 3113 962 3159 etc.

2155 3097 2406 3172 φύρεται.
2439 3136 2451 3150 .
2491 3134 2504 3148 .
2545 3133 2559 3146 .

1771 3220 1942 3286 Idem,
1985 3220 2078 3274 lib.
2122 3233 2200 3284 lx,
2241 3233 2359 3287 cap.
2396 3215 2449 3269 6.

556 3346 732 3415 Athe
758 3344 917 3400 istius
948 3340 1823 3416 etiam(Clearchiscil.)CIemens
1855 3350 2039 3396 noster
2096 3413 2113 3416 _

2219 3335 2420 3390 Τούτου
2456 3334 2512 3388 δὲ
2555 3331 2879 3405 μνημονεύει
2919 3330 3012 3383 καὶ
3039 3331 3066 3381 6
3099 3327 3361 3399 ἡμέτερος
3392 3326 3622 3398 Κλήμης
3663 3325 3724 3383 ὲν

484 3434 628 3489 libro
646 3413 840 3505 primo
858 3432 1195 3488 Stromatam
1220 3434 1484 3499 meminit,
1522 3413 1626 3487 etc.

1320 3434 1484 3499 minit,
1522 3413 1626 3487 etc.
2079 3413 2126 3474 (ἶ
2155 3427 2233 3499 τῷ
2266 3425 2467 3498 πρώτῳ
2496 3425 2877 3496 Στρωματεῖ...

1789 3548 1958 3615 Idem,
1998 3547 2093 3602 lib.
2125 3564 2179 3613 ιι,
2217 3563 2336 3616 cap.
2368 3547 2420 3602 1.

553 3666 623 3721 Et
657 3665 916 3736 quoniam
945 3665 1198 3721 Clemens
1252 3667 1340 3720 ille
1367 3675 1551 3721 noster
1583 3665 1709 3722 Tusc
1751 3634 2042 3720 admodum

2235 3663 2294 3718 '0
2328 3661 2425 3736 μὲν
2445 3654 2537 3715 οὖν
2562 3656 2832 3730 ἡμέτερος
2855 3655 3105 3728 Κλήμης,
3129 3656 3186 3708 ὲν
3209 3638 3352 3724 ἕκτῳ
3384 3653 3721 3724 Στρωματεῑ,

487 3754 761 3812 Stromate
789 3766 943 3812 sexto
961 3757 1381 3826 disputationem
1409 3757 1565 3812 istam
1594 3757 1930 3825 exsequitur,
1947 3767 2044 3812 etc.

2160 3754 2257 3826 τὴν
2291 3751 2427 3824 περὶ·
2447 3748 2634 3802 τούτου
2665 3745 2917 3800 σύστασιν
2949 3747 3028 3808 εἰς
3061 3743 3258 3806 πλάτος
3287 3741 3631 3818 ἀπηύθυνε...

1807 3871 1977 3938 Idem,
2019 3873 2151 3928 ibid.
2193 3888 2311 3942 cap.
2353 3871 2412 3927 5.

555 3967 673 4022 Jam
709 3982 840 4022 vero
860 3964 1193 4023 Clementem
1223 3966 1350 4022 audi
1392 3967 1445 4021 in
1472 3967 1659 4023 eadem
1688 3982 1898 4023 mecum
1929 3967 2044 4022 dis-

2217 3965 2328 4036 Τῆς
2376 3963 2419 4016 δ’
2440 3963 2609 4033 αὐτῆς
2655 3964 2785 4034 ἡμῖν
2836 3955 3145 4018 ὑποθέσεως
3191 3952 3535 4024 ἐφαψάμενος
3569 3949 3662 4004 καὶ
3690 3950 3721 4003 6

486 4059 766 4129 putatione
793 4069 1122 4125 versantem,
1145 4068 1250 4114 etc.

2154 4059 2404 4130 Κλήμης,
2431 4054 2730 4109 ἐπάκουσον
2765 4052 2800 4106 ἆ
2831 4067 3056 4122 φησιν...

1803 4169 1972 4234 Idem,
2013 4168 2148 4223 ibid.
2188 4183 2308 4237 cap.
2342 4165 2430 4220 11.

553 4284 829 4342 Hactenus
852 4285 1137 4342 Tatianus.
1178 4285 1300 4342 1am
1334 4287 1403 4342 ad
1434 4285 1765 4341 Clementem
1800 4295 2047 4340 transea-

2224 4278 2473 4333 Τοσαῦτα
2515 4277 2608 4331 καὶ
2651 4279 2680 4330 6
2711 4272 2990 4335 Τατιανός.
3041 4269 3328 4341 Μετίωμεν
3381 4267 3437 4321 δὲ
3488 4266 3580 4321 καὶ
3623 4264 3718 4320 ἐπὶ

484 4396 628 4446 mus,
653 4391 758 4435 etc.

2159 4370 2276 4442 Κλή
2285 4387 2517 4442 μεντα...

1742 4495 1912 4560 Idem,
1954 4493 2048 4548 lib.
2091 4507 2171 4557 χι,
2213 4507 2329 4560 cap.
2358 4490 2448 4544 24.

554 4589 728 4660 Atque
776 4590 1040 4646 hactenus
1066 4591 1252 4659 Philo,
1303 4591 1392 4647 cui
1441 4591 1618 4646 ai'ﬁnia
1663 4592 1820 4662 plane
1858 4599 1912 4645 et
1947 4605 2040 4661 ge—

2217 4585 2400 4641 Ταῦτα
2431 4585 2460 4638 6
2481 4584 2668 4638 Φίλωνο
2704 4581 2915 4653 συνᾴδει
2943 4580 3000 4634 δὲ
3028 4578 3176 4650 αὐτῷ
3204 4580 3294 4631 καὶ
3321 4577 3349 4630 6
3379 4574 3630 4645 Κλήμης,
3657 4571 3716 4624 ὲν

484 4682 632 4737 mina
677 4683 934 4737 Clemens
981 4683 1254 4738 Stromate
1308 4694 1463 4739 sexto
1513 4685 1661 4738 hunc
1711 4684 1764 4737 in
1827 4683 2041 4736 modum

1564 4699 1661 4738 unc
1711 4684 1764 4737 in
1827 4683 2044 4736 modum
2080 4711 2123 4766 Β
2150 4679 2226 4752 τῷ
2256 4681 2397 4751 ἕκτῳ
2431 4678 2748 4750 Στρωματεῖ
2779 4675 2952 4744 λέγων

483 4775 850 4845 persequitur,
887 4783 993 4830 etc.

1745 4867 1917 4935 Idem,
1957 4867 2050 4920 lib.
2084 4879 2206 4929 xm,
2246 4878 2362 4932 cap.
2395 4859 2502 4931 12η

552 4981 675 5050 Quo
698 4984 886 5039 eodem
920 4982 972 5036 in
1000 4998 1213 5054 genere,
1241 4998 1359 5052 quae
1383 4981 1677 5037 Clementis
1723 4980 1889 5035 nostri
1919 4993 2045 5034 sen-

2237 4972 2424 5026 Ὀποῖα
2460 4970 2515 5024 δὲ
2552 4969 2644 5022 καί
2686 4965 2961 5037 Κλήμεντι
3003 4962 3130 5033 περὶ
3157 4961 3255 5032 τῆς
3292 4961 3460 5032 αὐτῆς
3501 4960 3715 5031 εἴρηται

482 5076 652 5130 tentia
684 5076 866 5140 luerit,
893 5092 958 5130 ex
987 5075 1343 5146 sequentibus
1378 5075 1666 5144 intelliges,
1693 5082 1802 5127 etc.

1643 5109 1666 5139 ι,
1693 5082 1802 5127 etc.
2153 5064 2478 5127 ὑποθέσεως,
2509 5061 2694 5132 γνοίης
2722 5058 2786 5111 ἂν
2813 5055 2900 5111 διὰ
2933 5054 3200 5108 τούτων...

975 5191 1208 5264 Cyrillus
1261 5191 1550 5246 Alexandr.
1581 5200 1765 5244 contra
1792 5187 2089 5251 lulianum,
2123 5184 2216 5238 lib.
2246 5197 2324 5247 v1,
2353 5196 2475 5250 pag.
2501 5176 2630 5242 205,
2669 5175 2794 5230 edit.
2827 5171 3032 5232 Paris..
3063 5167 3218 5224 1658.

551 5307 802 5366 Clemens
831 5309 975 5366 enim
994 5311 1084 5380 qui
1109 5318 1326 5365 sanctos
1348 5309 1625 5380 apostolos
1653 5307 1849 5378 ubique
1867 5305 2048 5376 sequi-

2223 5299 2454 5370 Κλήμης
2488 5295 2584 5367 μὲν
2618 5292 2726 5364 γὰρ
2756 5293 2868 5355 τοῖς
2899 5289 3072 5360 ἁγίοις
3111 5287 3425 5350 ἀποστόλοις
3452 5285 3714 5380 ὲπύμενος

478 5409 591 5466 tur,
619 5399 823 5470 quique
863 5400 1101 5455 inﬁnitas
1128 5400 1438 5455 Graecorum
1479 5400 1734 5454 historias
1778 5396 2035 5452 audiendo

2157 5389 2430 5460 πανταχῆ,
2468 5386 2726 5456 πλείστης
2751 5399 2811 5435 τε
2840 5383 2971 5453 ὅσης
3016 5380 3332 5451 Ἑλληνικῆς
3367 5375 3607 5450 ἱστορίας
3633 5377 3714 5440 είς

480 5498 784 5559 acceperat,
821 5488 876 5542 in
910 5486 1194 5544 Stromatis
1228 5489 1412 5558 refert,
1440 5498 1544 5544 etc.

2141 5484 2310 5554 ἀκοὴν
2346 5479 2534 5543 ἐλθὼν,
2561 5479 2618 5530 ὲν
2643 5478 2756 5538 τοῖς
2786 5471 3196 5544 Στρωματεῦσί
3217 5486 3412 5540 φησι...

1625 5603 1795 5670 Idem,
1823 5600 1984 5669 ibid.,
2023 5602 2116 5655 lib.
2150 5617 2247 5664 vn.
2287 5617 2408 5671 pag.
2443 5599 2568 5653 251.

550 5724 722 5798 Hujus
765 5726 1005 5782 historia:
1041 5725 1362 5781 nominatim
1409 5720 1660 5777 meminit
1690 5719 1942 5774 Clemens
1978 5717 2033 5771 in

2213 5715 2426 5786 Ταύτης
2457 5715 2562 5768 ἰδία
2595 5713 2865 5784 μέμνηται
2891 5711 2990 5782 τῆς
3017 5704 3258 5779 ἱστορίας
3290 5703 3347 5798 ὲν
3378 5701 3490 5798 τοῖς
3519 5699 3709 5798 Στρω-

480 5821 788 5884 Srroman's,
833 5821 917 5875 vir
969 5819 1021 5873 in
1066 5818 1256 5889 primis
1305 5817 1502 5873 doctus
1551 5823 1604 5871 et
1643 5812 1909 5877 eruditus,
1943 5809 2037 5882 qui

2151 5809 2433 5877 ματεῦσιν
2459 5809 2486 5860 ὁ
2515 5806 2766 5879 Κλήμης,
2797 5803 2933 5876 ἀνὴρ
2961 5800 3242 5870 ἐλλόγιμος
3263 5795 3358 5851 καὶ
3387 5789 3708 5866 φιλομαθὴς,
