3944 6340
187 356 278 436 ιιι
1475 360 1810 420 veranum
1850 335 2324 419 resrtquA.‘
3383 368 3457 423 te

215 478 301 567 καὶ
357 476 802 547 ἀναγνωσμάτων
866 479 1190 552 Ἑλληνικῶν
1246 481 1773 567 πολυπραγμονήσας

1884 483 2194 540 Graecarum
2231 485 2532 541 litterarum
2572 487 2940 553 altitudinem,
2968 498 3235 554 quantum
3270 483 3457 544 (οι-λείη

214 563 388 638 μάθος,
424 569 502 633 ὡς
526 568 696 639 ὀλίγοι
729 571 869 643 τάχα
897 590 999 626 που
1032 574 1138 627 τῶν
1173 575 1278 646 πρὸ
1308 576 1495 631 αὐτοῦς

1888 586 2014 629 ante
2044 575 2195 629 illum
2223 575 2404 645 pauci,
2432 585 2807 644 perscrutatus
2834 584 2937 631 est.

1381 695 1550 759 Idem,
1592 693 1747 759 ibid.,
1789 691 1881 745 lib.
1917 708 1972 758 χ,
2011 708 2133 761 pag.
2161 691 2286 745 542.

275 803 417 876 Ἔφη
459 805 518 860 δὲ
556 808 652 860 καὶ
685 801 916 881 Κλήμης
945 811 1085 883 ἀνὴρ
1117 811 1429 884 ἐλλόγιμος,
1464 814 1556 866 καὶ
1599 814 1778 883 μέντοι

212 897 297 952 καὶ
322 898 632 971 πολυῒστωρ
659 902 787 973 περί
806 919 866 955 τε
894 902 1030 957 θεῶν
1061 905 1156 959 καὶ
1186 905 1328 960 ναῶν
1353 905 1515 960 ὡδί...

1958 805 2216 861 Clemens
2254 814 2433 860 autem
2473 804 2721 860 eruditus
2751 806 2833 859 vir
2873 815 2927 859 et
2955 806 3251 862 multarum
3281 807 3456 863 histo-

1886 899 2092 953 riarum
2131 897 2531 953 scientissimus
2557 898 2623 952 de
2647 898 2750 952 diis
2782 911 2845 950 ac
2879 897 3101 968 templis
3133 899 3208 954 ita
3237 914 3458 970 quoque

1888 991 2096 1057 scribit,
2122 999 2228 1045 etc.

727 1102 1054 1175 Epiphanius
1087 1105 1343 1161 Adversus
1398 1107 1650 1174 hereses,
1690 1109 1783 1163 lib.
1818 1126 1856 1177 ι,
1897 1122 2026 1165 tom.
2058 1108 2128 1174 ll,
2156 1111 2210 1162 in
2242 1107 2695 1163 Secundianorum
2727 1068 2934 1163 Irwresi.

269 1218 402 1277 Εἶτα
436 1226 486 1277 οἱ
520 1224 702 1287 καλῶς
751 1225 1211 1298 συγγραψάμενοι,
1242 1229 1336 1280 καὶ
1369 1228 1624 1300 ἀλήθειαν
1651 1232 1776 1284 τού-

211 1331 305 1368 των
321 1316 383 1366 ἐν
400 1316 516 1377 τοῖς
537 1332 686 1384 σφων
702 1315 881 1369 αὐτῶν
911 1317 1334 1389 συγγράμμασιν
1355 1319 1608 1389 ἤλεγξαν,
1626 1322 1775 1394 Κλή-

213 1426 311 1479 μης
345 1424 426 1473 τε,
458 1408 517 1461 ὃν
549 1408 679 1477 φασί
722 1425 868 1471 τινες
909 1408 1279 1480 Ἀλεξανδρέα,
1303 1410 1479 1483 ἕτεροι
1507 1411 1564 1465 δὲ
1618 1413 1776 1485 Ἀθη-

210 1504 364 1555 ναίον.

1955 1228 2157 1284 Verum
2192 1244 2356 1300 quam
2391 1229 2506 1282 hazc
2551 1243 2582 1280 a
2608 1227 2835 1282 veritate
2870 1227 3206 1281 abhorreant
3246 1226 3454 1292 omnia,

1886 1323 2086 1393 egregii
2150 1321 2372 1392 quidem
2444 1319 2742 1389 scriptores
2806 1317 2969 1373 editis
3034 1319 3297 1373 adversus
3358 1333 3458 1373 eos

1883 1412 2310 1468 Commentariis
2361 1412 2833 1474 demonstrarunt,
2878 1409 3148 1481 praecipue
3175 1425 3305 1466 vero
3333 1408 3457 1465 Cle-

1883 1520 2040 1560 mens
2079 1504 2513 1568 Alexandrinus,
2575 1519 2737 1574 quem
2773 1503 3159 1558 Atheniensem
3223 1502 3316 1556 alii
3374 1500 3457 1556 fa-

1885 1596 2054 1651 ciunt.

341 1725 375 1758 ο
943 1711 1231 1783 Dionysius
1271 1712 1611 1785 Areopagita,
1651 1715 1745 1770 tib.
1796 1716 1869 1770 De
1908 1718 2102 1771 divinis
2143 1718 2445 1771 nominibus
2478 1733 2624 1780 ,cap.
2660 1718 2712 1771 5.

268 1824 327 1875 Ei
358 1824 416 1876 δὲ
440 1824 470 1875 6
499 1825 789 1896 φιλόσοφος
823 1829 964 1895 ἀξιοῖ
992 1829 1242 1901 Κλήμης,
1276 1831 1369 1888 καὶ
1411 1832 1548 1904 πρὸς
1573 1832 1629 1884 τὶ
1669 1851 1773 1886 πα-

1955 1835 2012 1890 Si
2051 1844 2232 1890 autem
2270 1835 2386 1890 vult
2419 1833 2671 1890 Clemens
2710 1834 3100 1904 philosophus,
3146 1835 3212 1889 ad
3245 1833 3454 1905 aliquid

209 1917 537 1988 ραδείγματα
565 1919 820 1988 λέγεσθαι
846 1921 916 1974 τὰ
939 1923 996 1974 ὲν
1020 1927 1132 1986 τοῖς
1163 1919 1311 1977 οὖσιν
1335 1924 1774 1996 ἀρχηγικώτερα,

208 2009 408 2079 πρόεισι
450 2011 551 2081 μὲν
583 2012 644 2063 οὐ
669 2012 756 2066 διὰ
786 2015 988 2085 κυρίων
1022 2016 1116 2069 καὶ
1153 2016 1434 2070 παντελῶν
1467 2018 1560 2072 καὶ
1591 2019 1778 2072 ἁπλῶν

204 2100 473 2172 ὀνομάτων
511 2104 540 2155 6
565 2104 721 2173 λόγος
751 2105 916 2178 αὐτῷ.

1884 1927 1992 1981 dici
2024 1925 2356 1995 exemplaria
2403 1942 2526 1995 quae
2571 1927 2782 1980 suntin
2826 1926 2990 1980 rebus
3031 1926 3454 1996 principaliora,

1886 2017 2236 2088 progreditur
2287 2017 2508 2086 quidem
2536 2055 2551 2081 ,
2588 2033 2711 2072 cum
2760 2017 2840 2073 sic
2877 2017 3144 2088 loquitur,
3195 2034 3304 2073 non
3350 2033 3455 2089 per

1886 2109 2104 2180 propria
2130 2117 2181 2162 et
2207 2108 2468 2179 perfecta,
2498 2116 2551 2164 ct
2579 2109 2850 2179 simplicia
2874 2110 3117 2166 nomina.

221 2252 234 2282 ε
1196 2251 1548 2321 Hieronymus
1586 2255 1637 2308 in
1670 2246 2062 2307 Ecclesiastieis
2099 2251 2466 2312 scriptoribus.

223 2349 242 2382 ³
267 2363 525 2421 Clemens
559 2367 941 2423 Alexandrinae
973 2351 1228 2425 Ecclesiae
1277 2376 1581 2443 presbyter,
1630 2370 1773 2426 Pan-

206 2457 335 2520 teni,
367 2458 435 2512 de
484 2475 597 2528 quo
646 2476 808 2529 supra
846 2462 1164 2525 retulimus,
1216 2463 1452 2530 auditor,
1489 2473 1613 2534 post
1652 2465 1772 2535 ejus

206 2559 423 2604 mortem
462 2547 808 2608 Alexandria:
838 2553 1265 2610 ecclesiasticam
1296 2555 1539 2610 scholam
1575 2557 1768 2622 tenuit,

206 2653 249 2694 et
276 2643 690 2712 Κατηχήσεων
733 2648 996 2716 magister
1024 2645 1145 2700 fuit.
1182 2643 1457 2701 Feruntur
1486 2647 1606 2717 ejus
1634 2647 1772 2703 insi-

205 2737 314 2806 gnia
339 2739 650 2804 volumina,
686 2738 955 2810 plenaque
995 2740 1321 2796 eruditionis
1349 2749 1403 2794 ct
1425 2740 1768 2809 eloquentiae,

207 2843 300 2885 tam
330 2832 399 2887 de
428 2833 734 2902 Scripturis
763 2833 988 2898 divinis,
1024 2850 1190 2904 quam
1225 2834 1292 2889 de
1321 2833 1598 2889 saecularis
1630 2833 1775 2888 litte-

204 2934 394 2980 raturae
436 2926 827 2981 instrumento.
860 2923 904 2978 E
954 2927 1154 2996 quibus
1188 2926 1277 2980 illa
1304 2937 1433 2981 sunt
1458 2945 1471 2980 :
1495 2929 1771 2995 Στρωμα-

206 3015 330 3084 τεῖς,
358 3016 490 3071 libri
520 3027 683 3082 octo;
726 3017 1196 3072 ’Υποτυπώσεων
1226 3019 1349 3073 libri
1383 3028 1541 3086 octo;
1574 3018 1774 3073 Adver-

207 3125 288 3162 sus
323 3119 543 3180 gentes,
595 3109 735 3163 liber
778 3125 955 3174 unus;
999 3109 1288 3180 Pu'dagogi
1335 3110 1458 3164 lihri
1504 3119 1654 3175 tres;
1697 3109 1776 3163 De

211 3200 406 3255 Pascha
441 3201 582 3256 iiber
615 3218 788 3265 unus;
825 3202 903 3256 De
922 3203 1128 3272 jejunio
1162 3204 1512 3273 disceptatio;
1549 3212 1604 3257 et
1631 3203 1773 3258 alius

207 3295 286 3363 qui
315 3294 646 3349 inscribitur
666 3336 681 3360 ,
717 3293 974 3359 Quisnam
1004 3297 1144 3350 dives
1178 3295 1268 3349 ille
1295 3296 1362 3349 sit
1388 3296 1480 3366 qui
1509 3295 1775 3360 salvetur;

210 3385 271 3440 De
301 3387 690 3440 obtrectatione
723 3387 860 3440 liber
891 3404 1071 3454 unus;
1102 3387 1178 3442 De
1204 3388 1489 3442 canonibus
1521 3388 1777 3444 ecclesia-

207 3479 372 3544 sticis,
430 3489 484 3533 et
528 3479 819 3532 Adversum
863 3495 949 3533 eos
992 3481 1082 3550 qui
1129 3479 1442 3533 Iudaeorum
1486 3490 1778 3549 sequuntur

205 3587 450 3635 errorem,
485 3571 624 3625 liber
653 3587 828 3638 unus;
863 3586 1025 3640 quem
1069 3573 1289 3641 proprie
1305 3573 1615 3626 Alexandro
1644 3571 1775 3628 Hie-

1874 2374 1999 2429 dam
2049 2371 2532 2445 Χρονογραφίας,
2604 2374 2751 2444 quod
2818 2373 3142 2442 opusculum
3209 2374 3456 2430 invenire

1874 2483 1985 2523 non
2037 2467 2212 2536 potui.
2282 2464 2395 2522 Nec
2442 2482 2551 2520 non
2604 2476 2660 2520 et
2706 2467 2772 2522 de
2818 2465 3020 2522 Iudaeis
3071 2466 3453 2522 Aristobulum

1875 2543 2277 2629 quemdam-et
2311 2555 2644 2612 Demetrium
2676 2567 2729 2612 et
2756 2555 3118 2626 Eupolemum
3155 2555 3456 2626 scriptores

1879 2650 2143 2705 adversus
2172 2659 2359 2721 gentes
2401 2645 2591 2713 refert,
2623 2649 2716 2722 qui
2761 2649 2816 2702 in
2847 2648 3265 2704 similitudinem
3299 2646 3457 2703 Jose—

1875 2736 1970 2811 pbi
2032 2741 2478 2811 Ἀρχαιογονίας
2521 2735 2692 2812 Moysi
2741 2747 2794 2793 et
2822 2737 3065 2794 Judaica:
3106 2737 3253 2810 genti
3297 2752 3455 2794 asse-

1883 2833 2128 2887 ruerint:
2175 2842 2356 2889 exstat
2399 2833 2693 2888 Alexandri
2740 2831 3285 2903 Hierosolymitarum
3339 2830 3457 2901 epi-

1878 2924 2054 2994 scopi,
2107 2925 2202 2994 qui
2255 2941 2378 2981 cum
2408 2924 2666 2980 Narcisso
2707 2932 2894 2994 postea
2942 2924 3085 2978 rexit
3125 2921 3453 2987 Ecclesiam,

1878 3017 2112 3086 cpistola
2146 3032 2310 3087 super
2358 3017 2705 3072 ordinatione
2742 3016 3081 3086 Asclepiadis
3116 3013 3454 3070 confessoris

1878 3111 1944 3166 ad
1967 3109 2396 3176 Antiochenses,
2424 3107 2856 3179 congratulantis
2898 3107 3014 3173 eis;
3062 3107 3117 3160 in
3156 3121 3262 3177 qua
3299 3105 3458 3175 ponit

1879 3204 1935 3258 in
1974 3202 2083 3258 ﬁne
2119 3215 2133 3257 τ
2171 3221 2189 3253 ι
2218 3200 2346 3257 Haec
2392 3200 2546 3254 vobis
2571 3198 2812 3260 ,domini
2865 3213 2928 3253 ac
2991 3197 3222 3262 fratres,
3249 3197 3453 3266 scripta

1885 3285 2192 3356 transmisi,
2237 3308 2335 3363 per
2387 3290 2721 3347 Clementem
2771 3289 2989 3344 beatum
3043 3288 3446 3359 presbyterum,

1879 3390 2061 3444 virum
2115 3389 2382 3444 illustrem
2437 3395 2493 3442 et
2530 3385 2852 3457 probatum;
2905 3399 3066 3454 quem
3099 3399 3197 3438 vos
3229 3397 3453 3452 quoque

1885 3483 2062 3550 scitis,
2105 3492 2159 3537 et
2209 3497 2356 3536 nunc
2399 3480 2614 3551 plenius
2683 3477 3086 3547 recognoscetis
3124 3495 3137 3532 :
3183 3476 3276 3546 qui
3323 3491 3453 3530 cum

1883 3575 1994 3631 huc
2036 3576 2278 3631 venisset
2321 3575 2481 3644 juxta
2536 3572 2931 3643 providentiam
2985 3579 3040 3624 et
3080 3568 3452 3624 visitationem

205 3663 596 3733 rosolymorum
635 3662 890 3731 episcopo
915 3661 1360 3734 προσεφώνησεν.
1395 3662 1640 3716 Meminit
1669 3679 1768 3717 au-
1801 3637 1844 3694 δ
1878 3665 1996 3731 Dei,
2018 3666 2363 3722 conﬁrmavit
2387 3658 3134 3719 etauxitDoainiEcclesiam
3173 3678 3192 3710 ›
3223 3662 3453 3717 Constat

207 3765 297 3806 tant
322 3754 378 3808 in
406 3750 769 3825 Stromatibus
799 3756 916 3808 suis
944 3755 1235 3808 voluminis
1267 3753 1481 3809 Tatiani
1504 3756 1766 3810 Adversus

203 3858 384 3917 gentes,
433 3848 502 3904 de
531 3864 644 3918 quo
675 3864 846 3919 supra
888 3848 1158 3916 diximus;
1195 3856 1249 3902 et
1285 3846 1535 3903 Cassiani
1583 3848 1770 3918 cujus-

1873 3760 2161 3832 Origenem
2201 3760 2365 3829 hujus
2409 3757 2581 3813 fuisse
2626 3755 2975 3825 discipulum.
3027 3753 3238 3812 Floruit
3267 3767 3450 3813 autem

1876 3853 2063 3909 Severi
2094 3862 2149 3908 et
2173 3851 2436 3906 Antonini
2465 3850 2563 3905 ﬁlii
2589 3850 2711 3920 ejus
2735 3846 3094 3918 temporibus.

1302 3964 1472 4032 Idem,
1503 3967 1574 4020 ad
1605 3965 1863 4039 Magnum
1912 3980 2118 4023 orator.
2149 3968 2373 4022 Roman.

261 4082 520 4140 Clemens
565 4084 945 4139 Alexandrina:
993 4082 1251 4139 Ecclesia:
1299 4084 1600 4154 presbyter,
1646 4099 1799 4139 meo!

201 4175 389 4244 judicio
421 4178 668 4233 omnium
698 4177 1123 4242 eruditissimus,
1144 4185 1267 4231 octo
1281 4177 1501 4246 scripsit
1528 4176 1768 4230 Struma-

205 4280 302 4323 tum
344 4273 557 4338 libros,
593 4282 648 4326 ct
692 4271 918 4326 totidem
973 4269 1465 4335 Ὑποτυπὼσεων,
1507 4279 1560 4326 et
1600 4270 1768 4324 alium

1877 4086 2077 4142 Contra
2125 4097 2335 4156 gentes,
2383 4083 2669 4152 Prrdagogi
2721 4096 2940 4152 quoque
2993 4079 3098 4133 tria
3151 4076 3450 4131 volumina.

1875 4179 2015 4246 Quid
2049 4180 2102 4233 in
2142 4179 2247 4234 illis
2278 4177 2430 4232 libris
2461 4177 2760 4242 indoctum,
2789 4176 2899 4228 imo
2922 4172 3053 4243 quid
3079 4187 3187 4226 non
3213 4187 3243 4226 e
3276 4171 3464 4240 media.

1877 4270 2228 4342 philos:0phia
2260 4269 2387 4324 est?

597 4409 946 4479 Ruﬁnus,‘l)e
967 4410 1358 4465 adulteratione
1391 4411 1648 4466 librorum
1684 4409 1926 4483 Origenis
1957 4409 2098 4479 apud
2130 4408 2532 4477 Hieronymum,
2559 4417 2685 4460 tom.
2715 4404 2782 4460 IV
2849 4405 3077 4458 Erasini.

174 4552 184 4560 .
260 4505 519 4562 Clemens
561 4522 777 4576 quoque
821 4507 962 4562 alius
1009 4508 1416 4563 Alexandrinus
1467 4509 1769 4579 presbyter,

203 4607 248 4649 et
274 4599 539 4668 magister
577 4597 836 4654 Ecclesia:
873 4599 1021 4653 illius
1067 4599 1122 4652 iu
1156 4598 1414 4653 omnibus
1444 4614 1583 4669 pene
1611 4597 1769 4654 libris

207 4691 333 4757 suis,
374 4690 670 4745 Trinitatis
717 4690 942 4759 gloriam
994 4700 1157 4759 atque
1201 4690 1556 4744 aeternitatem
1606 4704 1770 4743 unam

206 4785 553 4854 eamdemque
589 4782 877 4853 designat,
921 4782 1190 4837 interdum
1240 4781 1550 4836 invenimus
1590 4781 1770 4850 aliqua

206 4873 253 4929 iu
297 4877 453 4930 libris
521 4874 640 4944 ejus
715 4874 990 4944 capitula,
1060 4875 1116 4928 in
1175 4873 1375 4944 quibus
1423 4872 1620 4927 Filium
1677 4873 1772 4928 Dei

1879 4518 2187 4561 creaturam
2235 4504 2385 4558 dicit.
2458 4501 2715 4571 Nunquid
2761 4499 3020 4555 credibile
3055 4507 3139 4554 est
3185 4497 3253 4552 de
3303 4506 3454 4550 tanto

1877 4598 1996 4652 viro
2061 4607 2169 4652 tam
2236 4597 2290 4650 in
2339 4596 2593 4649 omnibus
2650 4593 2957 4655 catholico,
3024 4599 3134 4645 tam
3211 4589 3451 4651 erudito,

1881 4697 1940 4743 ut
1977 4687 2058 4741 vel
2105 4685 2208 4740 sibi
2249 4686 2523 4740 contraria
2575 4685 2834 4748 senserit,
2880 4682 2964 4736 vel
3010 4695 3074 4735 ea
3100 4694 3221 4749 quae
3250 4679 3317 4733 de
3342 4677 3454 4732 Deo

1880 4794 1992 4832 non
2027 4777 2206 4831 dicam
2243 4775 2486 4842 credere,
2522 4777 2617 4830 sed
2644 4775 2727 4830 vel
2761 4774 2948 4829 audire
2973 4773 3193 4844 quidem
3226 4768 3452 4840 impium

1881 4879 1985 4937 est,
2011 4869 2214 4939 scripta
2250 4865 2574 4935 reliquerit?

1163 4989 1432 5056 Socrates,
1465 4991 1671 5048 Histor.
1697 4992 2014 5056 ecclesiast.,
2042 4989 2136 5042 lib.
2179 5002 2240 5055 ll,
2271 5003 2388 5056 cap.
2414 4986 2504 5041 55.

264 5113 420 5170 Οὕτω
448 5113 509 5166 δὲ
536 5109 606 5184 ἦν
637 5110 966 5184 ὁλιγομαθὴς
995 5111 1024 5163 ὁ
1066 5109 1294 5172 Ἀέτιος,
1329 5108 1420 5160 καὶ
1460 5107 1569 5160 τῶν
1617 5107 1773 5180 ἱερῶν

1955 5103 2225 5158 Caeterum
2274 5102 2410 5156 adeo
2461 5099 2720 5155 mediocri
2772 5096 3020 5152 doctrina
3075 5090 3356 5163 praeditus,
3404 5100 3460 5145 et

208 5206 536 5278 γραμμάτων
575 5205 852 5276 ἀμύητος,
891 5203 953 5256 τὸ
999 5201 1271 5275 ἐριστικὸν
1313 5200 1370 5253 δὲ
1425 5199 1776 5271 κατωρθώκει

211 5300 373 5368 μόνον,
403 5299 547 5369 ὅπερ
574 5298 640 5353 ἂν
669 5300 764 5354 καὶ
804 5297 1060 5369 ἀγροῖκός
1084 5311 1168 5358 τις
1202 5294 1505 5365 ποιήσειεν,
1536 5293 1612 5361 ὡς
1640 5297 1774 5367 μήτε

208 5394 317 5456 τοὺς
347 5393 616 5466 ἀρχαίους
643 5395 770 5456 τοὺς
804 5391 877 5445 τὰ
909 5393 1271 5465 Χριστιανικὰ
1309 5393 1462 5462 λόγια
1507 5387 1776 5462 ἑρμηνεύ-

211 5497 390 5548 cavsa;
420 5484 751 5555 ἁσκηθῆναι,
783 5483 952 5537 πολλὰ
997 5485 1206 5556 χαίρειν
1253 5485 1467 5556 φράσας
1492 5487 1604 5547 τοῖς
1647 5482 1774 5553 περὶ

211 5573 514 5647 Κλήμεντα,
555 5578 646 5630 καὶ
702 5571 1042 5647 Ἀφρικανὸν,
1089 5579 1181 5631 καὶ
1236 5577 1537 5649 Ὠριγένην,
1575 5574 1784 5644 ἄνδρας¹

211 5666 374 5742 πάσης
397 5669 588 5739 σοφίας
609 5669 996 5740 ἐπιστήμονας.

493 5942 765 6004 Ριτειυι..
799 5944 919 6004 Gn.
965 5942 1136 6004 VIII.

1885 5210 2168 5253 sacrarunt
2219 5195 2524 5249 litterarum
2574 5190 2859 5261 imperitus
2903 5194 3022 5242 erat
3061 5183 3273 5249 Aetius,
3309 5191 3366 5237 et
3402 5181 3458 5235 in

1885 5305 1996 5342 uno
2030 5286 2395 5343 contendendi
2448 5285 2631 5340 studio
2669 5280 3032 5344 exercitatus;
3084 5276 3229 5347 quod
3278 5273 3460 5344 quivis

1883 5382 2046 5437 etiam
2085 5381 2318 5452 agrestis
2353 5379 2510 5434 facile
2552 5373 2812 5443 consequi
2858 5371 3069 5442 possit;
3103 5382 3163 5424 ut
3201 5383 3270 5422 ne
3312 5376 3459 5421 vetc-

1883 5490 2004 5528 runt
2062 5473 2280 5544 quidem
2335 5471 2683 5541 scriptorum,
2741 5467 2833 5537 qui
2885 5479 3074 5522 sacros
3131 5459 3459 5515 Christianae

1883 5566 2162 5636 religionis
2201 5565 2372 5622 libros
2412 5562 2750 5632 interpretati
2785 5570 2932 5626 sunt,
2971 5570 3130 5612 usum
3160 5553 3331 5608 ullum
3363 5557 3460 5603 aut

1880 5659 2129 5729 peritiam
2176 5657 2427 5723 haberet;
2461 5655 2556 5709 sed
2607 5654 2976 5713 Cletnentent,
3014 5657 3068 5704 et
3113 5643 3455 5729 Africanum,

1880 5727 2042 5819 atque
2065 5748 2374 5819 Origenem,
2403 5746 2554 5801 viros
2583 5746 2735 5800 omni
2760 5758 2954 5816 genere
2991 5736 3251 5795 doctrinae
3272 5727 3458 5786 excolo

1879 5852 1986 5911 tos,
2018 5857 2249 5928 prorsus
2279 5849 2688 5910 aspernaretur.
