3944 6340
463 348 530 404 ‘3
1602 357 1920 415 CLEMENS
1957 358 2515 420 ALEXANDRINUS.
3633 364 3702 420 Η

1665 477 1836 546 Idem,
1865 479 2022 549 ibid.,
2049 479 2144 535 lib.
2184 494 2268 544 ιιι,
2296 495 2414 548 cap.
2442 479 2494 533 7.
2673 454 2679 460 ’

527 589 763 644 Ιιειιιειιε
810 597 957 646 certe
994 598 1046 645 et
1067 591 1342 656 Clemens,
1390 594 1793 664 etApoliinaris
1825 595 2017 651 Hicra-
2045 593 2084 648 Α

2188 593 2298 645 Καὶ⁵
2335 590 2442 662 γὰρ
2487 591 2772 661 Εἰρηναῖός
2799 607 2857 643 τε
2889 590 2984 646 καὶ
3024 591 3290 663 Κλήμης,
3328 588 3703 663 Ἀπολινάριός

454 678 746 748 politanus,
777 689 831 736 et
863 681 1120 752 Serapion
1139 682 1489 740 Antiochense
1516 687 1666 742 urbis
1696 689 2001 758 episcopus,

2146 702 2189 738 ιε
2214 687 2242 738 ό
2279 682 2649 756 Ἱεραπολίτης
2681 682 2777 736 καὶ
2815 682 3099 756 Σεραπίων
3125 684 3153 736 ὁ
3180 682 3280 753 τῆς
3308 683 3365 735 ὲν
3404 683 3703 754 Ἀντιοχείᾳ

453 769 756 837 Christum,
788 775 882 843 qui
933 776 1096 831 homo
1139 775 1313 832 factus
1357 786 1469 844 est,
1511 779 1690 833 anima
1747 781 2010 849 praeditun

2144 775 2410 848 προεστὼς
2442 775 2783 844 Ἐκκλησίας,
2810 774 3049 846 ἔμψυχον
3066 775 3156 828 τὸν
3184 775 3701 848 ὲνανθρωπήσαντα.

456 862 649 930 fuisse,
681 867 831 923 velut
873 882 988 922 rem
1029 869 1308 923 communi
1347 870 1598 924 omnium
1633 886 1903 926 consensu
1937 886 2013 925 re-

2146 871 2190 922 ὲν
2213 871 2325 932 τοῖς
2369 867 2678 939 πονηθεῖσιν
2717 868 2900 931 αὐτοῖς
2940 866 3118 935 λόγοις
3149 867 3226 932 ὡς
3267 868 3703 941 ὁμολογούμενον

455 962 690 1026 ceptam,
723 957 840 1012 suis
868 956 924 1012 in
958 958 1123 1055 libris.
1141 967 1414 1015 asserunt.

1103 974 1123 1055 io
1141 967 1414 1015 asserunt.
2134 962 2315 1024 αὐτοῖς
2343 961 2660 1030 φάσκουσιν.

1393 1073 1736 1140 Summanus,
1772 1074 1979 1130 Histor.
2011 1076 2330 1144 ecclesiast.,
2366 1077 2460 1131 lib.
2496 1093 2536 1146 ι,
2567 1093 2686 1146 cap.
2719 1076 2768 1130 1.

523 1188 605 1244 Ac
627 1189 806 1260 primo
847 1191 1063 1261 quidem
1109 1192 1393 1249 historiam
1439 1195 1582 1252 hanc
1631 1196 1699 1250 ab
1743 1195 1898 1250 initio
1941 1211 2028 1252 re-

2213 1195 2486 1266 Ὠρμήοην
2511 1194 2568 1250 δὲ
2591 1195 2659 1248 τὰ
2688 1193 2785 1265 μὲν
2810 1194 3019 1266 πρῶτα,
3041 1195 3132 1249 ἀπ’
3153 1194 3328 1266 ἀρχῆς
3347 1194 3550 1266 ταύτην
3573 1212 3702 1266 συγ-

451 1290 638 1351 petere
688 1283 1056 1339 decreveram.
1121 1284 1228 1341 Sed
1296 1303 1420 1343 cum
1483 1289 1988 1344 animadvertissem

2148 1287 2336 1358 Γράψαι
2382 1288 2482 1360 τὴν
2523 1287 2927 1359 πραγματείανο
2976 1287 3330 1359 λογισάμενος
3370 1286 3427 1340 δὲ
3477 1287 3553 1350 ὼς
3605 1286 3705 1343 καὶ

454 1374 594 1432 alios
644 1375 759 1444 jam
819 1377 1115 1446 scriptores
1155 1377 1224 1433 ad
1273 1394 1374 1434 sua
1433 1395 1604 1449 usque
1669 1388 1911 1449 tempora
1972 1379 2011 1434 ic‘

2144 1379 2277 1434 ἱλλοι
2323 1378 2524 1450 ταύτης
2578 1380 2945 1453 ἐπειράθησαν
2998 1380 3158 1451 μέχρι
3200 1379 3327 1434 τῶν.
3363 1378 3483 1434 κατ’
3504 1378 3701 1444 αὐτοὺς

454 1467 799 1536 praestitisse;
840 1468 1179 1543 Clementem
1225 1471 1432 1526 scilicet
1461 1479 1516 1525 et
1545 1469 1910 1541 Ilegesippum
1945 1471 2011 1525 vi-

2141 1471 2354 1543 χρόνων,
2385 1470 2616 1542 Κλήμης
2640 1488 2701 1524 τε
2742 1472 2835 1525 καὶ
2876 1472 3251 1543 Ἡγήσιππος,
3283 1470 3472 1543 ἄνδρες
3522 1468 3698 1540 σοφώ-

454 1575 544 1613 ros
591 1541 1066 1629 sapientissimos,
1113 1562 1205 1632 qui
1263 1562 1635 1632 apostolorum
1688 1563 2011 1632 temporibus

2143 1541 2308 1626 πατοι,
2337 1565 2402 1633 τῇ
2431 1541 2540 1615 τῶν
2569 1541 2883 1615 ἀποστόλων
2925 1541 3142 1633 διαδοχῇ
3191 1541 3700 1634 παρακολουθήσαν-

453 1651 695 1720 proxime
721 1663 1125 1719 successerunt,
1155 1662 1261 1708 etc.

2055 1643 2094 1697 Β
2121 1672 2280 1718 τες...
3546 1699 3583 1736 ,

1643 1747 1935 1804 Chronicon
1984 1747 2266 1814 Pascliale,
2303 1768 2423 1821 pag.
2456 1751 2507 1804 7.

520 1838 707 1893 Sed'et
728 1836 998 1902 Clemens,
1023 1837 1404 1894 sanctissimus
1420 1838 1800 1894 Alexandrina:
1831 1838 2020 1894 Eccle—

2216 1839 2365 1894 Ἀλλά
2410 1841 2504 1895 καὶ
2533 1840 2764 1914 Κλήμης
2791 1842 2820 1895 ὁ
2851 1840 3139 1907 ὁσιώτατος
3169 1843 3266 1914 τῆς
3306 1841 3699 1916 Ἀλεξανδρέων
3771 1863 3773 1866 ‘

451 1927 545 1984 siae
571 1927 876 1998 presbyter,
915 1927 997 1981 vir
1042 1929 1486 1999 antiquissimus.
1526 1938 1581 1983 et
1617 1929 1710 1999 qui
1746 1943 1851 1985 non
1882 1930 2008 1984 mul-

2143 1930 2461 2002 Ἐκκλησίας
2488 1933 2728 2002 γεγονὼς
2775 1933 2972 2005 ἱερεὺς,
3009 1933 3146 2005 ἀνὴρ
3197 1935 3572 2007 ἀρχαιότατος,
3603 1935 3700 1992 καὶ

451 2027 562 2074 tum
603 2017 776 2075 abfuit
816 2018 885 2073 ab
923 2019 1238 2088 apostolicis
1285 2019 1645 2086 temporibus,
1680 2020 1736 2074 in
1777 2020 1917 2076 libro
1949 2019 2008 2074 De

2140 2023 2180 2076 »ὑ
2218 2023 2430 2096 μακρὰν
2461 2023 2571 2078 τῶν
2626 2023 2994 2078 ἀποπολικῶν
3039 2026 3330 2098 γενόμενος
3369 2027 3596 2100 χρόνων,
3639 2029 3697 2081 ἐν

375 2163 380 2169 .
450 2109 709 2164 Paschate
747 2109 1057 2166 consimilia
1097 2113 1274 2176 docet,
1308 2109 1383 2164 ita
1411 2109 1696 2165 scribens:
1725 2108 1932 2165 Praeter

2138 2115 2197 2187 τῷ
2231 2117 2373 2185 Περὶ
2402 2116 2508 2172 τοῦ
2544 2116 2763 2188 Πάσχα
2784 2117 2927 2189 λόγῳ
2949 2118 3016 2171 τά
3048 2119 3402 2192 παραπλήσια
3434 2119 3695 2184 διδάσκει,

450 2220 566 2275 ergo
603 2199 921 2273 temporibus
957 2200 1295 2254 immolatum
1349 2217 1380 2254 a
1405 2198 1612 2256 ludatis
1658 2201 1902 2267 Pascha,
1938 2203 2007 2271 fe-

2140 2207 2348 2280 (ράφων
2377 2207 2566 2273 οὕτως’
2602 2208 2730 2275 Τοῖς
2749 2209 2866 2279 μὲν
2891 2205 3004 2264 οὖν
3027 2211 3513 2280 παρεληλυθόσιν
3535 2212 3697 2266 ἐτεσι

449 2307 584 2350 stum
633 2310 821 2366 agens,
868 2293 1205 2348 manducavit
1242 2292 1522 2349 Dominus.
1595 2290 1698 2347 Sed
1743 2301 2006 2363 postquam

2146 2301 2188 2356 τὸ
2223 2303 2516 2372 θυόμενον
2556 2303 2708 2372 πρὸς
2750 2303 3044 2359 Ἰουδαίων
3098 2304 3312 2375 ἢσθιεν
3352 2304 3637 2374 ἑορτάζων
3663 2308 3703 2360 ὁ

443 2389 749 2452 praedicauit
785 2388 916 2457 ipse,
951 2387 1040 2458 qui
1068 2395 1181 2440 erat
1218 2385 1429 2440 Pascha
1459 2388 1640 2456 Agnus
1665 2385 1784 2452 Dei,
1817 2394 1874 2439 ut
1910 2386 2000 2440 ovi.

2139 2395 2342 2463 Κύριος
2371 2394 2607 2464 Πάσχα
2663 2395 2792 2450 ἐπεὶ
2837 2395 2905 2450 δὲ
2955 2396 3251 2470 ἐκήρυξεν
3296 2397 3478 2463 αὐτὸς
3513 2393 3597 2451 ὢν
3629 2397 3696 2452 τὸ

442 2484 513 2538 ad
540 2483 854 2538 occisionem
899 2481 1086 2535 ductus
1130 2480 1419 2550 discipulos
1469 2481 1655 2535 statim
1707 2482 1915 2534 edocuit
1955 2481 1992 2550 [i

2139 2486 2336 2557 πάσχα
2363 2489 2395 2540 δ
2443 2485 2646 2556 Ἇμνὸς
2674 2487 2781 2541 τοῦ
2819 2488 2964 2542 Θεοῦ
2989 2489 3069 2555 ὠς
3095 2491 3391 2559 πρόϐατον
3412 2489 3508 2544 ἐπὶ
3538 2504 3696 2559 σφας

439 2591 590 2645 gura:
656 2573 964 2644 mysterium
1011 2571 1215 2626 decima
1271 2579 1466 2642 quarta
1535 2571 1657 2640 die,
1711 2588 1816 2642 qua
1861 2572 1996 2626 elian

2142 2577 2236 2646 ’ὴν
2267 2578 2579 2648 ἀγόμενος,
2608 2581 2822 2638 αὐτίκα
2849 2580 3086 2646 ἐδίδαξε
3122 2581 3239 2651 μὲν
3265 2581 3406 2648 τοὺς
3424 2581 3699 2651 μαθητὰς

447 2666 596 2738 illum
649 2673 954 2736 rogarunt:
1016 2683 1034 2716 ι
1077 2661 1176 2720 Ubi
1227 2664 1303 2719 vis
1354 2678 1599 2732 paremus
1661 2665 1758 2717 tibi
1809 2662 2004 2725 Pasdw

2142 2669 2224 2724 ὀὗ
2252 2671 2444 2724 τύπου
2476 2671 2542 2723 τὸ
2566 2671 2904 2742 μυστήριον
2927 2673 3002 2743 τῇ
3031 2673 3120 2736 ιδ’,
3139 2675 3208 2727 ἐν
3229 2667 3268 2746 ᾖ
3296 2672 3699 2730 πυνθάνονται

447 2757 763 2812 manducare
788 2757 813 2812 Ρ
845 2775 865 2808 ›

2141 2760 2323 2814 ῑὺτοῦ·
2361 2779 2378 2811 ί
2403 2760 2526 2816 Ποῦ
2564 2761 2756 2830 θέλεις
2800 2762 3208 2833 ἑτοιμάσωμέν
3245 2779 3344 2818 σοι
3383 2764 3450 2818 τὸ
3479 2764 3698 2838 Πάσχα

2117 2850 2358 2920 φαγεῖη
2379 2871 2396 2904 ι

1813 2952 1981 3018 Ibid.,
2013 2970 2137 3026 pag.
2164 2956 2290 3013 224.
2731 3006 2738 3014 .

509 3051 587 3108 De
613 3051 898 3108 recensitis
939 3065 1072 3106 vero
1111 3049 1396 3120 discipulis
1424 3065 1528 3104 LXX
1587 3056 1781 3118 praeter
1811 3065 1884 3101 xu
1921 3055 2066 3115 su-(

2188 3050 2323 3122 napi.
2364 3052 2419 3104 δὲ
2474 3052 2584 3105 τῶν
2640 3057 3146 3128 προγεγραμμένων
3187 3064 3228 3111 o'
3287 3057 3540 3130 μαθητῶν
3585 3059 3699 3116 τῶν

441 3159 536 3216 pra
563 3142 763 3211 dictos,
798 3142 912 3214 agit
957 3140 1209 3198 Clemens
1251 3140 1486 3211 scriptor
1551 3140 1646 3194 lib.
1699 3154 1730 3192 ν
1775 3137 1998 3208 Hypoly-

2143 3143 2263 3195 ιετὰ
2290 3144 2415 3206 τοὺς
2447 3143 2510 3196 ιδ’
2537 3149 3006 3218 προτεταγμένους
3037 3150 3238 3220 ἱστορεῖ
3269 3149 3499 3220 Κλήμης
3517 3151 3547 3204 ό
3575 3166 3700 3221 συγ-

438 3253 650 3307 poseon.
2118 3235 2358 3304 γραφεὺς
2388 3238 2446 3291 ὲν
2473 3239 2538 3307 τῇ
2573 3237 2798 3312 πέμπτῃ
2832 3239 3320 3294 ’Υποτυπώσεων.

1810 3345 1977 3411 Ibid.,
2008 3362 2130 3416 pag.
2159 3345 2285 3404 9.52.

509 3443 712 3511 Quinto
740 3445 848 3500 hoc
872 3459 1016 3498 anno
1039 3443 1252 3498 Claudii
1273 3442 1500 3507 Paulus,
1531 3441 1622 3511 qui
1656 3450 1815 3494 antea
1858 3439 2009 3493 ordi-

2181 3436 2365 3508 Τούτῳ
2384 3439 2461 3510 τῷ
2485 3439 2718 3512 πέμπτῳ
2750 3441 2858 3494 ἔτει
2875 3441 3160 3505 Κλαυδίου,
3192 3441 3695 3515 προχειροτονηθεὶς

429 3539 593 3585 natus
631 3530 808 3586 luerat
845 3533 1163 3601 apostolus,
1205 3533 1484 3605 ingressus
1521 3541 1608 3590 est
1657 3529 1986 3588 Antiochia"

2225 3527 2323 3592 ιλος
2364 3531 2613 3600 είσῆλοεν
2669 3534 2749 3597 είς
2793 3533 3121 3604 Ἀντιόχειαν
3165 3534 3264 3606 τὴν
3299 3535 3560 3606 μεγάλην,
3597 3537 3694 3596 καὶ
3771 3593 3782 3618 ι

430 3635 705 3690 magnam,
731 3631 932 3677 etcum
955 3623 1230 3680 didicisset
1260 3640 1383 3694 quae
1411 3634 1634 3680 sanctus
1661 3621 1856 3679 Petrus
1879 3637 1987 3692 ege

2134 3617 2299 3673 ιαοὼν
2349 3623 2476 3693 περὶ
2518 3622 2612 3676 τοῦ
2645 3624 2802 3693 ἁγίου
2837 3625 3066 3698 Πέτρου,
3101 3628 3375 3696 πανταχοῦ
3413 3627 3474 3682 τὸ
3525 3628 3691 3682 σκάν-

430 3720 536 3777 rat,
571 3713 772 3784 ubique
801 3714 1115 3770 scandalum
1155 3714 1410 3782 sustulit;
1437 3730 1737 3785 omnesque
1763 3716 1974 3771 admisit

2134 3708 2266 3762 ἰαλον
2317 3713 2608 3783 περιεῖλεν,
2668 3714 2763 3768 καὶ
2809 3713 3020 3778 πάντας
3069 3714 3284 3779 ἐδέξατο
3336 3717 3432 3770 καὶ
3476 3717 3691 3787 ἠγάπα,

431 3818 528 3860 eos
565 3807 879 3876 complexus
928 3823 994 3863 ac
1030 3808 1381 3875 adhortatus,
1432 3808 1890 3878 quemadmodum
1940 3807 1988 3861 dt

2136 3803 2553 3874 προτρεψάμενος
2585 3807 2809 3871 πάντας,
2837 3806 3017 3872 καθὼς
3049 3808 3449 3880 συνεγράψαντο
3475 3810 3542 3864 τὰ
3562 3811 3693 3883 περὶ

432 3894 526 3949 illo
559 3896 804 3951 scribunt
830 3896 1084 3953 Clemens
1116 3907 1170 3953 et
1202 3897 1466 3952 Talianus
1491 3896 1911 3967 cbronographi.

1904 3933 1911 3950 .
2112 3893 2303 3947 τούτου
2333 3895 2562 3967 Κλήμης
2593 3898 2688 3952 καὶ
2717 3899 2976 3962 Τατιανδς
3003 3901 3052 3953 οἱ
3083 3901 3461 3972 χρονογράφοι.

1820 4004 1987 4072 lbid.,
2014 4023 2138 4078 pag.
2160 4008 2286 4064 251.

502 4101 766 4161 Joannem
801 4102 1110 4174 apostolum
1132 4111 1187 4160 et
1245 4106 1630 4176 evangelistam
1663 4106 1730 4161 ad
1756 4115 2000 4176 tempora

2189 4108 2439 4180 Ἰωάννην
2487 4109 2578 4164 τὸν
2617 4109 2910 4164 ἀπόστολον
2957 4112 3052 4166 καὶ
3101 4110 3490 4184 εὐαγγελιστὴν
3525 4110 3686 4184 μέχρι

431 4183 652 4270 Traj'aui
682 4198 846 4252 vitam
875 4197 1200 4269 produxisse
1233 4198 1424 4254 scribit
1453 4196 1709 4254 Irenaeus.
1739 4197 1988 4254 Clemens

2130 4199 2196 4252 ὀὗ
2247 4200 2514 4272 Τραϊανοῦ
2547 4201 2752 4274 χρόνων
2795 4206 3127 4274 παραμεῖναι
3155 4203 3232 4275 τῷ
3266 4203 3366 4276 βίῳ
3401 4183 3687 4276 Εἰρηναῖος

429 4305 562 4346 vero
582 4288 985 4344 Alexandrinus
1015 4287 1207 4344 iisdem
1229 4304 1470 4345 consona
1508 4291 1694 4353 tradit,
1739 4290 1986 4359 illumth

2130 4294 2326 4362 στορεῖ.
2372 4291 2607 4364 Κλήμης
2672 4294 2729 4347 δὲ
2788 4296 2816 4347 ὁ
2859 4295 3238 4368 Ἀλεξανδρεὺς
3280 4297 3372 4350 καὶ
3413 4296 3574 4359 αὐτὸς
3616 4296 3687 4349 τὰ

427 4379 615 4436 Asiam
637 4385 690 4434 et
719 4377 978 4434 ﬁnitimas
1013 4378 1323 4448 provincias
1344 4395 1687 4451 peragrasse,
1730 4381 1984 4452 episcopi:

2128 4382 2244 4436 ιὺτά
2296 4384 2560 4456 σύμφησι,
2597 4387 2688 4440 καὶ
2736 4387 2983 4459 περιέναι
3035 4387 3197 4441 αὐτὸν
3227 4388 3326 4460 τὴν
3352 4387 3555 4452 Ἀσίαν,
3591 4389 3685 4442 καὶ

428 4470 632 4541 ubique
661 4469 930 4526 ordinatis
955 4484 1020 4524 ac
1041 4469 1253 4526 clericis
1276 4472 1609 4527 constitutis.

2128 4473 2205 4538 τάς
2242 4477 2651 4549 πλησιοχώρους
2683 4479 2969 4551 πατρίδας,
2987 4478 3316 4544 ἐπισκόπους
3347 4477 3685 4535 καθιστῶντα

2030 4583 2074 4638 ι)
2103 4572 2199 4624 καὶ
2235 4571 2545 4642 κληρικούς.

1428 4682 1802 4752 Theodoretus,
1831 4683 2085 4743 Hmretic.
2120 4688 2256 4758 fab.,
2314 4689 2408 4743 lib.
2440 4705 2478 4753 l,
2505 4705 2623 4759 cap.
2654 4689 2709 4744 4.

493 4774 697 4832 Contra
718 4773 819 4830 bos
847 4785 1026 4829 autem
1052 4773 1336 4831 decertant
1367 4775 1635 4847 Agrippas
1658 4794 1995 4846 cognomen-

2176 4781 2651 4852 Καταγωνίζονται
2691 4781 2747 4836 δὲ
2780 4783 3002 4846 τούτους
3041 4781 3366 4852 Ἀγρίππας,
3390 4779 3420 4833 ό
3445 4778 3539 4832 καὶ
3568 4779 3684 4834 Κά-

421 4875 483 4924 to
504 4866 721 4932 Castor,
761 4876 816 4921 et
845 4864 1103 4930 lrenazus,
1147 4875 1200 4920 et
1238 4866 1491 4924 Clemens
1534 4868 1895 4939 Stromateus,
1942 4884 1978 4926 e‘

2128 4890 2248 4948 rrwp
2280 4875 2529 4949 ἐπίκλην,
2565 4876 2660 4930 καὶ
2685 4877 2991 4948 Είρηναῖος,
3025 4875 3119 4928 καὶ
3150 4874 3380 4946 Κλήμης
3425 4872 3455 4926 ὁ
3502 4873 3685 4944 Στρω-

419 4956 683 5030 Origenes
705 4974 806 5030 pro
831 4957 1056 5014 veritate
1084 4957 1424 5014 dimicantes.

2120 4969 2330 5033 ιατεὺς,
2354 4971 2449 5023 καὶ
2490 4968 2787 5040 Ὠριγὲνης,
2815 4969 2913 5040 τῆς
2937 4967 3190 5038 ἀληθείας
3218 4962 3677 5036 ὑπερμαχοῦντες.

1759 5073 1936 5138 Idem,
1965 5076 2093 5134 ibid.
2124 5096 2241 5149 cap.
2271 5079 2327 5135 6.

489 5162 670 5232 Quare
691 5181 800 5222 non
829 5169 1007 5224 solum
1051 5169 1106 5224 in
1136 5168 1369 5240 publicis
1402 5168 1694 5233 conviviis,
1754 5169 1991 5226 lucernae

2168 5170 2243 5228 Οὒ
2269 5175 2334 5247 δὴ
2366 5174 2544 5247 χάριν,
2589 5176 2690 5229 οὐκ
2732 5175 2790 5228 ὲν
2829 5177 2942 5236 τοῖς
2980 5174 3178 5236 κοινοῖς
3217 5169 3451 5234 δείπνοις
3495 5167 3677 5241 μόνον,

417 5260 624 5317 lumine
652 5270 885 5329 remoto,
909 5263 962 5317 in
993 5279 1157 5335 quam
1188 5264 1492 5334 (mulierem
1525 5262 1882 5334 se.)quisque
1902 5263 1974 5317 in-

2122 5265 2157 5318 πὸ
2192 5266 2463 5338 λυχνιαῖον
2497 5266 2613 5338 φῶς
2641 5265 2882 5321 ἐκποδὼν
2923 5263 3254 5334 ποιούμενοι,
3288 5257 3434 5337 ᾗπερ
3464 5261 3529 5323 ἂν
3551 5262 3679 5322 ἔκα-

415 5352 624 5407 cidcrat
667 5366 792 5406 cum
821 5367 886 5406 ea
919 5353 1122 5416 coibat,
1169 5353 1264 5408 sed
1315 5353 1607 5424 mysticum
1663 5352 1972 5407 initiationii

2123 5375 2220 5422 ττος
2246 5358 2474 5428 ἐπέτυχε
2521 5359 2904 5428 συνεμίγνυτο·
2941 5354 3077 5415 ἀλλὰ
3111 5356 3174 5428 δὴ
3206 5357 3300 5414 καὶ
3337 5353 3555 5426 τελετὴν
3581 5354 3680 5427 τὴν

415 5441 581 5497 ritum
608 5439 1057 5495 incontinentiam
1088 5442 1229 5502 banc
1253 5442 1544 5498 ducebant.
1585 5439 1758 5512 Cuius
1799 5442 1876 5496 rei
1911 5450 1972 5496 te-

2121 5449 2348 5521 ὀιαύτην
2362 5450 2654 5505 ἀκολασίαν
2667 5447 3030 5520 ὑπειλήφεσαν
3051 5449 3336 5522 μυστικήν.
3361 5447 3472 5509 Καὶ
3487 5445 3678 5500 τούτου

414 5543 554 5592 stem
620 5533 989 5590 Stromateum
1034 5535 1366 5590 Clementem
1411 5532 1748 5605 producam,
1809 5533 1971 5588 viruit

2125 5541 2158 5612 ὴ
2206 5543 2455 5614 μάρτυρα
2496 5542 2588 5598 τὸν
2633 5541 2968 5612 Σηρωματέσ.
3027 5541 3332 5614 παρέξομαι
3387 5540 3682 5612 Κλήμεντά

413 5637 687 5692 sanctum,
712 5635 768 5682 et
810 5627 904 5698 qui
938 5627 1270 5684 abundantia
1306 5627 1570 5683 doctrinae
1607 5626 1866 5681 omnibus
1888 5641 1970 5680 an-

2118 5633 2239 5706 ερὺν
2283 5633 2471 5706 ἄνδρα,
2521 5633 2616 5687 καὶ
2661 5631 2986 5706 πολυπειρία
3031 5633 3274 5696 ἅπαντας
3321 5631 3675 5688 ἀπολιπόντα.

414 5719 668 5775 tecelluit.
726 5719 820 5778 Sic
875 5727 1064 5777 autem
1119 5720 1360 5785 loquitur
1410 5720 1467 5775 in
1524 5717 1684 5775 tertio
1747 5715 1971 5773 Stroma

1952 5735 1990 5772 ι’·
2094 5727 2257 5796 Λέγει
2291 5726 2346 5780 δὲ
2378 5725 2550 5789 οὕτως
2579 5729 2636 5781 ὲν
2663 5725 2740 5797 τῷ
2771 5727 2939 5798 τρίτῳ
2963 5726 3071 5781 τῶν
3101 5723 3509 5795 Στρωματέων.

414 5818 547 5869 tum.
579 5820 685 5868 etc.
