3944 6340
458 316 526 374 ‘u
1649 323 1966 378 CLEMENS
2004 279 2564 380 .ALExsnomNus.
3639 330 3709 384 43

459 440 789 497 miniscitur.
830 440 996 497 Evam
1018 451 1300 514 praeterea,
1332 459 1396 499 ex
1419 445 1649 510 Adamo,
1668 461 1776 500 non
1804 456 1862 500 nt
1881 446 2016 501 sacri

2142 445 2312 515 ’Λδὰμ
2357 445 2453 516 τὴν
2499 443 2662 509 Εὔαν,
2712 448 2809 516 οὐχ
2860 445 2936 509 ὡς
2977 447 3006 499 ό
3057 446 3507 518 έκκλησιαστικὸς
3555 446 3711 514 λόγος

458 533 584 588 libn'
607 534 848 600 tradunt,
874 531 970 590 sed
1000 535 1235 591 obscene
1265 545 1428 606 atque
1455 535 1619 606 impie
1632 537 1832 593 educit.
1852 541 2029 610 Auge-

2133 536 2398 607 βούλεται,
2430 536 2542 590 ἀλλ’
2591 537 2830 609 αἰσχρῶς
2871 553 2929 588 τε
2978 537 3070 589 καὶ
3109 536 3282 599 ἀθέως
3324 535 3705 605 ἀποφαίνεται·

458 623 542 680 los
571 640 790 696 quoque
832 641 956 681 cum
992 625 1208 682 feminis
1255 640 1601 697 congressos,
1646 628 1848 684 liberos
1903 631 2016 685 inde

2133 628 2419 698 μίγνυσθαι
2442 645 2502 681 τε
2534 629 2658 691 τοὺς
2681 628 2946 697 ἀγγέλους
2978 627 3214 696 γυναιξὶ,
3242 626 3337 680 καὶ
3375 627 3712 681 παιδοποιεῖν

457 717 752 773 sustulisse
797 718 1052 773 somniat.
1090 717 1233 784 Quin
1279 727 1333 773 et
1368 715 1603 772 Verbum
1651 735 1868 774 carnem
1915 734 2024 774 nou

445 822 580 867 'esse
616 810 821 867 factum
846 851 862 876 ,
892 811 986 867 sed
1029 812 1102 866 ita
1138 811 1316 866 visum
1349 811 1634 866 duntaxat.
1670 811 1786 867 Duo
1809 814 1876 867 ad
1910 814 2026 868 haec

456 903 636 960 Patris
661 903 838 960 Verba
865 905 1087 959 finxisse
1105 905 1551 974 deprehenditur,
1583 920 1816 975 quorum
1843 905 2025 962 minus

457 996 780 1052 mortalibus
798 997 869 1051 sit
891 997 1088 1060 visum,
1115 995 1224 1050 imo
1251 1011 1319 1050 ne
1350 997 1453 1050 hoc
1491 997 1743 1066 quidem;
1768 997 1848 1052 sic
1878 997 2022 1051 enim

455 1089 648 1144 scribit
689 1109 701 1143 :
737 1088 948 1142 Dicitur
977 1089 1187 1158 quidem
1213 1097 1262 1142 et
1297 1087 1468 1142 Filius
1505 1089 1726 1143 Verbum
1770 1090 2025 1159 wquivoce

455 1196 575 1234 cum
603 1179 792 1233 Patrio
841 1178 1026 1234 Verba.
1077 1178 1266 1234 Verum
1301 1197 1462 1250 neque
1493 1181 1586 1234 hoc
1619 1180 1750 1234 illud
1803 1180 2023 1236 Verbum

454 1281 554 1335 est,
611 1273 748 1342 quod
795 1288 919 1326 caro
973 1272 1173 1342 factum
1207 1280 1321 1335 est,
1381 1289 1546 1343 neque
1571 1273 1732 1326 etiam
1777 1272 2022 1326 Patrium

455 1365 592 1420 illud
630 1364 886 1429 Verbum;
921 1369 1009 1418 sed
1040 1366 1114 1418 vis
1142 1365 1384 1436 quazdam
1406 1382 1468 1418 ac
1495 1375 1724 1435 potestas
1757 1363 1874 1431 Dei,
1903 1374 2025 1419 tan-

455 1473 613 1527 quam
641 1473 672 1510 a
703 1455 868 1510 Verbo
898 1456 1010 1526 ipso
1038 1457 1328 1526 proﬂuens,
1359 1472 1499 1510 mens
1520 1457 1727 1525 e/Tecta,
1755 1456 2022 1510 hominum

456 1549 661 1603 animos
691 1550 938 1618 pervasit.
969 1547 1102 1615 Quae
1137 1549 1355 1618 quidem
1396 1549 1580 1602 omnia
1626 1548 1682 1602 S.
1728 1546 2023 1618 Scriptura:

453 1641 782 1697 testimoniis
817 1642 1027 1712 aliquot
1067 1651 1310 1697 astruere
1350 1641 1560 1698 nititur.
1591 1639 1734 1706 Quin
1761 1641 1924 1696 etiam
1972 1650 2024 1695 et

453 1733 562 1787 alia
595 1733 648 1786 id
695 1748 869 1804 genus
919 1742 1174 1788 sexcenta
1226 1733 1544 1802 blasphema
1594 1747 1725 1787 voce
1763 1741 2020 1802 nugatur.

2127 720 2186 786 ἐξ
2214 721 2390 773 αὐτῶν
2417 720 2764 792 ὀνειροπολεῖ.
2782 721 2892 772 Καὶ
2920 718 2994 790 μὴ
3027 717 3372 790 σαρκωθῆναι
3397 719 3488 773 τὸν
3515 718 3708 788 Λόγον,

2125 813 2263 868 ἀλλὰ
2292 813 2458 878 δόξαι.
2498 813 2703 882 Λόγους
2728 829 2787 865 τε
2817 811 2910 865 τοῦ
2953 812 3164 883 Πατρὸς
3209 811 3301 864 δύο
3341 811 3712 882 τεῳτολογῶν

2125 906 2512 976 ἀπελέγχεται·
2549 898 2623 957 ὧν
2655 904 2746 956 τὸν
2779 904 2976 974 ἥττονα
3008 905 3119 966 τοῖς
3163 897 3468 974 ἀνθρώποις
3511 900 3709 973 ἐπιφα-

2125 999 2300 1069 νῆναι,
2340 997 2539 1068 μᾶλλον
2582 997 2639 1050 δὲ
2679 996 2799 1050 οὐδὲ
2843 993 3068 1049 ἐκεῖνον·
3122 995 3255 1066 φησι
3287 993 3420 1066 γάρ·
3466 992 3709 1065 Λέγεται

2119 1091 2236 1160 μὲν
2261 1091 2359 1144 καὶ
2382 1094 2414 1144 ὁ
2446 1091 2577 1157 Υἱὸς
2597 1092 2805 1160 Λόγος,
2833 1091 3151 1159 ὁμωνύμως
3177 1088 3256 1154 τῷ
3283 1088 3552 1156 Πατρικῷ
3597 1089 3710 1142 Λό-

2127 1200 2227 1251 γῳ·
2263 1182 2398 1236 ἀλλ’
2428 1183 2540 1250 οὐχ
2571 1176 2749 1246 οὗτός
2777 1181 2945 1233 ἐστιν
2967 1183 2998 1234 ό
3025 1178 3180 1247 σὰρξ
3202 1171 3539 1248 γενόμενος,
3565 1177 3711 1232 οὐδὲ

2119 1273 2245 1342 μὴν
2284 1277 2317 1326 ὀ
2350 1272 2626 1341 Πατρῷος
2671 1274 2892 1342 Λόγος,
2943 1272 3103 1326 ἀλλὰ
3160 1271 3413 1340 δύναμίς
3462 1289 3551 1337 τις
3597 1270 3707 1324 τοῦ

2127 1366 2274 1420 Θεοῦ
2302 1360 2431 1418 οἷον
2462 1366 2746 1434 ἀπόρῤοια
2778 1365 2883 1419 τοῦ
2905 1365 3098 1434 Λόγου
3129 1365 3335 1424 αὑτοῦ,
3365 1364 3512 1431 νοῦς
3536 1364 3706 1434 γενό-

2118 1476 2318 1526 μενος,
2347 1457 2452 1523 τὰς
2488 1458 2604 1510 τῶν
2626 1457 2952 1525 ἀνθρώπων
2988 1455 3234 1524 καρδίας
3259 1455 3704 1525 διαπεφοίτηκε.

2124 1550 2231 1602 Καὶ
2260 1549 2428 1600 ταῦτα
2461 1549 2634 1602 πάντα
2663 1549 2770 1602 ἀπὸ
2799 1548 2977 1619 ρητῶν
3019 1566 3181 1602 τινων
3231 1550 3485 1622 πειρᾶται
3537 1567 3710 1602 κατα-

2125 1637 2409 1702 σκευάζειν
2438 1637 2538 1708 τῆς
2567 1638 2809 1709 Γραφῆς.
2842 1635 2951 1690 Καὶ⁴
2993 1637 3126 1691 ἄλλα
3159 1638 3215 1691 δὲ
3250 1639 3416 1708 μυρία
3463 1637 3711 1709 βλασφη-

2126 1734 2215 1802 μεῖ
2247 1731 2335 1783 καὶ
2369 1730 2616 1802 φλυαρεῖ,
2652 1729 2760 1782 εἴτε
2795 1730 2974 1793 αὐτὸς,
3009 1731 3117 1782 εἴτε
3147 1747 3230 1793 τις
3265 1730 3470 1800 ἕτερος,
3513 1729 3574 1782 τὸ
3599 1728 3708 1784 αὐ-

453 1839 551 1880 seu
579 1824 713 1894 ipse,
757 1825 873 1880 sive
915 1826 1039 1893 quis
1064 1825 1224 1892 alius,
1271 1825 1390 1896 ejus
1421 1840 1712 1895 personam
1759 1826 2015 1892 indutus;

2122 1822 2213 1875 τοῦ
2257 1822 2544 1894 πρόσωπον
2576 1822 2907 1893 ὑποκριθείς.
2957 1821 3320 1894 Ἑποιήθησαν
3358 1823 3412 1875 δὲ
3447 1821 3593 1893 αὐτῷ
3643 1822 3710 1876 αι

451 1916 613 1986 plane
645 1924 705 1970 ut
749 1925 873 1970 octo
901 1916 1050 1986 ipsos
1103 1915 1298 1972 Libros
1346 1915 1498 1972 hisce
1552 1916 2017 1987 blasphemiarum

455 2009 752 2079 portentis,
779 2009 853 2065 de‘
870 2009 1063 2063 iisdem
1091 2009 1384 2064 identidem
1415 2009 1757 2075 disserendo,
1778 2024 1840 2063 ac
1865 2024 2018 2079 spar-

451 2101 559 2156 sim
601 2109 764 2172 atque
791 2099 1036 2167 confuse,
1067 2099 1231 2155 veluti
1287 2108 1509 2168 stupore
1541 2100 1846 2170 perculsus,
1874 2098 2019 2154 Scri-

450 2205 643 2266 pturas
664 2193 1032 2264 producendo,
1065 2193 1368 2263 repleverit.
1407 2191 1653 2247 Universi
1679 2201 1856 2247 autem
1889 2207 2020 2261 ope-

450 2284 530 2339 ris
557 2299 758 2353 scopus
792 2281 960 2337 fuisse
993 2282 1206 2337 videtur
1236 2281 1533 2342 Genescos,
1560 2279 1752 2347 Exodi,
1771 2279 2019 2336 Psalmo—

451 2391 598 2439 rum,
637 2373 1006 2443 Epistolarum
1061 2371 1122 2426 Β.
1165 2371 1419 2426 Pauli-et
1473 2371 1902 2435 Catholicarum,
1954 2387 2018 2425 ac

449 2463 686 2532 denique
711 2461 1488 2530 Ecclesiasticiinterpretatio.
1524 2459 1638 2516 Hoc
1667 2459 1884 2516 interim
1926 2459 2011 2515 fac

453 2563 598 2608 tetur
623 2554 757 2622 ipse,
787 2552 1117 2622 discipulum
1158 2567 1219 2608 se
1252 2551 1420 2608 fuisse
1478 2551 1744 2608 Pantaeni.
1803 2550 1908 2608 Sed
1949 2552 2016 2608 de

452 2623 885 2716 llypotyposibus
926 2645 1214 2698 hactenus.

513 2736 640 2812 qlam
668 2737 1000 2807 Pa’dagogus
1037 2735 1212 2790 tribus
1260 2735 1414 2794 libris
1454 2737 1814 2806 conscriptus,
1848 2736 2013 2790 vitam

449 2845 740 2901 moresque
799 2828 1098 2884 informat:
1153 2828 1354 2898 quibus
1397 2837 1452 2882 et
1509 2828 1674 2883 alium
1724 2829 2013 2898 quemdam

449 2924 768 2988 prmmitttt,
825 2919 1178 2990 adjungitquc
1230 2918 1558 2989 singularem
1618 2919 1851 2984 librum,
1905 2935 2014 2990 quo

449 3014 692 3084 gentium
719 3012 912 3068 refellit
941 3013 1294 3083 impietatem.
1321 3009 1466 3064 Nihil
1496 3021 1676 3066 autem
1708 3012 1888 3067 simile
1919 3013 2014 3066 ha-

449 3109 576 3162 bent
601 3106 654 3160 hi
690 3121 877 3161 omnes
925 3121 1047 3160 cum
1083 3103 1534 3174 llypotyposibus,
1561 3104 1782 3180 quando
1809 3112 1862 3159 et
1893 3113 2005 3160 sto.
2039 3145 2080 3204 Ο

449 3201 571 3256 lidis
602 3200 707 3254 illis
731 3215 794 3254 ac
817 3199 1147 3268 blasphemis
1171 3198 1520 3268 Opiniouibus
1547 3200 1770 3251 omnino
1795 3206 2010 3262 vacant,

447 3303 499 3350 et
527 3295 692 3350 dictio
721 3293 836 3364 ipsa
860 3293 915 3346 in
941 3292 1026 3346 his
1055 3291 1298 3346 ﬂoridior
1333 3291 1399 3344 ad
1432 3298 1786 3359 temperatam
1823 3305 2017 3360 quam-

449 3387 575 3440 dam
604 3385 925 3455 gravitatem
967 3399 1074 3438 non
1113 3383 1232 3438 sine
1262 3382 1605 3454 iucunditate
1657 3383 1917 3453 assurgit,
1962 3391 2017 3436 et

447 3478 600 3532 varia
626 3477 738 3542 illa,
766 3491 888 3546 qua:
921 3475 976 3530 in
1007 3475 1074 3530 iis
1108 3485 1210 3538 est,
1234 3491 1417 3530 rerum
1452 3475 1709 3545 cognitio,
1755 3475 1891 3529 nihil
1917 3475 2016 3528 ha—

448 3571 540 3624 bet
571 3569 754 3625 minus
773 3568 1122 3624 conveniens.
1148 3567 1405 3623 Extremo
1434 3583 1560 3622 vero
1593 3567 1733 3624 libro
1755 3569 1918 3624 etiam
1950 3568 2014 3622 de

450 3663 780 3732 imaginibus
805 3661 1198 3718 commeminit.
1781 3719 1784 3722 ,

525 3754 856 3810 Stromateon
881 3786 887 3792 -
915 3764 1094 3810 autem
1129 3755 1252 3808 libri
1284 3769 1500 3824 quoque
1540 3763 1664 3809 octo
1719 3765 1879 3821 sunt,
1917 3756 2014 3810 ad-

451 3863 641 3904 versus
663 3864 904 3919 paganos
923 3859 1084 3918 atque
1109 3849 1342 3902 haereses
1373 3861 1610 3916 pugnam
1639 3848 2010 3906 instituentes:

449 3945 504 4001 in
551 3943 752 4012 quibus
813 3941 942 3995 item
1016 3941 1246 4010 sparsim
1283 3977 1301 4006 ,
1363 3947 1416 3993 et
1438 3955 1546 3993 non
1595 3939 1786 3994 ordine
1836 3942 2012 4010 capita

450 4045 829 4102 recensentur;
871 4033 1028 4103 cujus
1059 4016 1214 4103 quasi
1247 4033 1511 4087 rationem
1555 4032 1779 4088 reddere
1813 4033 1866 4086 in
1908 4049 2006 4086 ex-

449 4127 781 4186 tremolibro
811 4125 1041 4194 septimo
1067 4125 1219 4179 hisce
1254 4124 1364 4179 fere
1394 4125 1572 4180 verbis
1593 4125 1806 4180 videtur
1833 4149 1845 4182 :
1885 4126 2012 4181 lltrc

448 4236 566 4276 cum
593 4237 625 4273 a
652 4218 800 4272 nobis
830 4217 948 4286 jam
991 4226 1144 4268 antea
1175 4224 1506 4284 pertractata
1555 4217 1684 4281 sint,
1729 4226 1776 4270 et
1810 4233 2012 4269 morum

448 4313 543 4367 illa
562 4311 744 4363 rudior
771 4306 1004 4378 formula
1034 4309 1128 4377 per
1151 4322 1356 4359 summa
1378 4306 1514 4360 velut
1535 4309 1734 4378 capita,
1758 4318 2008 4378 quantum

447 4403 674 4475 polliciti
701 4416 905 4464 sumus,
937 4400 1162 4469 sparsim
1180 4399 1461 4468 descripta,
1493 4398 1581 4465 iis,
1610 4417 1726 4470 qua:
1751 4401 1819 4453 ad
1837 4416 2010 4454 veram

2121 1913 2429 1985 βλάσφημοι
2457 1907 2614 1968 αὗται
2645 1914 3018 1986 τερατολογίαι
3053 1915 3109 1967 ὲν
3137 1915 3320 1986 τὸμοις
3348 1915 3508 1968 ὀκτώ.
3540 1917 3707 1986 Λέγει

2118 2007 2174 2060 δὲ
2197 2007 2289 2061 καὶ
2337 2007 2594 2079 περὶτῶν
2631 2006 2805 2060 αὐτῶν
2823 2007 3110 2070 πολλάκις,
3158 2008 3254 2061 καὶ
3298 2008 3572 2080 σποράδην
3605 2009 3710 2063 καὶ

2121 2099 2558 2170 συγκεχυμένως,
2589 2098 2776 2170 ὥσπερ
2806 2098 3137 2170 ἔμπληκτος,
3169 2101 3406 2172 παράγει
3438 2102 3506 2155 τὰ
3539 2103 3700 2174 ῥητά.

2131 2191 2188 2245 Ὁ
2217 2192 2274 2245 δὲ
2305 2191 2422 2256 ὅλος
2450 2191 2667 2255 σκοπὸς,
2701 2190 2900 2243 ὡσανεὶ
2933 2191 3214 2262 ἑρμηνεῖαι
3247 2194 3575 2263 τυγχάνουσι
3602 2193 3707 2264 τῆς

2118 2283 2406 2347 Γενέσεως,
2441 2283 2540 2353 τῆς
2565 2281 2794 2347 Ἐξόδου,
2829 2284 2934 2336 τῶν
2959 2283 3231 2354 Ψαλμῶν,
3262 2285 3356 2338 τοῦ
3379 2285 3522 2340 θείου
3552 2285 3706 2340 Παύ-

2119 2374 2209 2427 λου
2239 2375 2345 2428 τῶν
2383 2375 2709 2428 Ἐπιστολῶν
2731 2417 2745 2441 ,
2801 2375 2897 2429 καὶ
2943 2375 3050 2428 τῶν
3092 2376 3436 2440 Καθολικῶν.
3474 2377 3568 2430 καὶ¹
3602 2375 3704 2432 τοῦ

2131 2466 2629 2538 Ἐκκλησιαστικοῦ.
2665 2466 2918 2538 Μαθητὴς
2952 2467 3028 2531 δὲ,
3077 2467 3152 2533 ὼς
3203 2469 3297 2523 καὶ
3339 2469 3500 2533 αὐτός
3542 2486 3702 2540 φησι,

2116 2558 2303 2626 γέγονε
2344 2559 2664 2612 Πανταίνου.
2716 2557 2871 2612 Ἀλλὰ
2909 2558 3082 2614 ταῦτα
3128 2560 3224 2631 μὲν
3256 2562 3311 2614 αἱ
3358 2563 3704 2619 ’Υποτυπώ-

2116 2663 2265 2712 σεις.

2199 2735 2256 2788 'U
2307 2735 2364 2789 δὲ
2421 2735 2798 2807 Παιδαγωγός
2845 2739 2904 2790 ὲν
2948 2739 3090 2810 τρισὶ
3130 2741 3314 2811 τόμοις
3361 2743 3508 2796 ἐστὶν
3553 2744 3706 2816 αὐτῷ

2115 2830 2602 2901 διαπεπονημένος,
2637 2829 2801 2901 ἤθους
2835 2832 2926 2883 καὶ
2961 2832 3075 2902 βίου
3113 2833 3531 2905 κατορθωτικὸς,
3588 2838 3701 2908 ἔχει

2113 2922 2171 2975 δὲ
2210 2921 2413 2976 τούτων
2443 2922 2538 2975 καὶ
2570 2921 2981 2992 προηγούμενον
3013 2925 3105 2979 καὶ
3147 2927 3570 2998 συνταττόμενον
3609 2930 3700 2984 λό-

2114 3032 2208 3084 γον
2239 3015 2444 3086 ἓτερον,
2472 3018 2530 3068 ὲν
2561 3007 2604 3083 ᾧ
2653 3016 2752 3086 τὴν
2803 3016 3067 3088 Ἑλλήνων
3107 3017 3371 3089 διελέγχει
3411 3020 3696 3094 ἀθεότητα·

2114 3107 2262 3160 οὐδὲν
2292 3106 2348 3159 δὲ
2381 3108 2563 3177 ὅμοιον
2595 3107 2776 3178 έχουσι
2814 3107 2949 3180 πρὸς
2986 3109 3085 3172 τὰς
3139 3109 3580 3179 ’Υποτυπώσεις
3610 3107 3704 3167 οὗ-

2118 3217 2198 3252 τοι
2247 3200 2296 3252 οἱ
2342 3200 2506 3268 λόγοι·
2557 3199 2664 3252 τῶν
2703 3216 2761 3252 τε
2797 3199 2904 3270 γὰρ
2941 3200 3180 3271 ματαίων
3231 3202 3323 3255 καὶ¹
3364 3203 3703 3276 βλασφήμων

2116 3291 2521 3363 ἀπηλλαγμένοι
2553 3291 2713 3358 δοξῶν
2754 3293 3144 3363 καθεστήκασι,
3179 3294 3272 3348 καὶ
3303 3297 3336 3366 ή
3373 3298 3570 3369 φράσις
3601 3298 3699 3350 ἀν-

2116 3382 2281 3455 θηρὰ,
2327 3383 2420 3436 καὶ
2462 3384 2540 3447 είς
2589 3383 2750 3453 ὄγκον
2797 3384 3011 3455 ῂρμένη
3059 3384 3370 3459 σύμμετρον
3421 3388 3558 3458 μετὰ
3600 3388 3699 3443 τοῦ

2112 3476 2288 3545 ἡδέος,
2315 3478 2460 3549 καὶὴ
2495 3476 2828 3548 πολυμάθεια
2863 3477 3238 3548 ὲμπρέπουσα.
3272 3480 3616 3552 Μνημονεύει
3639 3481 3700 3536 δὲ

2115 3568 2250 3641 πρὸς
2281 3567 2359 3639 τῷ
2387 3569 2528 3622 τέλει
2562 3569 2687 3639 περὶ
2718 3568 2960 3622 εἰκόνων.

2184 3753 2246 3804 Ol
2271 3750 2326 3804 δὲ
2357 3753 2717 3820 Στρωματεῖς
2745 3755 2849 3807 εἰσι
2886 3755 2984 3825 μὲν
3015 3755 3108 3807 καὶ
3135 3754 3287 3807 αὐτοὶ
3328 3756 3386 3808 ὲν
3417 3753 3559 3809 ὀκτὼ
3601 3755 3694 3811 λό⁴

2113 3862 2229 3913 γοις
2262 3843 2379 3898 καθ’
2432 3845 2694 3917 Ἐλλήνων
2726 3849 2818 3901 καὶ
2851 3849 3113 3920 αἱρέσεων
3143 3847 3234 3900 τὸν
3276 3847 3462 3914 ἀγῶνα
3488 3851 3696 3922 εἰσενη-
3805 3854 3816 3866 ⁹

2113 3935 2380 4007 νεγμένοι·
2418 3937 2688 4008 σποράδην
2726 3939 2781 3992 δὲ
2827 3939 2920 3992 καὶ
2951 3938 3138 4010 ὥσπερ
3182 3940 3280 3991 οὐκ
3319 3941 3376 3992 ὲν
3413 3939 3564 4006 τάξει
3592 3942 3694 4014 τὴν

2113 4029 2220 4080 τῶν
2253 4027 2558 4096 κεφαλαίων
2581 4030 2878 4100 παράθεσιν
2908 4030 3187 4085 κάνταῦθα
3216 4035 3465 4096 ποιεῖται,
3486 4034 3578 4088 καὶ
3591 4035 3694 4107 τὴν

2115 4121 2292 4174 αἰτίαν
2323 4120 2510 4192 ὥσπερ
2541 4121 2822 4185 ἀποδιδοὺς
2853 4125 2911 4175 ὲν
2945 4123 3022 4193 τῷ
3047 4124 3187 4178 τέλει
3210 4124 3304 4178 τοῦ
3337 4124 3564 4197 ἑϐδόμου
3599 4126 3692 4181 λό-

2113 4228 2232 4279 γου,
2268 4213 2456 4276 αὑταῖς
2487 4212 2694 4280 λέξεσιν
2725 4213 2894 4278 οὕτως
2927 4214 3092 4283 λέγει’
3129 4218 3357 4270 Τούτων
3375 4218 3518 4287 ἡμῖν
3545 4235 3690 4288 προ-

2113 4295 2546 4374 διηνυσμένων,
2577 4304 2675 4358 καὶ
2701 4305 2806 4360 τοῦ
2841 4306 3049 4374 ἠθικοῦ
3079 4305 3268 4361 nide
3306 4309 3386 4375 ὡς
3407 4309 3476 4362 ἐν
3506 4327 3690 4380 κεφα-

2111 4395 2304 4460 λαίοις
2329 4395 2774 4465 ὑπογραφέντος
2811 4396 3126 4465 σποράδην
3169 4414 3254 4461 τε,
3295 4399 3376 4464 ὡς
3420 4400 3691 4468 ὑπεσχή-

447 4497 678 4552 excitant
703 4493 1071 4565 cognitionem,
1095 4491 1425 4561 dogmatibus
1450 4493 1524 4544 ita
1565 4492 1648 4544 hic
1676 4491 1788 4545 illic
1811 4493 2011 4558 insper-

2122 4491 2279 4552 μεθα,
2306 4485 2406 4539 καὶ
2430 4485 2844 4556 διερῤιμμένως
2893 4489 2982 4554 τὰ¹
3006 4487 3235 4557 ζώπιιοα
3274 4489 3385 4557 τῆς
3424 4490 3686 4559 ἀληθοῦς

447 4593 553 4654 sis;
575 4599 633 4644 ut
665 4605 743 4642 res
767 4586 891 4640 illas
918 4602 1098 4640 sacras
1114 4597 1297 4639 nactus
1319 4586 1606 4656 quispiam,
1632 4585 1721 4654 qui
1747 4584 2008 4652 mysteriis

445 4681 641 4738 nostris
661 4678 906 4733 initiatus
961 4692 1063 4729 non
1097 4675 1187 4741 sit,
1239 4675 1383 4728 haud
1415 4675 1574 4744 facile
1621 4674 1926 4742 comperiat,
1958 4682 2011 4726 et

448 4789 570 4838 qua:
599 4779 921 4841 sequuntur.
951 4765 1073 4821 llaec
1116 4767 1302 4836 igitur,
1337 4775 1394 4819 ut
1451 4766 1563 4836 ipse
1588 4765 1804 4832 fatetur,
1843 4765 2009 4821 causa

447 4865 570 4930 fuit,
593 4879 692 4918 cur
721 4863 821 4916 ista
846 4860 963 4915 sine
982 4857 1170 4912 ordine
1199 4857 1551 4926 congesserit.

518 4954 714 5025 Reperi
763 4960 943 5008 autem
979 4951 1034 5003 in
1079 4958 1356 5019 pervetere
1400 4949 1696 5018 exemplari
1739 4951 1838 5004 hoc
1872 4961 2010 5018 Opus

445 5065 556 5106 non
586 5049 762 5106 solum
802 5045 1144 5102 Stromateam
1171 5042 1390 5097 nomine
1421 5041 1764 5111 inscriptum,
1793 5041 1886 5095 sed
1926 5043 2012 5096 in--

445 5153 593 5211 tegre
636 5139 873 5194 adhunc
904 5137 1125 5193 modum
1162 5154 1175 5190 :
1212 5134 1320 5188 'l'iti
1362 5128 1535 5188 Flavii
1580 5133 1862 5188 Clementis
1894 5150 2012 5202 pre-

441 5233 638 5304 sbyteri
689 5231 1036 5286 Alexandrini
1087 5227 1457 5282 Cnosticarum
1508 5226 1792 5279 secundum
1837 5241 2010 5280 rerum

445 5325 830 5397 philosophiam
855 5323 1351 5376 commentationum
1386 5317 1719 5373 Stromateus
1755 5335 1791 5383 ι,
1827 5335 1887 5384 ιι,
1925 5334 2006 5381 ιιι,

447 5435 518 5483 tv,
548 5433 606 5482 ν,
635 5433 711 5478 vr,
743 5431 969 5476 vum".
997 5416 1073 5470 Ac
1098 5413 1256 5484 primi
1283 5413 1501 5482 quidem
1527 5421 1729 5482 septem
1759 5411 2009 5465 eumdem

443 5507 741 5581 praeferunt
767 5506 1017 5567 titulum,
1066 5507 1336 5575 iidemque
1362 5519 1588 5574 prorsus
1628 5512 1756 5557 sunt
1806 5503 1859 5556 in
1891 5518 2010 5554 om-

441 5602 608 5655 nibus
631 5597 931 5654 codicibus.
962 5595 1163 5650 Verum
1197 5605 1442 5661 octavus,
1474 5609 1598 5649 cum
1623 5592 2007 5662 inscriptione,

445 5703 559 5754 tum
616 5691 692 5744 rei
746 5687 1002 5756 subjecta:
1051 5685 1297 5750 materia,
1336 5686 1532 5749 variat.
1566 5683 1620 5738 ln
1679 5683 2008 5752 quibusdam

443 5783 592 5841 enim
647 5780 962 5838 inscribitur
1008 5797 1021 5834 :
1075 5777 1204 5843 Quis
1261 5779 1403 5833 dives
1454 5777 1722 5844 salvetur,
1779 5777 2006 5848 ejusque

2115 4580 2387 4650 γνώσεως
2413 4579 3004 4659 ὲγκατασπειράντων
3025 4580 3360 4651 μαθήματα,
3390 4583 3468 4648 ὡς
3489 4582 3574 4651 μὴ
3587 4584 3692 4652 ρᾳ-

2113 4672 2250 4725 δίαν
2277 4673 2428 4726 εἶναι
2466 4672 2545 4738 τῷ
2573 4676 2948 4742 περιτυχόντι
2985 4675 3103 4728 τῶν
3132 4675 3411 4745 ἀμυήτων
3432 4677 3547 4744 τὴν
3570 4677 3692 4731 τῶν

2114 4764 2295 4832 ἁγίων
2319 4764 2578 4831 εὕρεσιν,
2614 4764 2706 4819 καὶ
2737 4767 2805 4820 τὰ
2855 4766 3000 4836 ἑξῆς.
3047 4767 3109 4820 'li
3162 4768 3258 4838 μὲν
3304 4763 3396 4820 οὖν
3441 4767 3689 4839 διερριμο

2118 4856 2291 4926 μένως
2322 4857 2462 4910 αὐτὰ
2490 4857 2788 4923 κατατάξαι
2809 4859 3137 4930 αὑτῷαίτία,
3163 4860 3238 4923 ὥς
3269 4877 3422 4930 φησι,
3443 4860 3688 4929 γέγονεν.

2183 4942 2356 5019 Εὗρον
2389 4948 2569 5020 μέντοι
2605 4967 2667 5019 γε
2693 4950 2749 5004 ἕν
2777 4969 2879 5004 τινι
2915 4951 3123 5022 παλαιῷ
3154 4950 3340 5022 βιϐλίῳ
3381 4951 3477 5022 τὴν
3519 4953 3688 5024 αὐτὴν

2115 5039 2492 5111 πραγματείαν
2508 5041 2628 5112 οὐχὶ
2654 5043 3016 5117 Στρωιέατεῖς
3045 5043 3200 5112 μόνον
3221 5043 3685 5115 ἐπιγραφομένην,

2114 5131 2228 5185 ἀλλ’
2259 5131 2566 5203 ὁλοκλήρως
2595 5133 2785 5196 οὕτως’
2827 5136 2997 5187 Τίτου
3025 5135 3284 5189 Φλαϐίου
3321 5133 3687 5204 Κλήμεντος,

2114 5225 2517 5294 πρεσϐυτέρου
2556 5225 2996 5294 Ἀλεξανδρείας
3024 5226 3140 5279 τῶν
3166 5227 3315 5282 κατά
3354 5227 3468 5296 τὴν
3493 5227 3688 5295 ἀληθῆ

2114 5319 2480 5388 φιλοσοφίαν
2530 5317 2886 5371 Γνωστικῶν
2924 5319 3362 5389 ὑπομνημάτων
3414 5324 3688 5389 Στρωμα-

2113 5409 2260 5463 τέων
2281 5417 2350 5474 α’,
2385 5410 2449 5480 β’,
2479 5417 2548 5478 γ’,
2581 5410 2644 5473 δ’,
2694 5417 2754 5469 ε’,
2793 5417 2868 5474 ς’,
2909 5411 2974 5475 ς’,
3035 5412 3128 5465 καὶ
3172 5419 3241 5472 η’.
3304 5412 3441 5464 ’Λλλ⁶
3499 5415 3550 5480 ὁ,
3588 5413 3686 5482 μὲν

2115 5501 2327 5573 πρῶτος
2363 5503 2522 5574 μέχρι
2566 5501 2660 5556 τοῦ
2706 5499 2956 5572 ἑϐδόμου,
2990 5502 3085 5574 τὴν
3118 5503 3286 5574 αὐτὴν
3321 5504 3532 5574 ἔχουσιν
3565 5509 3685 5559 έπι-
3727 5564 3729 5567 τ

2112 5593 2345 5666 γραφὴν,
2381 5596 2490 5681 ,καὶ
2543 5596 2728 5648 ὲνιαῖοι
2776 5594 3132 5664 τυγχάνουσιν
3164 5597 3220 5648 ἐν
3258 5595 3429 5648 ἅπασι
3459 5600 3571 5661 τοῖς
3597 5599 3687 5676 βι-

2115 5685 2299 5748 ϐλίοις.
2345 5686 2403 5739 ‘0
2455 5685 2634 5755 μέντοι
2696 5686 2879 5753 ὄγδοος
2921 5687 3174 5758 διάφορός
3228 5686 3286 5740 τέ
3327 5690 3442 5742 ἐστι
3477 5689 3572 5744 καὶ
3615 5693 3683 5765 τῇ

2115 5780 2389 5849 ἐπιγραφῇ
2423 5779 2514 5832 καὶ
2544 5778 2621 5850 τῷ
2653 5779 2876 5865 ὲδέιιρει.⁸
2910 5783 3006 5834 ’Ἑν
3052 5797 3159 5833 τισι
3205 5780 3460 5862 μὲνγὰρ,
3515 5783 3618 5845 Τις
3715 5821 3728 5849 ,-
