3944 6340
106 5003 181 5069 θε
196 4986 266 5081 εἷς

428 384 504 443 (Β
1573 440 1579 445 ,
1604 380 1996 443 CLEMENTIS
2033 379 2498 441 ALEXANDRINI
3616 377 3693 438 εᾶ

434 505 624 561 mundi
669 506 836 564 vitam
873 507 1034 566 nobis
1064 510 1121 565 in
1150 509 1326 581 prima
1354 508 1633 566 creatione
1658 508 1826 573 dedit,
1873 522 2006 578 prae-

2115 508 2207 560 καὶ
2253 508 2619 562 συσσαπῶσιν.
2663 506 2722 561 '0
2756 506 2885 576 γοῦν
2920 502 3153 577 πονηρὸς
3195 501 3380 559 οὑτοσὶ
3424 501 3688 576 τύραννος

434 599 671 668 ccpluris
700 600 890 657 habitu
922 615 1146 673 sumpto
1179 603 1319 658 bene
1351 601 1570 657 vivendi
1607 602 1873 657 rationem
1912 615 2013 654 nos

435 690 643 754 docuit,
664 698 725 744 ut
752 700 937 760 postea
973 703 1230 762 tanquam
1256 690 1401 746 Deus
1427 698 1685 745 aeternam
1716 688 1882 742 vitam
1908 687 2015 740 lar-

435 779 640 851 giatur.
680 778 730 835 ls
760 797 890 837 vero
920 796 1027 836 non
1051 790 1137 837 est
1159 797 1307 836 nunc
1340 780 1577 851 primum
1607 777 1813 835 erroris
1838 776 2012 831 nostri

435 870 716 934 misertus,
746 872 839 928 sed
872 872 1001 927 olim
1035 888 1067 927 a
1117 872 1386 942 principio
1432 870 1653 937 mundi;
1707 884 1853 925 nunc
1884 882 2011 922 vero

435 964 655 1017 tandem
679 978 969 1035 apparens,
1001 964 1275 1034 perituros
1305 979 1371 1019 ex
1402 962 1654 1019 faucibus
1686 962 1835 1016 exitii
1873 960 2012 1014 lihe-

434 1056 599 1112 ravit.
637 1054 772 1111 Nam
803 1057 857 1111 in
890 1056 1037 1111 hunc
1074 1070 1248 1129 usque
1276 1055 1418 1110 diem
1455 1055 1728 1126 malignus
1771 1052 1861 1107 ille
1896 1066 2011 1107 ser-

433 1161 571 1216 pens
612 1148 912 1201 humanum
958 1161 1133 1216 genus
1169 1146 1461 1217 priestigiis
1490 1145 1607 1200 suis
1643 1144 1696 1198 in
1727 1152 2010 1198 contume-

435 1236 631 1293 liosam
682 1247 735 1293 et
786 1238 1042 1293 miseram
1074 1238 1391 1293 servitutem
1450 1235 2011 1304 abducitpsaavitque

439 1328 497 1385 in
518 1345 636 1391 eos,
669 1339 730 1384 ut
759 1330 833 1385 ita
865 1328 1068 1394 dicam,
1096 1329 1457 1383 barbarorum
1497 1328 1628 1393 ritu,
1651 1325 1747 1397 qui
1768 1326 2011 1396 captivos

431 1437 571 1477 suos
598 1430 935 1477 mortuorum
952 1421 1333 1485 cadaveribus,
1352 1421 1527 1475 donec
1552 1435 1658 1473 una
1676 1426 2008 1489 putrescant,

434 1515 663 1584 alligare
691 1515 962 1570 feruntur.
994 1513 1134 1569 Dum
1170 1513 1319 1568 enim
1347 1526 1707 1583 quoscunque
1740 1527 1769 1565 a
1799 1510 1882 1566 sui
1913 1525 2009 1564 or-

356 1604 365 1609 ”
435 1617 531 1663 tus
560 1606 829 1677 principio
853 1606 921 1661 ad
960 1606 1211 1676 praprias
1240 1604 1457 1660 trahere
1484 1612 1666 1675 partes
1692 1602 1856 1670 valet,
1884 1618 2012 1657 cru-

430 1697 576 1753 delis
605 1698 692 1753 ille
721 1706 987 1769 tyrannus
1006 1705 1061 1752 et
1090 1712 1317 1767 serpens
1344 1697 1413 1751 ad
1442 1696 1669 1766 lapides,
1709 1696 1876 1766 ligna,
1902 1704 2013 1749 sta-

437 1798 587 1857 tuas,
614 1790 933 1861 reliquaque
956 1789 1098 1845 idola
1130 1792 1332 1845 misero
1362 1787 1771 1860 superstitionis
1794 1784 2011 1842 vinculo

437 1883 783 1953 constringit,
837 1898 946 1937 non
1007 1882 1355 1939 incommode
1391 1881 1614 1947 dicitur,
1672 1879 1824 1935 vivos
1862 1879 2071 1945 com-‘f

437 1978 591 2034 muni
623 1979 834 2032 tumulo
876 1977 1099 2045 inferre,
1147 1978 1324 2031 donec
1366 1990 1473 2031 una
1522 1990 1647 2030 cnm
1685 1973 1792 2028 illis
1845 1971 2014 2026 inter-

432 2080 586 2126 eant.
625 2050 1191 2137 Quamobrem'Eram
1237 2070 1366 2124 olim
1404 2070 1571 2137 (unus
1616 2069 1814 2124 etenim
1842 2068 2014 2124 idem-

330 2157 343 2170 “
431 2179 547 2234 que
574 2163 828 2219 seductor
852 2171 955 2233 est)
990 2173 1045 2217 et
1069 2163 1207 2217 alios
1235 2178 1383 2217 nunc
1413 2161 1661 2216 homines
1697 2161 1751 2215 in
1781 2168 2012 2215 mortem

437 2253 610 2309 ducit.
640 2251 791 2307 Unus
827 2252 1013 2307 itidem
1056 2252 1215 2308 nobis
1241 2252 1462 2322 adjutor
1488 2261 1543 2307 et
1565 2250 1763 2307 vindex
1792 2259 1876 2307 est
1902 2250 2012 2307 Do-

438 2341 644 2405 minus,
678 2340 770 2410 qui
795 2341 1027 2395 salutem
1058 2356 1088 2395 a
1122 2341 1391 2411 principio
1422 2340 1737 2411 prophetice
1758 2355 2017 2411 praenun-

438 2430 612 2499 tiavit,
646 2441 701 2486 et
725 2447 872 2486 nunc
898 2431 965 2486 ad
1006 2447 1128 2487 eam
1155 2432 1595 2503 consequendam
1622 2442 1806 2502 aperte
1832 2448 1896 2488 ac
1920 2448 2015 2502 pa-

439 2523 548 2580 lam
581 2522 790 2578 invitat.
822 2522 1119 2593 Fugiamus
1142 2523 1327 2595 igitur,
1352 2523 1597 2594 Apostoli
1624 2532 1889 2594 prtecepto
1911 2524 2004 2578 ob-

438 2621 753 2681 sequentes,
776 2613 1065 2683 principem
1088 2614 1367 2684 potestatis
1404 2615 1543 2668 aeris
1582 2612 1760 2682 hujus,
1790 2614 2012 2684 spiritus

435 2703 531 2773 qui
558 2718 694 2756 nunc
724 2712 971 2773 operatur
1010 2705 1064 2757 in
1091 2704 1231 2774 ﬁlios
1276 2701 1582 2775 difﬁdentiae
1610 2706 1687 2771 “;
1727 2714 1781 2759 et
1809 2705 1874 2759 ad
1903 2704 2011 2759 Do-

441 2797 651 2849 minum
692 2794 1039 2850 Servatorem
1070 2794 1476 2865 confugiamus,
1514 2796 1608 2864 qui
1639 2811 1734 2865 per
1758 2784 2011 2867 prodigia

431 2897 496 2943 et
526 2888 680 2959 signa
708 2903 831 2943 cum
873 2887 929 2941 in
966 2885 1223 2959 Egypto,
1267 2895 1379 2941 tum
1413 2887 1576 2941 etiam
1608 2888 1664 2941 in
1694 2887 1934 2953 deserto,
1961 2899 2015 2942 et

434 2995 537 3050 per
563 2980 784 3046 rubum,
812 2987 865 3034 et
887 2979 1108 3045 nubem,
1129 2984 1188 3042 ὦ
1207 2994 1328 3049 quae
1344 2978 1527 3033 divina
1546 2979 1716 3049 gratia
1737 2978 2011 3046 Hebraeos,

439 3072 589 3127 velut
619 3072 815 3126 ancilla
850 3071 1122 3142 quaedam,
1155 3070 1511 3141 sequebatur,
1548 3071 1615 3126 ad
1665 3071 1894 3127 salutem
1931 3072 2014 3125 in-

2115 603 2208 656 xui.
2237 602 2474 673 δράκων,
2516 599 2611 664 οὒς
2642 599 2708 655 ἂν
2758 595 2869 663 οἶός
2897 614 2959 651 τε
2995 596 3080 669 εῐη
3133 596 3198 651 ὲκ
3234 595 3460 667 γενετῆς
3493 613 3686 666 σφετεο

2114 692 2383 766 ρίσασθαι,
2404 692 2591 756 λίθοις,
2624 692 2720 746 καὶ
2742 690 2938 758 ξύλοις,
2963 689 3056 744 καὶ
3084 688 3381 760 ἀγάλμασι,
3402 688 3496 741 καὶ
3513 686 3690 741 τοιού-

2110 803 2225 850 τοις
2278 786 2419 840 τισὶν
2469 783 2707 847 εἰδώλοις
2740 781 3077 855 προσφίγξας
3131 780 3212 852 τῷ
3265 778 3688 851 δεισιδαιμονίας

2111 878 2279 949 ἀθλίῳ
2310 876 2492 949 δεσμῷ
2510 917 2525 940 ,
2548 876 2703 931 τοῦτο
2724 872 2797 947 ’δὴ
2823 874 2885 928 τὸ
2922 874 3233 945 λεγόμενον,
3260 870 3465 937 ζῶντας
3495 869 3690 938 ἐπιφέ-

2115 987 2222 1043 ρων
2268 968 2561 1039 συνέθαψεν
2594 969 2779 1031 αὐτοῖς
2811 966 2942 1039 (87),
2978 965 3087 1019 ἔστ’
3116 963 3184 1019 ἂν
3214 965 3310 1018 καὶ
3350 960 3687 1035 συμφθαρῶο

2114 1079 2216 1115 σιν·
2239 1057 2301 1114 οὒ
2320 1061 2383 1133 δὴ
2404 1062 2563 1132 χάριν
2606 1059 2716 1132 (88)
2751 1054 2853 1130 (εἷς
2884 1057 3036 1129 γάρὸ
3066 1053 3340 1125 ἀπατεὼν)
3360 1052 3563 1109 ἄνωθεν
3586 1051 3688 1124 μὲν

2110 1153 2207 1225 τὴν
2233 1152 2398 1217 Εὔαν,
2427 1152 2521 1208 νῦν
2546 1152 2604 1205 δὲ
2636 1152 2736 1225 ἤδη
2773 1152 2868 1204 καὶ
2885 1150 3011 1213 τοὺς
3038 1147 3232 1211 ἀλλους
3260 1143 3580 1217 ἀνθρώπους
3604 1144 3689 1207 είς

2112 1244 2338 1299 θάνατον
2366 1245 2671 1317 ὑποφέρων·
2697 1238 2777 1308 εἷς
2806 1244 2900 1297 καὶ
2926 1240 3089 1304 αὐτὸς
3120 1239 3409 1311 ἐπίκουρος
3439 1237 3535 1292 καὶ
3566 1236 3691 1307 βοη-

2112 1337 2203 1402 θὸς
2235 1339 2364 1410 ἡμῖν
2394 1339 2424 1390 6
2452 1337 2677 1411 Κύριος,
2712 1336 3076 1409 προσμηνύων
3116 1333 3226 1405 (89)
3269 1330 3505 1407 ἀρχῆθεν
3547 1346 3692 1401 προο

2112 1429 2378 1502 φητικῶς,
2412 1428 2508 1483 νῦν
2544 1428 2600 1483 δὲ
2623 1428 2721 1501 ήδη
2762 1429 2856 1482 καὶ
2881 1426 3127 1500 ἐναργῶς
3153 1427 3233 1489 είς
3275 1420 3545 1493 σωτηρίαν
3581 1437 3694 1474 πως

2113 1522 2384 1596 ρακαλῶν.
2427 1522 2691 1594 Φύγωμεν
2723 1517 2837 1589 οὖν,
2865 1518 3194 1591 ἀποστολικῇ
3240 1515 3548 1587 πειθόμενοι
3581 1531 3693 1568 παο

2114 1612 2393 1686 ραγγελίᾳ,
2416 1612 2526 1669 Τὸν
2544 1612 2804 1683 ἄρχοντα
2822 1610 2933 1679 τῆς
2946 1608 3229 1677 ἐξουσίας
3249 1607 3353 1663 τοῦ
3370 1605 3564 1676 ἀέρος,
3580 1604 3690 1659 τοῦ

2111 1708 2448 1776 πνεύματος
2474 1705 2581 1760 τοῦ
2606 1705 2723 1760 νῦν
2752 1704 3141 1775 ἐνεργοῦντος
3163 1704 3235 1757 ἐν
3257 1700 3382 1767 τοῖς
3402 1698 3554 1765 υἱοῖς
3576 1697 3691 1767 τῆς

2111 1799 2436 1865 ἀπειθείας·
2468 1800 2562 1854 καὶ
2579 1797 2656 1870 τῷ
2681 1799 2891 1871 Σωτῆρι
2902 1798 2981 1869 τῷ
3005 1796 3194 1870 Κυρίῳ
3227 1792 3686 1866 προσδράμωμεν,

2113 1894 2172 1957 ὃς
2188 1894 2283 1947 καὶ
2301 1893 2395 1947 νῦν
2415 1893 2509 1947 καὶ
2540 1894 2625 1947 ἀεὶ
2653 1891 2991 1965 προύτρεπεν
3010 1892 3091 1955 είς
3113 1886 3506 1959 σωτηρίαν,διά
3522 1883 3689 1957 τερά-

2113 2001 2221 2038 των
2252 1984 2344 2038 καὶ
2374 1984 2617 2055 σημείων
2640 1984 2698 2036 ὲν
2721 1982 2980 2052 Αἰγύπτῳ
3013 1980 3106 2034 καὶ
3138 1980 3199 2033 ὲν
3238 1980 3457 2051 ἐρήμῳ·
3496 1976 3588 2031 διά
3625 1992 3692 2029 τε

2111 2074 2211 2146 τῆς
2243 2072 2427 2145 βάτου,
2481 2073 2575 2126 καὶ
2609 2074 2706 2144 τῆς
2737 2070 3135 2142 ἀκολουθούσης
3168 2070 3352 2141 χάριτι
3382 2066 3692 2138 φιλανθρω-

2114 2165 2265 2229 πίας.
2311 2163 2642 2235 θεραπαίνης
2688 2162 2844 2234 δίκην
2883 2160 3154 2233 Ἑϐραίοις
3201 2159 3452 2229 νεφέλης.
3501 2155 3693 2227 Τούτῳ

2117 2256 2215 2328 μὲν
2246 2256 2313 2324 δὴ
2343 2254 2420 2321 τῷ
2453 2253 2601 2325 φόϐῳ
2631 2255 2759 2323 rei);
2802 2250 3259 2324 σκληροκαρδίους
3308 2247 3651 2321 προῦτρεπεν
3671 2261 3688 2278 ·

2114 2347 2212 2419 ἤδη
2233 2347 2290 2401 δὲ
2316 2346 2410 2400 καὶ
2424 2344 2512 2399 διὰ
2536 2344 2813 2408 Μωῦσέως
2832 2342 2925 2396 τοῦ
2953 2341 3249 2412 πανσόφου,
3285 2340 3379 2393 καὶ
3401 2337 3515 2392 τοῦ·
3531 2336 3693 2408 φιλαι-

2114 2435 2309 2511 λῆθούς
2353 2438 2604 2502 Ἡσαΐου,
2639 2437 2734 2491 καὶ
2763 2436 2961 2500 παντὸς
2992 2433 3088 2489 τοῦ
3116 2429 3457 2505 προφητικοῦ
3492 2427 3691 2501 χοροῦ,

2115 2530 2474 2603 λογικώτερον
2502 2531 2594 2583 ἐπὶ
2621 2529 2712 2583 τὸν
2741 2528 2910 2597 Λόγον
2954 2525 3268 2599 ἐπιστρέφει
3313 2523 3438 2587 τοὺς
3477 2520 3547 2574 τά
3572 2514 3694 2575 ὦτα

2115 2621 2509 2692 κεκτημένους·
2541 2620 2634 2673 καὶ
2676 2618 2786 2672 ἔσθ’
2814 2619 2922 2688 ὅπη
2954 2616 3052 2689 μὲν
3088 2614 3433 2685 λοιδορεῖται·
3463 2611 3611 2664 ἐστιν
3643 2607 3691 2661 δ’

2113 2708 2175 2770 οὗ
2204 2714 2296 2767 καὶ
2329 2710 2568 2767 ἀπειλεῖ·
2604 2712 2731 2774 τοὺς
2768 2710 2825 2764 δὲ
2865 2710 2959 2763 καὶ
2985 2708 3174 2780 θρηνεῖ
3212 2705 3320 2759 τῶν
3353 2699 3690 2775 ἀνθρώπων·

2113 2807 2228 2880 ᾄδει
2256 2806 2311 2860 δὲ
2346 2805 2546 2869 ἄλλοις,
2579 2802 2826 2875 καθάπερ
2871 2802 3054 2873 ἰατρὸς
3079 2799 3300 2869 ἀγαθὸς,
3336 2795 3443 2851 τῶν
3468 2792 3693 2849 νοσούν-

2112 2917 2221 2954 των
2251 2898 2518 2970 σωμάτων
2542 2897 2611 2951 τὰ
2642 2897 2741 2969 μὲν
2781 2894 3193 2958 καταπλάττων,
3227 2891 3297 2946 τά
3324 2892 3381 2946 δὲ
3405 2887 3698 2945 καταλεαί-

2114 3007 2239 3057 νων,
2270 2990 2338 3044 τά
2357 2991 2413 3044 δὲ
2437 2988 2771 3044 καταντλῶν·
2789 2987 2859 3041 τά
2884 2986 2941 3040 δὲ
2966 2985 3060 3040 καὶ
3087 2984 3290 3056 σιδήρῳ
3318 2980 3560 3055 διαιρῶν,
3579 2980 3697 3035 ἑπι-

2114 3086 2284 3140 καίων
2319 3083 2375 3137 δὲ
2409 3082 2564 3145 ἄλλα,
2600 3081 2717 3135 ἔστι
2744 3080 2789 3134 δ’
2820 3072 2882 3134 οὗ
2912 3080 3005 3134 καὶ
3045 3076 3351 3149 άποπρίων,
3372 3074 3560 3138 εῐπως
3580 3068 3695 3126 οἷόν

439 3164 593 3218 vitat.
624 3164 892 3219 Cmterum
934 3172 1287 3218 contumaces
1325 3161 1550 3233 quidem
1593 3172 1647 3218 et
1677 3163 1802 3218 duri
1834 3163 2014 3218 cordis

2115 3195 2174 3231 τε
2208 3176 2309 3231 κᾶν
2352 3174 2502 3249 παρά
2534 3174 2697 3247 μέρος
2723 3173 2757 3246 ἢ
2805 3173 2962 3244 μέλος
2995 3172 3086 3226 τὸν
3117 3169 3402 3242 ἄνθρωπον
3449 3167 3692 3236 ὑγιᾶναι.

438 3255 692 3312 homines
720 3264 865 3310 metu
883 3255 1138 3325 impellit;
1163 3255 1301 3310 alios
1332 3250 1480 3321 vero,
1503 3256 1595 3326 qui
1623 3256 1849 3311 auribus
1873 3270 2013 3325 prae-

440 3348 537 3401 diti
586 3356 735 3415 sunt,
761 3363 855 3418 per
883 3346 1104 3419 Moysen
1136 3348 1286 3401 illum
1324 3346 1603 3417 sapientia:
1630 3348 1813 3402 omnis
1843 3346 2015 3417 magi-

436 3447 637 3503 strum,
674 3455 770 3508 per
800 3438 994 3494 Isaiam
1037 3437 1282 3494 veritatis
1309 3439 1595 3503 cultorem,
1627 3449 1683 3493 et
1713 3454 1808 3509 per
1841 3447 2013 3494 totum

435 3532 817 3604 propheticum
870 3533 1099 3587 chorum
1151 3533 1326 3604 magis
1357 3532 1607 3588 rationali
1659 3532 1917 3588 methodo
1947 3533 2012 3588 ad

442 3624 712 3678 rationem
754 3639 852 3679 seu
884 3622 1125 3678 Verbum
1161 3626 1448 3680 convertit.
1482 3624 1792 3695 Aliquando
1820 3625 2010 3680 convi-

437 3718 533 3774 tiis
559 3717 769 3783 utitur;
798 3726 885 3772 est
912 3717 1006 3773 ubi
1036 3727 1089 3773 et
1133 3718 1331 3785 minis;
1374 3719 1475 3775 hos
1506 3718 1648 3773 idem
1677 3718 1859 3786 deﬂet,
1891 3719 2015 3774 illos

436 3818 606 3865 cantu
635 3808 907 3864 demulcet
936 3826 949 3862 :
978 3807 1145 3862 veluti
1187 3808 1407 3876 sapiens
1437 3809 1683 3865 medicus
1715 3809 1854 3866 alios
1889 3811 2015 3879 qui-

439 3900 563 3957 dem
586 3914 758 3970 aegros
774 3900 1277 3971 cataplasmatibus,
1301 3900 1440 3957 alios
1469 3902 1885 3972 purgationibus
1915 3919 2015 3957 cu-

436 4000 558 4055 rat;
581 3992 720 4047 alios
740 3992 995 4047 fomentis
1015 3992 1392 4058 emollit,alios
1413 3991 1558 4048 ferro
1587 3993 1858 4061 lancinat;
1889 4004 2017 4050 sunt

440 4083 607 4138 etiam
637 4098 777 4153 quos
806 4082 1009 4147 adurit,
1042 4092 1096 4137 et
1121 4084 1324 4154 quibus
1355 4070 1715 4140 resectionem
1755 4086 1977 4141 adhth
1997 4127 2012 4152 ,

439 4176 489 4231 si
519 4192 626 4247 qua
655 4176 864 4232 ratione
884 4176 1108 4230 humani
1131 4177 1376 4248 corporis
1398 4174 1561 4233 alicui
1586 4179 1725 4249 parti
1746 4180 1831 4235 vel
1847 4196 2017 4236 mem-

441 4266 543 4322 bro
592 4268 799 4323 sanitas
840 4268 1055 4324 restitui
1108 4270 1526 4338 possit;-varias
1573 4271 1719 4326 enim
1768 4272 2017 4327 Salvator

417 4368 628 4415 .noster
656 4375 819 4415 voces
860 4361 1102 4426 adhibet,
1153 4368 1209 4415 et
1250 4360 1434 4416 varias
1477 4362 1760 4431 experitur
1788 4363 1926 4429 vias,
1955 4372 2018 4418 ut

440 4448 693 4505 homines
718 4452 783 4505 ad
806 4451 1035 4506 salutem
1065 4453 1345 4521 perducat.
1380 4451 1515 4507 Dum
1541 4455 1803 4522 minatur,
1826 4455 2016 4510 admo-

2118 3267 2437 3338 Πολύφωνός
2449 3284 2512 3337 γε
2541 3269 2570 3321 6
2596 3266 2788 3338 Σωτὴρ
2814 3266 2907 3318 καὶ
2928 3262 3265 3334 πολύτροπος
3288 3260 3367 3323 εἰς
3385 3255 3699 3332 ἀνθρώπων

2120 3359 2423 3432 σωτηρίαν·
2481 3356 2719 3412 ἀπειλῶν
2770 3355 3042 3410 νουθετεῖ·
3107 3351 3510 3423 λοιδορούμενος
3572 3350 3699 3402 ἐπιο

2119 3452 2367 3523 στρέφει·
2395 3448 2609 3523 θρηνῶν
2649 3449 2816 3502 ἐλεεῖ·
2851 3445 3068 3517 ψάλλων
3117 3443 3447 3514 παρακαλεῖ·
3481 3439 3572 3495 διά
3598 3438 3701 3511 βά-

2114 3562 2209 3598 του
2243 3542 2409 3596 λαλεῖ·
2445 3543 2526 3595 ὅτι
2564 3540 2806 3611 σημείων
2836 3540 3032 3593 ἐκεῖνοι
3059 3536 3153 3591 καὶ
3172 3536 3413 3609 τεράτων
3441 3532 3699 3606 ἔχρῃζον.

2117 3638 2227 3691 Καὶ
2246 3634 2325 3707 τῷ
2357 3634 2492 3705 πυρὶ
2521 3632 2814 3687 δεδίττεται
2839 3630 2964 3694 τοὺς
2986 3627 3325 3701 ἀνθρώπους,
3353 3626 3611 3681 ἀνάπτων
3631 3627 3701 3683 ἐκ

2116 3728 2294 3790 κίονος
2322 3724 2421 3796 τὴν
2462 3722 2654 3794 φλόγα,
2697 3721 2898 3793 δεῖγμα
2940 3719 3078 3792 ὁμοῦ
3105 3720 3327 3792 χάριτος
3362 3718 3459 3775 καὶ
3495 3715 3659 3786 φόϐου
3679 3734 3697 3749 ·

2116 3819 2212 3873 ἐὰν
2254 3815 2591 3889 ὑπακούσῃς,
2635 3814 2699 3867 τὸ
2730 3812 2871 3883 φῶς·
2904 3810 3000 3866 ἐὰν
3046 3808 3420 3885 παρεικούσης.
3460 3806 3521 3861 τὸ
3558 3805 3694 3878 πῦρ.

2130 3910 2347 3981 Ἐπειδὴ
2378 3908 2437 3962 δὲ
2470 3908 2563 3962 καὶ
2599 3907 2774 3969 κίονος
2806 3904 2901 3959 καὶ
2925 3902 3088 3975 βάτου
3126 3904 3160 3974 ἡ
3195 3898 3333 3974 σὰρξ
3371 3898 3694 3972 τιμιωτέρα,

2118 4001 2391 4075 προφῆται
2432 4001 2548 4072 μετ’
2573 3999 2754 4052 ἐκεῖνα
2783 3996 3132 4067 φθέγγονται.
3174 3993 3349 4058 Αὐτὸς
3390 3992 3451 4046 ἐν
3492 3992 3700 4062 Ἡσαΐᾳ

2115 4097 2145 4149 6
2170 4092 2372 4165 Κύριος
2403 4090 2599 4145 λαλῶν·
2626 4088 2789 4153 αὐτὸς
2814 4091 2874 4142 ὲν
2919 4086 3096 4158 Ἠλίᾳ·
3138 4085 3197 4139 ὲν
3218 4085 3445 4156 στόματι
3478 4100 3698 4155 προφη-

2116 4184 2227 4238 τῶν
2263 4183 2444 4248 αὐτός.
2483 4183 2555 4237 Σὺ
2585 4182 2645 4236 δὲ
2676 4180 2789 4235 ἀλλ’
2818 4181 2867 4234 εί
2907 4179 3211 4252 προφήταις
3259 4176 3335 4248 μὴ
3382 4174 3698 4237 πιστεύεις,

2120 4276 2286 4349 μῦθον
2311 4276 2369 4330 δὲ
2390 4273 2812 4347 ὑπολαμϐάνεις,
2840 4273 2934 4326 καὶ
2964 4270 3090 4334 τοὺς
3121 4268 3341 4340 ἀνδρας,
3366 4265 3460 4321 καὶ
3482 4265 3543 4319 τὸ
3562 4264 3721 4334 πῦρ··
3736 4302 3741 4351 ε

2117 4368 2277 4432 αύτός
2321 4385 2403 4421 σοι
2452 4366 2675 4438 λαλήσει
2709 4367 2739 4419 6
2773 4363 3009 4437 Κύριος,
3071 4360 3143 4428 ὃς
3183 4359 3253 4413 ἑν
3297 4353 3503 4429 μορφῇ
3550 4355 3702 4410 Θεοῦ
3744 4406 3755 4427 κ

2116 4456 2404 4526 ὑπάρχων
2444 4458 2557 4527 οὐχ
2595 4454 2908 4525 ἁρπαγμὸν
2961 4450 3235 4523 ᾐτήσατο
3280 4448 3347 4502 τὸ
3394 4443 3548 4501 εῖναι
3592 4441 3704 4499 ἶσα
3768 4502 3771 4513 ,

436 4550 562 4605 net;
589 4541 719 4597 dum
755 4542 1103 4609 convitiatur,
1143 4544 1432 4608 emendat;
1462 4544 1593 4599 dum
1626 4545 1793 4618 luget,
1843 4547 2011 4603 mise-

2119 4548 2261 4616 Θεῷ·
2288 4548 2547 4603 ἐκένωσεν
2558 4546 2628 4601 δὲ
2654 4544 2911 4601 ἐαυτὸνό
2929 4542 3318 4614 φιλοικτίρμων
3347 4539 3501 4604 Θεὸς,
3528 4537 3705 4593 σῶσαι
3776 4528 3783 4555 ³

434 4640 622 4699 retur;
652 4630 781 4687 dum
804 4642 1006 4700 cantat,
1034 4635 1318 4702 hortatur;
1355 4634 1410 4689 in
1443 4635 1585 4689 rubo
1620 4636 1785 4691 etiam
1832 4638 2010 4706 loqui-

439 4733 551 4791 tur,
584 4723 733 4794 quod
769 4722 845 4777 illi
879 4724 1051 4795 signis
1092 4733 1145 4779 et
1188 4711 1455 4796 prodigiis
1499 4725 1841 4800 indigerent:
1866 4728 2010 4784 Ideni

438 4831 538 4872 eos
583 4814 1147 4888 igneperterrefacit,
1192 4815 1467 4871 flammam
1501 4834 1534 4872 e
1581 4818 1836 4875 columna
1886 4835 2011 4875 sus-

441 4922 694 4978 pensam,
725 4906 951 4962 terroris
974 4907 1138 4962 simul
1163 4917 1217 4962 et
1243 4908 1430 4978 gratiae
1460 4909 1701 4978 signum,
1726 4910 2012 4979 exhibens;

437 4998 730 5069 morigeris
773 4997 994 5068 quidem
1040 4998 1236 5062 lucem,
1274 4999 1367 5053 sed
1416 5000 1781 5071 immorigeris
1811 5003 2013 5073 ignem.

439 5087 634 5147 Postea
663 5091 812 5160 quod
838 5107 1039 5161 corpus
1072 5092 1370 5146 humanum
1397 5092 1653 5146 columna
1675 5102 1727 5148 et
1755 5095 1892 5150 rubo
1917 5111 2017 5151 no-

441 5181 606 5238 bilius
635 5192 800 5249 esset,
848 5184 1124 5255 prophetis
1168 5200 1301 5239 usus
1349 5192 1474 5251 est;
1509 5184 1626 5255 ipse
1658 5185 1925 5244 Dominus
1959 5190 2014 5245 in

440 5269 579 5327 Isaia
610 5271 871 5342 loquitur,
905 5275 1019 5345 ipse
1063 5276 1117 5330 in
1162 5274 1300 5340 Elia,
1333 5275 1449 5345 ipse
1490 5277 1544 5330 in
1588 5291 1701 5333 ore'
1726 5280 2014 5350 propheta-

2117 4642 2209 4696 τὸν
2242 4639 2529 4712 ἄνθρωπον
2558 4637 2893 4709 γλιχόμενος.
2936 4635 3047 4690 Καὶ
3089 4634 3255 4698 αὐτὸς
3287 4634 3387 4705 ἤδη
3419 4649 3501 4686 σοι
3542 4634 3703 4704 ὲναρ-
3772 4700 3788 4717 ⁸

2117 4733 2230 4803 γῶς
2281 4733 2310 4785 6
2352 4733 2525 4801 Λόγος
2564 4730 2749 4792 λαλεῖ,
2800 4727 3067 4784 δυσωπῶν
3114 4726 3212 4798 τὴν
3249 4724 3539 4780 ἀπιστίαν·
3586 4723 3701 4786 ναὶ,

2120 4827 2282 4899 φημὶ,
2316 4826 2345 4878 6
2377 4825 2549 4893 Λόγος
2571 4826 2600 4877 6
2622 4822 2718 4876 τοῦ
2751 4821 2910 4885 Θεοῦ,
2936 4821 3222 4894 ἄνθρωπος
3245 4817 3569 4888 γενόμενος·
3613 4817 3704 4872 ἱνα

2120 4920 2183 4992 δὴ
2216 4919 2309 4974 καὶ
2352 4918 2415 4971 σὺ
2450 4916 2600 4989 παρά
2632 4914 2918 4989 ἀνθρώπου
2954 4913 3153 4986 μάθῃς,
3196 4912 3275 4983 πῆ
3306 4928 3437 4964 ποτε
3467 4909 3576 4982 ἀρα
3613 4910 3705 4964 ἄν·

2122 5012 2339 5084 θρωπος
2364 5010 2588 5081 γένηται
2621 5007 2773 5072 Θεός.
2809 5002 2924 5061 Εἶτ’
2948 5005 3047 5060 οὐκ
3075 5005 3296 5067 ἄτοπον,
3316 4996 3374 5056 ’ὧ
3402 5002 3566 5073 φίλοι,
3606 5000 3706 5089 τὸν

2125 5105 2223 5175 μὲν
2256 5103 2388 5157 Θεὸν
2428 5102 2515 5156 ἀεὶ
2562 5100 2890 5173 προτρέπειν
2911 5100 3059 5171 ἡμᾶς
3087 5099 3175 5151 ἐπ’
3207 5095 3430 5169 ἀρετὴν,
3462 5095 3609 5167 ἡμᾶς
3646 5092 3705 5146 δὲ

2121 5192 2445 5248 ἀναδύεσθαι
2482 5192 2579 5262 τὴν
2601 5190 2890 5261 ὠφέλειαν,
2924 5190 3017 5243 καὶ
3044 5186 3437 5244 ἀναϐάλλεσθαι
3468 5184 3565 5258 τὴν
3600 5202 3706 5238 σω-

2118 5286 2346 5357 τηρίανς
2382 5285 2452 5337 Ἦ
2481 5284 2588 5357 γὰρ
2628 5285 2750 5355 οὐχὶ
2780 5282 2874 5337 καὶ
2904 5281 3153 5352 Ἰωάννης
3175 5281 3269 5334 ἐπὶ
3297 5277 3566 5351 σωτηρίαν
3596 5293 3706 5335 ποι-

530 5457 589 5515 ῇς
622 5448 684 5504 Ρ.
719 5449 753 5503 8
784 5445 889 5502 ΕΙ).
926 5446 1221 5513 POTTER,
1259 5452 1289 5504 7
1322 5451 1688 5509 ED..PAR|S.
1769 5457 1812 5491 ¹²
1850 5454 2051 5527 Ephes.
2098 5469 2160 5519 tt,
2192 5454 2250 5511 2.

442 5637 562 5704 Qua
582 5636 650 5691 de
678 5652 739 5692 re
768 5646 823 5690 et
856 5633 1042 5705 Livius
1067 5635 1160 5688 lib.
1196 5650 1235 5699 ι,
1258 5646 1307 5691 οι
1326 5634 1518 5692 Petrus
1549 5638 1844 5705 Victorius,
1892 5640 2013 5695 Var.

439 5703 591 5771 ιέριη
627 5708 720 5761 lib.
740 5723 815 5769 tv,
847 5721 966 5774 cap.
1003 5703 1089 5758 18.
1120 5704 1385 5774 Summo.

517 5778 631 5845 (87)
678 5775 903 5840 Αὐτοῑς.
919 5773 1146 5838 A5106;
1178 5773 1312 5831 Nov.
1936 5810 1939 5813 λ

517 5844 634 5919 (88)
674 5844 757 5905 Οὔ
792 5846 868 5915 δὴ
904 5865 960 5917 χ.
997 5846 1120 5900 "mc
1171 5846 1249 5902 sic
1304 5848 1578 5922 distirguc
1617 5870 1626 5904 :
1660 5847 1718 5905 οὗ
1755 5851 1815 5923 δὴ
1857 5853 2014 5924 χάριν

2127 5646 2229 5712 (είς
2267 5642 2374 5714 γὰρ
2402 5644 2430 5696 6
2461 5642 2737 5715 ἀπατεὼν)
2780 5640 2983 5696 ἄνωθεν
3007 5683 3021 5705 ,
3073 5649 3200 5703 ctc.,
3231 5638 3376 5709 quod
3420 5638 3470 5691 in
3512 5613 3703 5694 Latina

2129 5715 2376 5768 versione
2408 5714 2799 5781 expressimus.

2198 5784 2310 5854 (89)
2353 5778 2781 5853 Προὸνμηνύων.
2815 5779 3151 5854 Προμηνύων
3189 5778 3319 5838 Nov.
