3944 6340
390 5645 391 5648 η
489 5630 853 5702 gendntnsit,
882 5631 1031 5702 Λὴμξν
1071 5630 1127 5702 δὲ
1171 5630 1270 5702 οὐχ
1306 5631 1369 5684 in

521 385 622 441 145

1659 381 1836 438 (ΖΒΕλί
1847 382 1930 436 EN
1939 382 2046 437 TIS
2084 379 2548 436 ALEXANDRINI

3645 389 3742 442 lu

520 506 718 575 quippe
747 503 1076 559 Mercurium
1103 503 1262 571 quasi
1293 502 1474 568 deum,
1496 503 1636 557 sicut
1661 505 1823 558 etiam
1848 505 2067 575 Aguiea,

2175 502 2423 556 κυνοῦσιν
2463 504 2537 566 ὡς
2583 502 2724 567 θεὸν,
2778 503 2870 556 καὶ
2924 503 3016 557 τὸν
3052 505 3270 574 Ἀγυιέα
3305 504 3437 576 (41),
3495 508 3742 577 θυρωρὸν

521 613 614 651 seu
663 597 760 650 viae
806 599 1112 666 praesidem,
1141 606 1196 652 et
1225 595 1386 651 simul
1415 610 1522 664 prae
1558 594 1768 650 foribus
1809 606 2072 651 statuunt.

516 685 650 742 Nam
701 689 749 743 si
785 704 901 754 eos,
938 690 1084 758 quod
1115 704 1278 744 sensu
1331 698 1574 753 careant,
1624 685 2077 742 allicinntcontu-

515 781 698 846 melia,
753 796 853 836 cur
906 783 1135 835 adorant
1185 791 1241 835 ιιι
1267 781 1436 838 deos?
1491 779 1648 846 Quod
1686 781 1732 834 si
1765 781 2078 835 existimant

513 888 609 929 eos
636 888 758 929 esse
787 889 982 928 sensus
1012 875 1304 944 participes
1324 914 1338 936 ,
1363 889 1464 928 cur
1493 887 1604 935 prae
1635 870 1843 926 foribus
1873 873 2077 927 consti-

514 967 711 1020 tuunt?
762 965 995 1020 Romani
1040 976 1244 1026 autem.
1276 981 1402 1021 cum
1447 961 1813 1034 'inceptorum
1851 981 2074 1020 suorum

515 1059 875 1113 maximorum
898 1058 1203 1114 felicitatem
1220 1057 1473 1114 Fortuna:
1487 1065 1766 1126 acceptam
1787 1056 2074 1127 referrent,

515 1156 570 1201 et
620 1149 1058 1218 potentissimam
1123 1149 1278 1204 deam
1329 1163 1453 1203 esse
1506 1147 1900 1212 existimarent,
1955 1164 2075 1202 eam

519 1237 640 1300 >I<in
670 1239 863 1292 latrina
882 1247 1208 1304 statuerunt,
1222 1238 1762 1316 cloacam'ipsi’,haud
1797 1237 2076 1308 indignum

513 1328 736 1382 numine
785 1330 1066 1398 templum,
1117 1337 1520 1385 consecrantes.
1551 1329 1619 1382 At
1646 1341 1773 1382 vero
1802 1327 1989 1396 lapidi,
2023 1337 2078 1383 et

511 1419 658 1490 ligno
703 1430 756 1475 et
783 1421 934 1476 diviti
973 1436 1108 1477 auro
1134 1436 1323 1491 parum
1347 1429 1430 1476 est
1459 1435 1623 1486 curre,
1645 1433 1740 1474 seu
1770 1419 1946 1482 nidor,
1979 1434 2074 1474 seu

510 1512 755 1581 sanguis,
787 1527 880 1566 seu
913 1512 1118 1577 fumus,
1157 1528 1266 1582 quo
1291 1511 1418 1567 dum
1463 1511 1689 1566 honoris
1715 1527 1879 1566 causa
1913 1510 2076 1567 fumi-

510 1611 730 1671 gantur,
773 1602 1052 1674 fuliginem
1080 1604 1448 1670 contrahunt;
1477 1603 1590 1658 imo
1624 1619 1723 1658 nec
1753 1603 1945 1669 honor,
1979 1619 2077 1660 nec

509 1696 861 1750 contumelia.
892 1695 1030 1751 Sunt
1059 1706 1238 1751 autem
1264 1696 1534 1766 ejusmodi
1560 1696 1849 1752 simulacra
1879 1697 2076 1767 quovis

509 1785 731 1842 animali
765 1789 977 1842 viliora.
1013 1787 1078 1842 Et
1097 1804 1206 1857 quo
1236 1789 1418 1856 modo,
1451 1803 1576 1844 cum
1629 1803 1790 1844 sensu
1833 1798 2074 1854 careant,

2179 593 2440 658 ἰστάντες.
2470 594 2531 647 Et
2564 594 2671 668 γὰρ
2699 593 2773 658 ὼς
2796 594 3149 666 ἀναισθήτους
3179 597 3479 668 ὑϐρίζουσι,
3505 598 3560 651 τί
3583 615 3744 672 προσ·

2175 687 2424 742 κυνοῦσιν
2468 687 2543 752 ὡς
2598 686 2784 752 θεούς;
2821 688 2869 739 εἰ
2901 687 2955 740 δὲ
2993 687 3295 760 αἰσθήσεως
3340 691 3534 754 αὐτοὺς
3591 691 3743 761 μετέ»

2175 797 2289 850 χειν
2346 779 2583 843 οἴονται,
2628 779 2678 832 τί
2739 779 2956 842 τούτους
3014 779 3122 851 (42)
3185 783 3360 834 ἱστᾶσι
3428 781 3743 854 θυρωρούςς

2189 869 2442 941 Ῥωμαῖοι
2509 870 2566 922 δὲ
2637 869 2706 922 τὰ
2780 871 3010 940 μέγιστα
3085 870 3484 943 κατορθώματα
3523 877 3588 944 τῇ
3654 871 3744 928 τύ-

2177 978 2245 1034 χῃ
2307 961 2648 1026 ἀνατιθέντες
2679 1002 2694 1027 ,
2760 963 2853 1016 καὶ
2915 961 3117 1034 ταύτην
3187 963 3447 1034 μεγίστην
3511 965 3746 1036 οἰόμενοι

2178 1054 2332 1120 Θεὸν,
2393 1054 2649 1126 φέροντες
2706 1056 2785 1118 εἰς
2850 1053 2940 1107 τὸν
3002 1054 3257 1126 κοπρῶνα
3323 1055 3592 1126 ἀνέθηκαν
3647 1057 3745 1110 αὖ·

2179 1145 2305 1217 τὴν,
2345 1145 2492 1210 ἀξιον
2534 1145 2667 1199 νεὼν
2707 1145 2795 1198 τὸν
2841 1145 3126 1219 ἀφεδρῶνα
3169 1145 3450 1216 νείμαντες
3511 1151 3578 1220 τῇ
3616 1147 3742 1220 θεῷ.

2190 1237 2348 1292 Ἀλλά
2381 1238 2486 1310 γὰρ
2537 1236 2843 1309 ἀναισθήτῳ
2879 1237 3031 1309 λίθῳ,
3066 1238 3160 1291 καὶ
3194 1237 3361 1309 ξύλῳ,
3410 1239 3502 1291 καὶ
3541 1226 3746 1312 χρυσίῳ

2176 1329 2448 1400 πλουσίῳ,
2493 1328 2604 1382 οὗθ’
2645 1329 2819 1381 ὁτιοῦν
2865 1329 3034 1400 μέλει,
3075 1331 3136 1382 ού
3180 1330 3401 1401 κνίσσης
3456 1330 3585 1402 (45),
3648 1332 3744 1402 οὐχ

2175 1420 2422 1491 αἵματος,
2461 1421 2522 1473 ού
2563 1420 2794 1488 καπνοῦ,
2920 1420 2984 1492 δὴ
3022 1420 3316 1492 τιμώμενοι
3372 1422 3464 1476 καὶ
3507 1422 3744 1493 τυφόμε-

2175 1527 2285 1573 νοι,
2345 1508 2767 1581 ἐκμελαίνονται·
2806 1509 2918 1563 ἀλλ’
2963 1509 3081 1563 οὐδὲ
3118 1512 3316 1581 τιμῆς,
3370 1513 3468 1582 οὐχ
3513 1511 3741 1582 ὕϐρεως·

2174 1601 2242 1656 τὰ
2272 1601 2328 1654 δὲ
2361 1601 2454 1655 καὶ
2498 1602 2696 1666 παντός
2729 1603 2874 1656 ἐστιν
2915 1603 3207 1674 ἀτιμότερα
3251 1601 3418 1680 ζῴου,
3455 1603 3523 1656 τὰ
3577 1603 3747 1673 ἀγάλ-

2179 1710 2340 1764 ματα.
2381 1694 2491 1748 Καὶ
2520 1696 2667 1760 ὅπως
2708 1711 2771 1763 γε
2812 1693 3114 1748 τεθείασται
3160 1681 3228 1748 τὰ
3266 1694 3582 1765 ἀναίσθητα,
3612 1697 3747 1750 ἀπο-

2179 1790 2289 1857 ρεῖν
2321 1787 2496 1841 ἔπεισί
2528 1806 2637 1860 μοι,
2663 1789 2757 1842 καὶ
2795 1788 3063 1842 κατελεεῖν
3093 1791 3215 1853 τοὺς
3243 1789 3620 1860 πλανωμένους
3644 1791 3746 1862 τῆς

509 1879 711 1936 divinis
747 1879 886 1934 allici
924 1881 1222 1936 honoribus
1247 1880 1530 1950 ceperint,
1560 1894 1701 1948 saepe
1732 1879 1920 1933 mirari
1947 1881 2067 1935 sub-

2176 1880 2380 1943 ἀνοίας,
2409 1880 2483 1944 ὼς
2510 1879 2791 1944 δειλαίους·
2829 1882 2876 1933 εἰ
2903 1881 3011 1950 γὰρ
3041 1881 3135 1934 καί
3159 1898 3282 1935 τινα
3309 1882 3414 1935 τῶν
3443 1881 3594 1948 ζώων
3623 1884 3747 1953 οὐχὶ

508 1972 568 2037 it,
608 1986 929 2040 eorumque,
963 1972 1054 2042 qui
1086 1972 1140 2026 in
1184 1973 1327 2026 hunc
1365 1986 1603 2026 errorem
1637 1969 1958 2032 inciderint,
1991 1979 2076 2025 nt-

507 2071 632 2132 pote
679 2079 894 2118 summe
945 2063 1263 2128 infelicium,
1319 2063 1571 2117 amentiae
1620 2061 1888 2120 misereri.
1939 2060 2072 2117 Nam

506 2154 551 2208 si
580 2153 828 2223 quaedam
863 2155 1120 2208 animalia
1153 2171 1258 2208 non
1310 2154 1510 2208 habent
1548 2170 1736 2210 omnes
1763 2170 1978 2219 sensus,
2016 2163 2076 2209 nt

510 2262 717 2301 vermes
747 2255 797 2301 et
830 2261 1029 2311 crucze,
1061 2261 1289 2316 quaeque
1326 2254 1536 2300 natura:
1561 2260 1674 2300 sua:
1700 2245 2008 2300 conditione
2041 2262 2071 2301 a

508 2339 684 2408 primo
726 2347 850 2401 ortu
897 2337 1211 2407 imperfecta
1262 2349 1411 2404 sunt,
1459 2338 1607 2393 velut
1651 2340 1841 2409 talpae,
1871 2348 1923 2394 et
1952 2357 2073 2397 mus

505 2446 762 2497 araneus,
799 2445 957 2501 quem
987 2429 1253 2485 Nicander
1284 2439 1443 2485 vocat
1483 2447 1794 2501 mecumque,
1828 2432 2072 2484 surdum-

503 2542 624 2596 que,
653 2533 835 2580 tamen
865 2523 948 2579 his
998 2523 1169 2594 signis
1203 2530 1257 2580 et
1290 2523 1622 2590 simulacris,
1651 2539 1772 2594 quae
1816 2533 1941 2579 sunt
1980 2541 2073 2594 pe-

504 2619 652 2673 nitus
685 2617 901 2687 stupida
923 2658 938 2683 ,
971 2617 1200 2670 multum
1246 2625 1505 2686 praestant
1533 2635 1545 2670 :
1573 2616 1772 2686 quippe
1800 2632 1921 2671 cum
1963 2633 2070 2672 uno

505 2711 694 2766 saltem
729 2725 891 2764 sensu
930 2709 1151 2780 przedita
1199 2709 1344 2774 sint,
1389 2709 1575 2762 auditu
1624 2708 1849 2775 scilicet,
1875 2709 1958 2764 vel
1988 2719 2062 2764 ta-

503 2813 616 2866 ctu,
643 2802 726 2856 vel
755 2803 849 2872 qui
880 2801 1155 2865 odoratui,
1189 2811 1281 2854 aut
1317 2801 1496 2870 gustui
1531 2801 1873 2870 respondeat,
1901 2803 2072 2855 simu-

501 2896 649 2950 lacra
676 2910 805 2949 vero
842 2894 990 2948 omni
1026 2909 1249 2964 prorsus
1296 2893 1640 2963 perceptione
1683 2893 2063 2948 dcstituantur.

504 2987 644 3042 Sunt
683 2996 865 3040 autem
909 2986 1079 3040 multa
1129 2983 1406 3049 animalia,
1442 3000 1565 3054 quae
1610 3001 1709 3040 nec
1749 2986 1926 3040 visum
1973 2987 2070 3040 ha-

501 3079 665 3141 bent,
727 3092 826 3132 nec
873 3077 1154 3142 auditum,
1205 3091 1305 3130 nec
1345 3091 1558 3143 vocem,
1617 3075 1924 3146 cuiusmodi
1983 3087 2068 3132 est

2173 1972 2350 2036 πάσας
2383 1971 2492 2044 ἔχει
2524 1973 2622 2036 τὰς
2650 1972 3165 2046 αἰσθήσεις,’ὣσπερ
3196 1974 3348 2028 εὐλαὶ
3379 1976 3472 2028 καὶ
3504 1976 3745 2046 κάμπαι,

2173 2063 2266 2116 καὶ
2313 2063 2412 2116 ὅσα
2456 2063 2544 2116 διὰ
2588 2063 2688 2133 τῆς
2732 2063 2954 2136 πρώτης
2995 2065 3258 2132 γενέσεως
3287 2065 3446 2129 εὐθὺς
3487 2067 3747 2138 ἀνάπηρα

2172 2151 2436 2222 φαίνεται,
2467 2153 2715 2226 καθάπερ
2736 2154 2783 2207 οἱ
2850 2154 3124 2218 σπάλακες
3143 2155 3272 2227 (44),
3305 2156 3398 2210 καὶ
3438 2159 3470 2227 ἡ
3500 2158 3744 2228 μυγάλη.

2170 2244 2238 2314 ῆν
2283 2262 2446 2316 φησιν
2497 2246 2525 2297 6
2571 2245 2870 2316 Νίκανδρος
2914 2245 3157 2315 τυφλήν
3207 2263 3269 2299 τε
3317 2245 3622 2315 σμερδνήν
3659 2263 3747 2300 τε·

2171 2336 2307 2390 ἀλλά
2345 2353 2406 2405 γε
2435 2337 2686 2407 ἀμείνους
2728 2337 2832 2390 εἰσί
2866 2337 2972 2390 τῶν
3013 2337 3212 2403 ξοάνων
3256 2337 3458 2391 τούτων
3501 2339 3592 2392 καὶ
3636 2339 3748 2391 τῶν

2171 2426 2518 2498 ἀγαλμάτων,
2535 2427 2714 2480 τέλεον
2735 2427 2902 2480 ὄντων
2921 2428 3136 2497 κωφῶν·
3162 2427 3340 2498 έχουσι
3361 2429 3468 2501 γὰρ
3492 2429 3752 2500 αἴσθησιν

2174 2516 2299 2588 μίαν
2327 2517 2391 2585 γέ
2418 2534 2559 2579 τινα,
2584 2517 2713 2589 φέρε
2741 2520 2910 2571 εἰπεῖν
2935 2519 3284 2591 ἀκουστικὴν,
3309 2518 3340 2592 ἢ
3363 2519 3590 2591 ἀπτικὴν
3608 2520 3747 2594 (45),

2169 2607 2202 2679 ἢ
2232 2606 2329 2678 τὴν
2357 2606 2720 2676 ἀναλογοῦσαν
2763 2612 2830 2680 τῇ
2860 2610 3142 2681 ὀσφρήσει,
3174 2609 3209 2681 ἧ
3247 2613 3312 2681 τῇ
3347 2609 3548 2680 γεύσει·
3579 2611 3649 2664 τὰ
3687 2611 3750 2666 δὲ

2169 2698 2286 2752 οὐδὲ
2321 2700 2446 2770 μιᾶς
2473 2698 2772 2769 αἰσθήσεως
2805 2699 3014 2770 μετέχει
3043 2700 3109 2754 τὰ
3140 2700 3441 2771 ἀγάλματα.
3476 2700 3656 2754 Πολλά
3683 2701 3749 2756 δέ

2169 2787 2284 2840 ἐστι
2314 2787 2420 2840 τῶν
2464 2786 2636 2852 ζώων,
2687 2789 2786 2841 ὃσα
2831 2787 2951 2840 οὐδὲ
2995 2787 3184 2859 ὅρασιν
3231 2787 3368 2858 ἔχει,
3399 2786 3521 2840 οὕτε
3547 2788 3746 2857 ἀκοὴν,

2166 2879 2289 2934 οὕτε
2318 2880 2420 2952 μὴν
2449 2880 2649 2952 φωνὴν,
2671 2875 2780 2934 οἷον
2810 2881 2903 2934 καὶ
2931 2879 2990 2932 τὸ
3020 2879 3127 2933 τῶν
3154 2879 3389 2952 ὀστρέων
3410 2881 3582 2948 γένος,
3605 2880 3748 2932 ἀλλὰ

2170 2971 2235 3043 ζῇ
2255 2989 2316 3042 γε
2346 2971 2475 3043 (46),
2505 2973 2596 3025 καὶ
2623 2971 2863 3036 αὔξεται,
2893 2972 3028 3044 πρὸς
3055 2971 3111 3024 δὲ
3141 2972 3234 3025 κα)⁵
3271 2973 3337 3042 τῇ
3372 2971 3564 3042 σελήνῃ
3600 2987 3744 3042 συμο-

2170 3064 2385 3134 πάσχει.
2417 3063 2495 3116 Τὰ
2527 3063 2581 3116 δὲ
2610 3063 2896 3134 ἀγάλματα
2924 3062 3088 3134 ἀργὰ,
3119 3062 3393 3134 ἄπρακτα,
3417 3060 3743 3131 ἀναίσθητα,

499 3181 807 3226 ostreorum
854 3185 1060 3240 genus;
1111 3169 1301 3222 vivunt
1357 3177 1558 3234 tamen,
1593 3176 1646 3224 et
1697 3177 1981 3240 augentur,
2014 3178 2067 3224 et

2169 3153 2494 3226 προσδεῖται,
2525 3153 2617 3206 καὶ
2647 3151 3135 3224 προσκαθηλοῦται,
3167 3152 3260 3205 καὶ
3285 3153 3702 3224 προσπήγνυται
3724 3191 3745 3217 ,

500 3272 757 3332 praeterea
800 3277 905 3317 una
937 3277 1059 3315 cum
1096 3260 1222 3314 luna
1253 3259 1579 3315 adiciuntur.
1621 3258 1923 3315 Simulacra
1968 3276 2066 3315 au-

499 3365 607 3408 tem
658 3354 793 3407 nihil
847 3367 1077 3422 prorsus
1126 3361 1323 3424 agunt,
1374 3351 1510 3405 nihil
1563 3351 1888 3418 moliuntur,
1933 3352 2065 3407 nihil

499 3447 777 3512 sentiunt;
815 3446 907 3501 sed
942 3445 1269 3516 alligantur,
1304 3442 1372 3499 ἐι
1415 3443 1584 3499 clavis
1631 3453 1960 3514 panguntur,
2013 3455 2066 3500 et

498 3535 808 3605 adiguntur,
851 3546 906 3591 et
949 3539 1274 3604 conﬂantur,
1325 3537 1603 3602 limantur,
1647 3547 1919 3602 secantur,
1954 3538 2062 3592 cir-

497 3627 915 3696 cumraduntur,
950 3630 1231 3684 celantur.
1283 3630 1358 3684 Ac
1411 3629 1679 3699 stnpidam
1727 3643 1858 3683 sane
1885 3630 2065 3683 insen-

498 3718 761 3790 silemque
793 3729 991 3775 terram
1019 3722 1344 3776 dedecorant
1372 3720 1642 3790 statuarii,
1675 3722 1802 3776 dum
1837 3722 2064 3778 artiﬁcio

499 3816 874 3867 suo'naturam
905 3813 1026 3883 ejus
1068 3813 1381 3877 immolant,
1416 3814 1572 3884 eique
1598 3814 1810 3870 divinos
1835 3823 2064 3871 honores

497 3903 791 3958 conciliant
837 3922 850 3957 :
887 3920 1026 3974 quos
1070 3919 1188 3957 mea
1221 3904 1437 3973 quidem
1485 3906 1749 3960 sententia
1787 3922 1890 3961 non
1937 3907 2063 3974 diis,

570 4025 628 4082 ὦ
658 4018 718 4072 Ρ.
740 4020 809 4073 45
837 4017 945 4073 EI).
978 4017 1275 4085 POTTER,
1303 4017 1371 4072 54
1403 4017 1510 4072 ΕΙ).
1546 4017 1767 4076 PARIS.

571 4110 681 4178 (41)
705 4110 948 4178 Ἀγυιέα.
985 4110 1183 4178 ’Λγλέα
1212 4109 1644 4176 Nov.,tr.endose.

568 4181 681 4250 (49.)
716 4183 986 4248 Τούτους.
1016 4180 1235 4244 Τούτοις
1266 4179 1434 4245 Flor.,
1457 4181 1780 4250 Sylb.,quod
1813 4179 2064 4239 lleinsius

499 4241 727 4308 mulavit
754 4252 806 4304 in
836 4241 1073 4314 τούτους·
1107 4241 1265 4320 idque
1289 4241 1477 4320 tirmat
1499 4241 1634 4305 Nov.

565 4321 676 4394 (4⁵5)
712 4320 912 4395 Μέλςι,
948 4326 1019 4375 οὺ
1049 4339 1140 4374 κν.
1169 4319 1383 4374 Μέλλει·
1409 4321 1468 4374 ού
1499 4323 1742 4392 κνίσσης,
1769 4323 1866 4394 οὐχ
1898 4323 2064 4395 αἵμα-

493 4391 585 4456 τος
605 4391 839 4448 καπνοῦ,
858 4391 994 4447 Nov.

566 4461 675 4543 (44)
706 4461 1035 4543 Σπάλακες.
1056 4463 1391 4528 Ἀσπάλακες
1417 4461 1576 4530 Nov.,
1605 4479 1836 4533 quorum
1865 4472 2066 4519 utrum-

495 4542 687 4602 quem
720 4549 821 4586 usu
853 4542 954 4587 est.

590 4601 678 4668 45)
712 4603 780 4654 Ἢ
799 4601 1076 4668 ἀπτικήν.
1097 4601 1308 4658 Omittit
1335 4603 1468 4660 Nov.

590 4605 657 4654 45
712 4605 780 4654 Ἢ
799 4605 1076 4668 ἀπτικήν.
1097 4605 1308 4658 Omittit
1335 4605 1468 4660 Nov.

713 4673 899 4747 ςᾼλλᾲ
930 4671 994 4740 ζῇ
1015 4674 1299 4747 Δγεκ-Ἀλλὲι
1324 4677 1428 4747 κα),
1449 4676 1537 4747 ζῇ,
1569 4673 1703 4729 Nov.

568 4742 677 4812 (47)
704 4743 926 4810 Κωφὴν
949 4743 1084 4812 μέν.
1108 4743 1348 4814 Respicit
1379 4742 1542 4798 Iliad.
1575 4747 1649 4810 Ω,
1681 4763 1729 4798 v.
1756 4747 1853 4801 54:

602 4832 826 4901 Κωφὴν
847 4832 957 4902 γὰρ
980 4833 1056 4900 δὴ
1092 4834 1265 4904 γαῖαν
1296 4836 1527 4896 ἀεικίζει
1544 4839 1889 4904 μενεαίνων.

603 4903 833 4958 Surdum
860 4905 997 4957 enim
1034 4903 1225 4957 terram
1253 4908 1442 4976 probro
1473 4903 1628 4977 afﬁcit
1659 4924 1767 4976 pra:
1793 4909 1988 4977 furore.

570 4997 678 5070 (48)
696 4997 829 5052 Ὑπὸ
845 4997 954 5071 τῆς
968 4998 1203 5068 τέχνης,
1225 4999 1320 5052 καὶ
1339 5013 1436 5068 πρ.
1457 4999 1589 5052 Ὑπὸ
1608 4999 1706 5071 τῆς
1725 4999 1915 5071 τέχνης
1926 5015 2064 5071 προ-

570 5017 678 5070 (eo)
714 5017 736 5051 1
751 5017 829 5052 πο
845 5017 954 5067 της
968 5017 1203 5068 rep-nc,
1225 5017 1320 5052 και
1339 5017 1436 5068 πρ.
1462 5017 1504 5051 '1
1522 5017 1589 5052 πο
1608 5017 1706 5121 7.3;
1725 5017 1915 5071 τεχνης
1933 5017 2059 5070 προ-

497 5072 710 5122 σκυνεῖν
727 5070 1128 5134 ἀναπείθοντες,
1145 5080 1257 5123 arte
1273 5079 1326 5123 ut
1349 5071 1564 5122 adorent
1585 5071 1637 5121 in
1682 5081 1905 5133 urentes,
1924 5067 2059 5123 Nov.

567 5138 674 5210 (49)
707 5141 784 5210 Τὰ
809 5138 1139 5210 (trimam,
1167 5140 1310 5208 ὅπερ
1336 5140 1525 5193 ἐστίν.
1559 5139 1647 5200 C.,
1673 5139 1888 5210 inverso
1913 5140 2062 5192 ordi-

495 5207 886 5282 ne,_legetitltliit
916 5207 1224 5282 putat6mp
1246 5210 1362 5263 ἐστὶ
1384 5211 1450 5263 τὰ
1468 5210 1773 5282 ἀγάλματα.
1796 5207 2058 5282 Sytnunc.

567 5278 676 5348 (50)
702 5279 881 5350 (ng13:
917 5278 1006 5334 δέ.
1059 5278 1219 5336 Vetus
1272 5281 1428 5334 lectio
1470 5289 1572 5340 est,
1614 5278 1799 5350 ξἨμίν
1832 5279 1921 5342 δὲ,
1962 5281 2060 5350 οὐχ

495 5347 635 5421 ὕλης.
659 5347 921 5421 αἰσθητῆς
957 5351 1226 5421 αἰσθητόν·
1256 5351 1442 5420 νοητὸν
1480 5351 1535 5421 δὲ
1579 5347 1902 5421 τὸυάγαλμά
1945 5347 2060 5421 ἐστὶ

491 5417 702 5491 νοητὸν,
737 5417 836 5470 οὐκ
861 5417 1115 5491 αἰσθητόν
1143 5424 1256 5474 ἐστι
1286 5417 1347 5473 τὸ
1374 5420 1612 5490 ἄγαλμα.
1641 5417 1738 5472 Ubi
1766 5436 1796 5473 e
1818 5417 2058 5491 margine

493 5490 546 5542 in
577 5488 894 5560 contextum
926 5488 1209 5558 irrepsisse
1239 5488 1485 5545 videntur
1515 5488 1614 5544 ista
1639 5491 1821 5551 verba,
1845 5490 2052 5560 νοητόν,

489 5560 589 5614 ούκ
610 5557 862 5641 αἰσθητόν
888 5560 1004 5641 ἐστι
1029 5557 1354 5641 τὸῃᾶγαλμα·
1385 5563 1460 5615 uti
1491 5577 1553 5641 ex
1573 5561 1648 5641 iis
1673 5557 1954 5641 extiuttctis
1978 5560 2055 5641 le-

489 5631 723 5701 gendum
755 5629 853 5694 Sit,
902 5631 1031 5700 ἡμῖν
1071 5630 1127 5683 δὲ
1171 5629 1270 5702 οὐχ
1306 5631 1369 5684 ὕλ
1411 5650 1438 5696 ς
1477 5629 1753 5701 αἰσθητῆς
1782 5629 2056 5700 αἰσθητὸν,

488 5699 679 5780 νοητὸν
702 5699 757 5752 δὲ
785 5698 1095 5780 τὸιᾷγαλμά
1117 5702 1283 5780 ἐστιν,
1317 5651 1521 5780 ἓεός.
1546 5702 1881 5780 δῑξβυιιϐ.-;
1895 5699 2057 5780 Recte

489 5769 776 5838 irrepsisse
816 5769 1029 5840 aliquid
1062 5781 1211 5824 notat
1251 5772 1591 5842 Sylburgius.
1621 5769 1815 5826 Veram
1862 5771 2054 5842 lectio-

489 5855 611 5894 nem
644 5849 764 5910 pete
811 5857 874 5896 (τι
919 5840 1382 5911 interpretatione.
1433 5841 1652 5912 Nempe,
1682 5841 1810 5912 ἡμῖν
1858 5840 1911 5895 δὲ
1957 5841 2054 5911 οὐχ

2169 3245 2488 3316 χωνεύεται,
2533 3246 2773 3316 ervam,
2808 3245 3021 3318 πρίεται
3043 3288 3056 3312 ,
3089 3244 3426 3316 περιξέεται,
3456 3245 3745 3313 γλύφεται.

2169 3336 2372 3408 Κωφὴν
2422 3337 2521 3416 μὲν
2565 3335 2674 3406 (47)
2723 3335 2785 3406 δὴ
2828 3339 2986 3404 γαῖαν
3033 3335 3364 3399 ἀεικίζουσιν
3408 3337 3456 3389 οἰ
3493 3336 3748 3407 ἀγαλμα-

2167 3429 2374 3482 τοποιοὶ
2395 3469 2409 3493 ,
2455 3429 2552 3500 τῆς
2587 3431 2792 3492 οἰκείας
2815 3429 3122 3494 ὲξιστάντες
3151 3429 3362 3498 φύσεως
3396 3429 3499 3482 ὑπὸ
3528 3431 3624 3501 τῆς
3649 3431 3748 3484 τέ-

2167 3540 2299 3595 χνης
2366 3525 2688 3594 προσκυνεῖν
2747 3522 2857 3593 (48)
2917 3520 3322 3584 ἀναπείθοντες·
3376 3521 3747 3592 προσκυνοῦσι

2165 3614 2220 3668 δὲ
2247 3615 2296 3667 οἰ
2323 3613 2552 3668 θεοποιοὶ
2579 3615 2638 3666 οὐ
2671 3614 2824 3677 θεοὺς
2857 3612 2947 3664 καὶ
2991 3612 3264 3684 δαίμονας,
3297 3612 3438 3667 κατά
3457 3629 3523 3681 γε
3547 3613 3747 3684 αἰσθη-
3828 3663 3843 3679 ,

2168 3721 2250 3758 σιν
2289 3705 2387 3777 τὴν
2427 3703 2584 3774 ἐμὴν,
2613 3705 2714 3774 γῆν
2741 3703 2795 3756 δὲ
2826 3703 2920 3757 καὶ
2949 3703 3160 3774 τέχνην,
3190 3703 3257 3756 τά
3285 3703 3570 3775 ἀγάλματα
3599 3705 3746 3777 ὅπερ

2166 3798 2310 3851 ἐστίν
2343 3797 2472 3870 (49).
2509 3799 2663 3851 Ἔστι
2691 3797 2799 3869 γὰρ
2832 3797 2907 3861 ὡς
2932 3796 3141 3866 ἀληθῶς
3177 3797 3236 3849 τὸ
3272 3797 3489 3868 ἄγαλμα
3517 3797 3614 3869 ὕλη
3643 3814 3742 3850 νε-

2167 3887 2292 3961 κρὰ,
2321 3889 2559 3960 τεχνίτου
2587 3890 2729 3961 χειρὶ
2760 3889 3182 3961 μεμορφωμένη.
3225 3889 3382 3960 Ἡμῖν
3409 3890 3464 3942 δὲ
3635 3892 3742 3962 οὐχ

2168 4086 2298 4160 ὕλης
2325 4086 2582 4160 αἰσθητῆς
2609 4087 2880 4160 αἰσθητὸν,
2897 4087 3098 4160 νοητὸν
3117 4088 3172 4142 δὲ
3195 4087 3255 4142 τὸ
3281 4087 3516 4158 ἄγαλμα·
3545 4091 3745 4160 νοητὸν

2166 4157 2265 4211 οὐκ
2295 4157 2547 4228 αἰσθητόν
2572 4160 2716 4210 ἐστιν
2757 4157 2788 4211 6
2821 4159 2969 4222 Θεὸς,
2996 4157 3102 4212 etc.
3138 4159 3342 4213 Caetera
3371 4157 3740 4228 repetuntur,

2167 4238 2220 4297 et
2249 4227 2470 4297 sensum
2519 4228 2736 4282 turbant
2769 4247 2782 4281 :
2815 4244 2981 4294 quare
3021 4229 3325 4297 cjiciantur.
3364 4227 3636 4284 llenvstus.
3660 4261 3744 4272 —

2167 4296 2228 4352 P.
2271 4296 2441 4352 Faber
2482 4313 2601 4366 cap.
2656 4298 2686 4350 2
2736 4296 3078 4351 Dodccameni
3127 4299 3239 4353 lucc
3286 4299 3448 4353 habet
3487 4297 3739 4356 :Verum

2140 4414 2142 4418 ,
2169 4367 2335 4422 Deum
2361 4383 2482 4422 esse
2511 4376 2604 4422 ant
2634 4370 2832 4433 solum,
2862 4370 2942 4422 vel
2969 4385 3134 4422 unum
3161 4367 3328 4424 Deum
3358 4384 3478 4424 esse
3503 4370 3736 4432 dicitur,

2172 4438 2436 4492 idolorum
2473 4437 2887 4506 darmonumque
2928 4437 3063 4492 falso
3105 4438 3199 4494 Dei
3231 4454 3424 4492 nomen
3461 4455 3740 4508 usurpan-

2173 4508 2304 4562 tium
2338 4508 2517 4579 habita
2549 4509 2776 4571 ratione,
2813 4519 2869 4562 ut
2913 4509 3117 4563 scilicet
3161 4525 3223 4562 ea
3259 4524 3599 4579 nequaquam
3628 4526 3741 4578 pro

2167 4579 2270 4631 diis
2296 4578 2546 4648 habenda
2578 4593 2701 4632 esse
2743 4580 3035 4643 doceatur;
3082 4594 3254 4647 eoque
3298 4578 3546 4646 pertinet,
3581 4583 3737 4648 quod

2169 4647 2669 4733 aputl'glenientcm
2720 4650 2978 4733 scriptum
3022 4659 3125 4733 est,
3155 4650 3246 4733 τὸν
3278 4649 3406 4733 ὄντα
3453 4647 3621 4733 ὅντως
3651 4651 3738 4733 μὴ

2167 4717 2516 4788 γνωρίζοντες
2559 4718 2708 4789 Θεόν.
2746 4717 2878 4789 Item
2930 4719 3072 4788 quod
3119 4720 3398 4789 aliquanto
3445 4729 3586 4788 post,
3634 4717 3736 4775 ubi

2167 4789 2372 4860 nullum
2419 4788 2631 4860 sensile
2661 4788 3030 4860 simulacrum,
3079 4788 3237 4858 quale
3281 4789 3549 4860 gentibus,
3606 4804 3739 4845 esse

2165 4857 2510 4923 Christianis,
2545 4859 2635 4913 sed
2661 4875 2846 4912 verum
2874 4858 3053 4928 Dcunt
3071 4857 3187 4928 ipsa
3229 4857 3407 4912 méntc
3434 4868 3605 4928 atque
3633 4875 3738 4912 co-

2165 4928 2404 4997 gnitione
2428 4929 2808 4998 comprehendi
2840 4930 3014 4983 docet.
3042 4927 3135 4982 llis
3162 4931 3306 4982 enim
3337 4927 3516 4984 verbis
3541 4930 3734 4998 expri-

2165 4998 2287 5069 mit,
2313 4999 2448 5069 ἡμῖν
2465 4997 2520 5050 δὲ
2554 5000 2651 5067 οὐχ
2695 4997 2825 5069 ὕλης
2869 4999 3126 5069 αἰσθητῆς
3149 4998 3422 5069 αἰσθητὸν,
3454 4997 3642 5069 νοητὸν
3671 4999 3742 5054 δὲ

2162 5045 2460 5140 satis;
2472 5045 2831 5140 ignorat:
2851 5045 2953 5124 οῖς
2967 5045 3235 5140 mea;
3251 5045 3370 5122 2's;
3386 5045 3732 5139 mea;

2162 5138 2192 5190 6
2219 5137 2348 5201 Θεὸς
2382 5137 2540 5208 μόνος
2567 5137 2732 5201 ὅντως
2767 5139 2912 5203 Θεός.
2955 5141 3058 5194 Sed
3095 5137 3207 5195 haec
3234 5139 3464 5193 obscura
3491 5149 3544 5194 et
3572 5137 3739 5192 men-

2163 5209 2297 5263 dosa
2344 5211 2438 5274 ita,
2468 5224 2590 5262 meo
2637 5209 2852 5277 quidem
2897 5211 3111 5273 animo,
3160 5209 3484 5272 correxeris,
3530 5209 3576 5262 si
3623 5225 3740 5278 pro

2164 5279 2342 5351 priore
2381 5279 2802 5351 voqrévlegeris
2849 5280 3060 5351 νοητοῦ,
3085 5289 3139 5333 et
3178 5284 3447 5350 posterius
3479 5279 3611 5334 illud
3640 5283 3738 5334 αἰρ

2164 5348 2354 5419 σθητόν
2393 5347 2507 5400 ἐστι
2548 5349 2618 5419 τὸ,
2644 5347 2890 5419 ἄγαλμα,
2918 5347 3196 5418 (aliquanf
3219 5351 3583 5418 superﬂuum,
3615 5359 3670 5404 et
3696 5366 3737 5406 ι

2162 5417 2404 5482 librario,
2429 5419 2509 5472 vel
2534 5433 2562 5470 a
2589 5417 2888 5472 Scholiaste
2909 5417 3166 5488 quodam,
3187 5417 3493 5488 repetitum,
3513 5435 3738 5487 carpun-

2164 5487 2308 5542 xeris
2339 5501 2353 5540 :
2387 5503 2560 5558 neque
2607 5491 2749 5542 enim
2797 5487 2982 5543 dubito
3004 5531 3017 5553 ,
3053 5489 3182 5558 quin
3219 5487 3289 5543 ita
3342 5505 3568 5558 prorsus
3600 5489 3737 5544 Cle-

2161 5573 2315 5632 mens
2343 5560 2578 5632 exararit
2612 5576 2638 5632 :_
2667 5560 2803 5632 ἡμῖν
2827 5559 2891 5632 δὲ.
2927 5560 3024 5630 οὐχ
3064 5559 3493 5632 ὕληςᾲαίσθητῆς
3528 5560 3735 5632 αἰσθη-

2160 5628 2269 5701 τὸν,
2302 5627 2490 5701 νοητοῦ
2519 5628 2654 5701 δὲτὸ
2682 5627 2902 5700 ἄγαλμά
2934 5627 3047 5683 ἐστι
3075 5627 3266 5701 νοητὸν
3293 5631 3322 5682 6
3350 5627 3490 5701 Θεὸς
3507 5632 3535 5682 6
3565 5627 3736 5700 μόνος

2157 5698 2325 5761 ὅντως
2362 5698 2513 5761 θεός.
2561 5699 2760 5760 Atque-
2789 5698 2848 5753 ut
2890 5698 3187 5769 antiquitus
3239 5699 3441 5765 Judaei,
3479 5698 3732 5757 Ruinana

2158 5769 2318 5822 etiam
2359 5770 2570 5838 vigente
2597 5770 2889 5837 republica,
2917 5770 3081 5825 Deum
3119 5770 3440 5826 inell‘abilem
3491 5780 3544 5825 et
3585 5771 3697 5824 imi

2160 5838 2370 5894 sibilem
2403 5839 2799 5904 existimantes,
2837 5841 2984 5895 nullo
3027 5841 3316 5896 simulacro
3349 5842 3592 5896 adhibito
3633 5857 3730 5896 co-
