  <div class='ocr_page' id='page_1' title='image "/cluster/home/n/w/nwhite01/storage/ocr_20150623/8/hvd.32044073501306/085.png"; bbox 0 0 3944 6348; ppageno 0'>
   <div class='ocr_carea' id='block_1_1' title="bbox 420 331 526 389">
    <p class='ocr_par' dir='ltr' id='par_1_1' title="bbox 420 331 526 389">
     <span class='ocr_line' id='line_1_1' title="bbox 420 331 526 389; baseline 0.019 -2"><span class='ocrx_word' id='word_1_1' title='bbox 420 331 526 389; x_wconf 71' lang='grc'><strong>155</strong></span> 
     </span>
    </p>
   </div>
   <div class='ocr_carea' id='block_1_2' title="bbox 1541 337 2432 403">
    <p class='ocr_par' dir='ltr' id='par_1_2' title="bbox 1541 337 2432 403">
     <span class='ocr_line' id='line_1_2' title="bbox 1541 337 2432 403; baseline 0.011 -10"><span class='ocrx_word' id='word_1_2' title='bbox 1541 337 1929 396; x_wconf 83' lang='lat' dir='ltr'><strong>CLEMENTIS</strong></span> <span class='ocrx_word' id='word_1_3' title='bbox 1966 343 2432 403; x_wconf 72' lang='lat' dir='ltr'><strong>ALEXANDRINI</strong></span> 
     </span>
    </p>
   </div>
   <div class='ocr_carea' id='block_1_3' title="bbox 3541 364 3641 419">
    <p class='ocr_par' dir='ltr' id='par_1_3' title="bbox 3541 364 3641 419">
     <span class='ocr_line' id='line_1_3' title="bbox 3541 364 3641 419; baseline 0.01 -1"><span class='ocrx_word' id='word_1_4' title='bbox 3541 364 3641 419; x_wconf 76' lang='grc'><strong>156</strong></span> 
     </span>
    </p>
   </div>
   <div class='ocr_carea' id='block_1_4' title="bbox 415 447 1990 554">
    <p class='ocr_par' dir='ltr' id='par_1_4' title="bbox 415 447 1971 534">
     <span class='ocr_line' id='line_1_4' title="bbox 415 447 1971 534; baseline 0.008 -28"><span class='ocrx_word' id='word_1_5' title='bbox 415 449 600 517; x_wconf 82' lang='lat' dir='ltr'><strong>didici,</strong></span> <span class='ocrx_word' id='word_1_6' title='bbox 628 465 734 506; x_wconf 89' lang='lat' dir='ltr'><strong>non</strong></span> <span class='ocrx_word' id='word_1_7' title='bbox 762 451 1009 507; x_wconf 89' lang='lat' dir='ltr'><strong>adorare.</strong></span> <span class='ocrx_word' id='word_1_8' title='bbox 1060 451 1245 524; x_wconf 82' lang='lat' dir='ltr'><strong>Neque</strong></span> <span class='ocrx_word' id='word_1_9' title='bbox 1275 455 1420 510; x_wconf 90' lang='lat' dir='ltr'><strong>enim</strong></span> <span class='ocrx_word' id='word_1_10' title='bbox 1450 457 1584 513; x_wconf 88' lang='lat' dir='ltr'><strong>mihi</strong></span> <span class='ocrx_word' id='word_1_11' title='bbox 1622 459 1703 516; x_wconf 86' lang='lat' dir='ltr'><strong>fas</strong></span> <span class='ocrx_word' id='word_1_12' title='bbox 1727 447 1971 534; x_wconf 69' lang='lat' dir='ltr'><strong>&#39;unquam</strong></span> 
     </span>
    </p>
   </div>
   <div class='ocr_carea' id='block_1_5' title="bbox 2096 447 3635 554">
    <p class='ocr_par' dir='ltr' id='par_1_5' title="bbox 2096 468 3635 554">
     <span class='ocr_line' id='line_1_5' title="bbox 2096 468 3635 554; baseline 0.011 -34"><span class='ocrx_word' id='word_1_13' title='bbox 2096 468 2248 541; x_wconf 72' lang='grc' dir='ltr'>πλάνη</span> <span class='ocrx_word' id='word_1_14' title='bbox 2280 473 2386 525; x_wconf 81' lang='grc' dir='ltr'>κάκ</span> <span class='ocrx_word' id='word_1_15' title='bbox 2416 471 2514 542; x_wconf 78' lang='grc' dir='ltr'>τῆς</span> <span class='ocrx_word' id='word_1_16' title='bbox 2544 471 2860 543; x_wconf 71' lang='grc' dir='ltr'><strong>προσόψεως</strong></span> <span class='ocrx_word' id='word_1_17' title='bbox 2879 472 3158 545; x_wconf 77' lang='grc' dir='ltr'><strong>ἐλέγχεται</strong></span> <span class='ocrx_word' id='word_1_18' title='bbox 3181 475 3290 550; x_wconf 86' lang='grc'>(88)</span> <span class='ocrx_word' id='word_1_19' title='bbox 3312 495 3326 509; x_wconf 75' lang='grc'><strong><em>⁸</em></strong></span> <span class='ocrx_word' id='word_1_20' title='bbox 3375 479 3635 554; x_wconf 68' lang='grc' dir='ltr'>ὲναπομέι</span> 
     </span>
    </p>
   </div>
   <div class='ocr_carea' id='block_1_6' title="bbox 414 542 1983 621">
    <p class='ocr_par' dir='ltr' id='par_1_6' title="bbox 414 542 1983 621">
     <span class='ocr_line' id='line_1_6' title="bbox 414 542 1983 621; baseline 0.008 -23"><span class='ocrx_word' id='word_1_21' title='bbox 414 557 564 611; x_wconf 82' lang='lat' dir='ltr'><strong>spem</strong></span> <span class='ocrx_word' id='word_1_22' title='bbox 599 542 792 598; x_wconf 64' lang='lat' dir='ltr'><strong>animae</strong></span> <span class='ocrx_word' id='word_1_23' title='bbox 817 559 949 599; x_wconf 66' lang='lat' dir='ltr'><strong>mete</strong></span> <span class='ocrx_word' id='word_1_24' title='bbox 970 545 1133 600; x_wconf 85' lang='lat' dir='ltr'><strong>rebus</strong></span> <span class='ocrx_word' id='word_1_25' title='bbox 1159 546 1414 604; x_wconf 90' lang='lat' dir='ltr'><strong>inanimis</strong></span> <span class='ocrx_word' id='word_1_26' title='bbox 1445 555 1684 608; x_wconf 85' lang='lat' dir='ltr'><strong>credere.</strong></span> <span class='ocrx_word' id='word_1_27' title='bbox 1714 554 1983 621; x_wconf 83' lang='lat' dir='ltr'><strong>Quocirca</strong></span> 
     </span>
    </p>
   </div>
   <div class='ocr_carea' id='block_1_7' title="bbox 415 632 1983 716">
    <p class='ocr_par' dir='ltr' id='par_1_7' title="bbox 415 632 1983 716">
     <span class='ocr_line' id='line_1_7' title="bbox 415 632 1983 716; baseline 0.009 -29"><span class='ocrx_word' id='word_1_28' title='bbox 415 632 484 687; x_wconf 82' lang='lat' dir='ltr'><strong>ad</strong></span> <span class='ocrx_word' id='word_1_29' title='bbox 511 632 800 690; x_wconf 90' lang='lat' dir='ltr'><strong>simulacra</strong></span> <span class='ocrx_word' id='word_1_30' title='bbox 832 650 996 705; x_wconf 90' lang='lat' dir='ltr'><strong>quam</strong></span> <span class='ocrx_word' id='word_1_31' title='bbox 1025 638 1268 706; x_wconf 83' lang='lat' dir='ltr'><strong>proxime</strong></span> <span class='ocrx_word' id='word_1_32' title='bbox 1290 639 1652 696; x_wconf 90' lang='lat' dir='ltr'><strong>accedendum</strong></span> <span class='ocrx_word' id='word_1_33' title='bbox 1680 653 1791 699; x_wconf 90' lang='lat' dir='ltr'><strong>est:</strong></span> <span class='ocrx_word' id='word_1_34' title='bbox 1820 661 1983 716; x_wconf 89' lang='lat' dir='ltr'><strong>quam</strong></span> 
     </span>
    </p>
   </div>
   <div class='ocr_carea' id='block_1_8' title="bbox 414 727 1984 810">
    <p class='ocr_par' dir='ltr' id='par_1_8' title="bbox 414 727 1984 810">
     <span class='ocr_line' id='line_1_8' title="bbox 414 727 1984 810; baseline 0.011 -30"><span class='ocrx_word' id='word_1_35' title='bbox 414 729 561 781; x_wconf 84' lang='lat' dir='ltr'><strong>enim</strong></span> <span class='ocrx_word' id='word_1_36' title='bbox 611 727 958 798; x_wconf 90' lang='lat' dir='ltr'><strong>conjunctus,</strong></span> <span class='ocrx_word' id='word_1_37' title='bbox 1005 740 1057 786; x_wconf 92' lang='lat' dir='ltr'><strong>et</strong></span> <span class='ocrx_word' id='word_1_38' title='bbox 1089 733 1245 801; x_wconf 90' lang='lat' dir='ltr'><strong>quasi</strong></span> <span class='ocrx_word' id='word_1_39' title='bbox 1277 735 1518 790; x_wconf 80' lang='lat' dir='ltr'><strong>sociatus</strong></span> <span class='ocrx_word' id='word_1_40' title='bbox 1561 738 1632 792; x_wconf 92' lang='lat' dir='ltr'><strong>sit</strong></span> <span class='ocrx_word' id='word_1_41' title='bbox 1679 754 1801 793; x_wconf 92' lang='lat' dir='ltr'><strong>cum</strong></span> <span class='ocrx_word' id='word_1_42' title='bbox 1852 741 1984 810; x_wconf 90' lang='lat' dir='ltr'><strong>ipsis</strong></span> 
     </span>
    </p>
   </div>
   <div class='ocr_carea' id='block_1_9' title="bbox 414 824 1982 892">
    <p class='ocr_par' dir='ltr' id='par_1_9' title="bbox 414 824 1982 892">
     <span class='ocr_line' id='line_1_9' title="bbox 414 824 1982 892; baseline 0.01 -18"><span class='ocrx_word' id='word_1_43' title='bbox 414 835 586 885; x_wconf 85' lang='lat' dir='ltr'><strong>error,</strong></span> <span class='ocrx_word' id='word_1_44' title='bbox 616 835 802 874; x_wconf 92' lang='lat' dir='ltr'><strong>eorum</strong></span> <span class='ocrx_word' id='word_1_45' title='bbox 831 833 1083 892; x_wconf 86' lang='lat' dir='ltr'><strong>aspectus</strong></span> <span class='ocrx_word' id='word_1_46' title='bbox 1107 824 1264 880; x_wconf 81' lang='lat' dir='ltr'><strong>facile</strong></span> <span class='ocrx_word' id='word_1_47' title='bbox 1291 828 1608 883; x_wconf 82' lang='lat' dir='ltr'><strong>convincet:</strong></span> <span class='ocrx_word' id='word_1_48' title='bbox 1641 831 1814 886; x_wconf 88' lang='lat' dir='ltr'><strong>solent</strong></span> <span class='ocrx_word' id='word_1_49' title='bbox 1837 835 1982 889; x_wconf 87' lang='lat' dir='ltr'><strong>enim</strong></span> 
     </span>
    </p>
   </div>
   <div class='ocr_carea' id='block_1_10' title="bbox 417 910 1987 993">
    <p class='ocr_par' dir='ltr' id='par_1_10' title="bbox 417 910 1987 993">
     <span class='ocr_line' id='line_1_10' title="bbox 417 910 1987 993; baseline 0.01 -30"><span class='ocrx_word' id='word_1_50' title='bbox 417 910 649 980; x_wconf 82' lang='lat' dir='ltr'><strong>speciem</strong></span> <span class='ocrx_word' id='word_1_51' title='bbox 705 911 1055 984; x_wconf 89' lang='lat' dir='ltr'><strong>habitumque</strong></span> <span class='ocrx_word' id='word_1_52' title='bbox 1099 916 1407 972; x_wconf 65' lang='lat' dir='ltr'><strong>demonum</strong></span> <span class='ocrx_word' id='word_1_53' title='bbox 1455 920 1759 976; x_wconf 82' lang='lat' dir='ltr'><strong>clarissime</strong></span> <span class='ocrx_word' id='word_1_54' title='bbox 1806 924 1987 993; x_wconf 82' lang='lat' dir='ltr'><strong>expri-</strong></span> 
     </span>
    </p>
   </div>
   <div class='ocr_carea' id='block_1_11' title="bbox 417 1001 1986 1085">
    <p class='ocr_par' dir='ltr' id='par_1_11' title="bbox 417 1001 1986 1085">
     <span class='ocr_line' id='line_1_11' title="bbox 417 1001 1986 1085; baseline 0.01 -29"><span class='ocrx_word' id='word_1_55' title='bbox 417 1019 582 1058; x_wconf 89' lang='lat' dir='ltr'><strong>mere.</strong></span> <span class='ocrx_word' id='word_1_56' title='bbox 635 1001 819 1075; x_wconf 91' lang='lat' dir='ltr'><strong>ltaque</strong></span> <span class='ocrx_word' id='word_1_57' title='bbox 873 1006 920 1062; x_wconf 90' lang='lat' dir='ltr'><strong>si</strong></span> <span class='ocrx_word' id='word_1_58' title='bbox 971 1008 1095 1078; x_wconf 86' lang='lat' dir='ltr'><strong>quis</strong></span> <span class='ocrx_word' id='word_1_59' title='bbox 1142 1018 1352 1065; x_wconf 86' lang='lat' dir='ltr'><strong>statuas</strong></span> <span class='ocrx_word' id='word_1_60' title='bbox 1397 1011 1678 1082; x_wconf 90' lang='lat' dir='ltr'><strong>pictasque</strong></span> <span class='ocrx_word' id='word_1_61' title='bbox 1721 1013 1986 1085; x_wconf 81' lang='lat' dir='ltr'><strong>imagines</strong></span> 
     </span>
    </p>
   </div>
   <div class='ocr_carea' id='block_1_12' title="bbox 416 1095 1984 1178">
    <p class='ocr_par' dir='ltr' id='par_1_12' title="bbox 416 1095 1984 1178">
     <span class='ocr_line' id='line_1_12' title="bbox 416 1095 1984 1178; baseline 0.01 -31"><span class='ocrx_word' id='word_1_62' title='bbox 416 1095 841 1164; x_wconf 86' lang='lat' dir='ltr'><strong>perlustraverit,</strong></span> <span class='ocrx_word' id='word_1_63' title='bbox 888 1097 936 1153; x_wconf 92' lang='lat' dir='ltr'><strong>is</strong></span> <span class='ocrx_word' id='word_1_64' title='bbox 981 1115 1114 1156; x_wconf 88' lang='lat' dir='ltr'><strong>sane</strong></span> <span class='ocrx_word' id='word_1_65' title='bbox 1158 1117 1225 1157; x_wconf 80' lang='lat' dir='ltr'><strong>ex</strong></span> <span class='ocrx_word' id='word_1_66' title='bbox 1274 1103 1528 1173; x_wconf 86' lang='lat' dir='ltr'><strong>turpibus</strong></span> <span class='ocrx_word' id='word_1_67' title='bbox 1568 1119 1756 1159; x_wconf 91' lang='lat' dir='ltr'><strong>eorum</strong></span> <span class='ocrx_word' id='word_1_68' title='bbox 1797 1107 1984 1178; x_wconf 85' lang='lat' dir='ltr'><strong>ﬁguris</strong></span> 
     </span>
    </p>
   </div>
   <div class='ocr_carea' id='block_1_13' title="bbox 415 1186 1981 1267">
    <p class='ocr_par' dir='ltr' id='par_1_13' title="bbox 415 1186 1981 1267">
     <span class='ocr_line' id='line_1_13' title="bbox 415 1186 1981 1267; baseline 0.007 -26"><span class='ocrx_word' id='word_1_69' title='bbox 415 1186 544 1242; x_wconf 91' lang='lat' dir='ltr'><strong>deos</strong></span> <span class='ocrx_word' id='word_1_70' title='bbox 594 1196 798 1244; x_wconf 79' lang='lat' dir='ltr'><strong>vestros</strong></span> <span class='ocrx_word' id='word_1_71' title='bbox 845 1189 1025 1244; x_wconf 85' lang='lat' dir='ltr'><strong>statim</strong></span> <span class='ocrx_word' id='word_1_72' title='bbox 1063 1203 1362 1264; x_wconf 83' lang='lat' dir='ltr'><strong>agnoscet;</strong></span> <span class='ocrx_word' id='word_1_73' title='bbox 1415 1193 1687 1249; x_wconf 84' lang='lat' dir='ltr'><strong>Bacchum</strong></span> <span class='ocrx_word' id='word_1_74' title='bbox 1731 1197 1981 1267; x_wconf 88' lang='lat' dir='ltr'><strong>quidem,</strong></span> 
     </span>
    </p>
   </div>
   <div class='ocr_carea' id='block_1_14' title="bbox 414 1275 1986 1354">
    <p class='ocr_par' dir='ltr' id='par_1_14' title="bbox 414 1275 1986 1354">
     <span class='ocr_line' id='line_1_14' title="bbox 414 1275 1986 1354; baseline 0.009 -26"><span class='ocrx_word' id='word_1_75' title='bbox 414 1291 481 1329; x_wconf 75' lang='lat' dir='ltr'><strong>ex</strong></span> <span class='ocrx_word' id='word_1_76' title='bbox 518 1277 756 1344; x_wconf 88' lang='lat' dir='ltr'><strong>amictu;</strong></span> <span class='ocrx_word' id='word_1_77' title='bbox 795 1275 1120 1345; x_wconf 84' lang='lat' dir='ltr'><strong>Vulcanum,</strong></span> <span class='ocrx_word' id='word_1_78' title='bbox 1167 1281 1302 1336; x_wconf 90' lang='lat' dir='ltr'><strong>artis</strong></span> <span class='ocrx_word' id='word_1_79' title='bbox 1348 1298 1460 1336; x_wconf 66' lang='lat' dir='ltr'><strong>suae</strong></span> <span class='ocrx_word' id='word_1_80' title='bbox 1507 1283 1840 1354; x_wconf 80' lang='lat' dir='ltr'><strong>insignibus;</strong></span> <span class='ocrx_word' id='word_1_81' title='bbox 1884 1285 1986 1342; x_wconf 88' lang='lat' dir='ltr'><strong>Ce-</strong></span> 
     </span>
    </p>
   </div>
   <div class='ocr_carea' id='block_1_15' title="bbox 417 1369 1983 1447">
    <p class='ocr_par' dir='ltr' id='par_1_15' title="bbox 417 1369 1983 1447">
     <span class='ocr_line' id='line_1_15' title="bbox 417 1369 1983 1447; baseline 0.008 -27"><span class='ocrx_word' id='word_1_82' title='bbox 417 1383 614 1434; x_wconf 89' lang='lat' dir='ltr'><strong>rerem,</strong></span> <span class='ocrx_word' id='word_1_83' title='bbox 649 1369 971 1425; x_wconf 87' lang='lat' dir='ltr'><strong>calamitatis</strong></span> <span class='ocrx_word' id='word_1_84' title='bbox 1001 1373 1402 1444; x_wconf 89' lang='lat' dir='ltr'><strong>descriptione;</strong></span> <span class='ocrx_word' id='word_1_85' title='bbox 1436 1377 1554 1439; x_wconf 88' lang='lat' dir='ltr'><strong>lno,</strong></span> <span class='ocrx_word' id='word_1_86' title='bbox 1585 1376 1748 1442; x_wconf 77' lang='lat' dir='ltr'><strong>vitta;</strong></span> <span class='ocrx_word' id='word_1_87' title='bbox 1779 1376 1983 1447; x_wconf 78' lang='lat' dir='ltr'><strong>Neptu-</strong></span> 
     </span>
    </p>
   </div>
   <div class='ocr_carea' id='block_1_16' title="bbox 419 1460 1984 1537">
    <p class='ocr_par' dir='ltr' id='par_1_16' title="bbox 419 1460 1984 1537">
     <span class='ocr_line' id='line_1_16' title="bbox 419 1460 1984 1537; baseline 0.008 -26"><span class='ocrx_word' id='word_1_88' title='bbox 419 1474 579 1524; x_wconf 86' lang='lat' dir='ltr'><strong>num,</strong></span> <span class='ocrx_word' id='word_1_89' title='bbox 635 1460 902 1529; x_wconf 87' lang='lat' dir='ltr'><strong>tridente;</strong></span> <span class='ocrx_word' id='word_1_90' title='bbox 949 1461 1177 1530; x_wconf 86' lang='lat' dir='ltr'><strong>Jovem,</strong></span> <span class='ocrx_word' id='word_1_91' title='bbox 1229 1480 1422 1536; x_wconf 81' lang='lat' dir='ltr'><strong>cygno.</strong></span> <span class='ocrx_word' id='word_1_92' title='bbox 1476 1465 1659 1537; x_wconf 81' lang='lat' dir='ltr'><strong>Rogus</strong></span> <span class='ocrx_word' id='word_1_93' title='bbox 1699 1465 1984 1524; x_wconf 76' lang='lat' dir='ltr'><strong>Herculem</strong></span> 
     </span>
    </p>
   </div>
   <div class='ocr_carea' id='block_1_17' title="bbox 419 1553 1986 1630">
    <p class='ocr_par' dir='ltr' id='par_1_17' title="bbox 419 1553 1986 1630">
     <span class='ocr_line' id='line_1_17' title="bbox 419 1553 1986 1630; baseline 0.007 -27"><span class='ocrx_word' id='word_1_94' title='bbox 419 1560 705 1606; x_wconf 84' lang='lat' dir='ltr'><strong>monstrat.</strong></span> <span class='ocrx_word' id='word_1_95' title='bbox 744 1553 800 1608; x_wconf 90' lang='lat' dir='ltr'><strong>Si</strong></span> <span class='ocrx_word' id='word_1_96' title='bbox 827 1555 950 1623; x_wconf 86' lang='lat' dir='ltr'><strong>quis</strong></span> <span class='ocrx_word' id='word_1_97' title='bbox 978 1555 1136 1609; x_wconf 66' lang='lat' dir='ltr'><strong>nudae</strong></span> <span class='ocrx_word' id='word_1_98' title='bbox 1169 1556 1412 1612; x_wconf 88' lang='lat' dir='ltr'><strong>mulieris</strong></span> <span class='ocrx_word' id='word_1_99' title='bbox 1444 1556 1731 1625; x_wconf 84' lang='lat' dir='ltr'><strong>imaginem</strong></span> <span class='ocrx_word' id='word_1_100' title='bbox 1765 1575 1986 1630; x_wconf 91' lang='lat' dir='ltr'><strong>conspe-</strong></span> 
     </span>
    </p>
   </div>
   <div class='ocr_carea' id='block_1_18' title="bbox 419 1644 1982 1713">
    <p class='ocr_par' dir='ltr' id='par_1_18' title="bbox 419 1644 1982 1713">
     <span class='ocr_line' id='line_1_18' title="bbox 419 1644 1982 1713; baseline 0.006 -18"><span class='ocrx_word' id='word_1_101' title='bbox 419 1644 575 1705; x_wconf 80' lang='lat' dir='ltr'><strong>xerit,</strong></span> <span class='ocrx_word' id='word_1_102' title='bbox 614 1644 783 1713; x_wconf 89' lang='lat' dir='ltr'><strong>ipsius</strong></span> <span class='ocrx_word' id='word_1_103' title='bbox 810 1647 994 1700; x_wconf 91' lang='lat' dir='ltr'><strong>animo</strong></span> <span class='ocrx_word' id='word_1_104' title='bbox 1027 1662 1191 1701; x_wconf 83' lang='lat' dir='ltr'><strong>aurea</strong></span> <span class='ocrx_word' id='word_1_105' title='bbox 1223 1645 1405 1703; x_wconf 87' lang='lat' dir='ltr'><strong>Venus</strong></span> <span class='ocrx_word' id='word_1_106' title='bbox 1438 1650 1616 1704; x_wconf 89' lang='lat' dir='ltr'><strong>statim</strong></span> <span class='ocrx_word' id='word_1_107' title='bbox 1644 1650 1982 1706; x_wconf 77' lang='lat' dir='ltr'><strong>obversatur.</strong></span> 
     </span>
    </p>
   </div>
   <div class='ocr_carea' id='block_1_19' title="bbox 423 1733 1982 1810">
    <p class='ocr_par' dir='ltr' id='par_1_19' title="bbox 423 1733 1982 1810">
     <span class='ocr_line' id='line_1_19' title="bbox 423 1733 1982 1810; baseline 0.007 -25"><span class='ocrx_word' id='word_1_108' title='bbox 423 1733 656 1789; x_wconf 83' lang='lat' dir='ltr'><strong>Proinde</strong></span> <span class='ocrx_word' id='word_1_109' title='bbox 704 1736 936 1806; x_wconf 72' lang='lat' dir='ltr'><strong>Cyprius</strong></span> <span class='ocrx_word' id='word_1_110' title='bbox 981 1738 1070 1793; x_wconf 92' lang='lat' dir='ltr'><strong>ille</strong></span> <span class='ocrx_word' id='word_1_111' title='bbox 1116 1737 1432 1810; x_wconf 86' lang='lat' dir='ltr'><strong>Pygmalion</strong></span> <span class='ocrx_word' id='word_1_112' title='bbox 1479 1738 1730 1794; x_wconf 70' lang='lat' dir='ltr'><strong>eburnea:</strong></span> <span class='ocrx_word' id='word_1_113' title='bbox 1773 1751 1982 1807; x_wconf 68' lang='lat' dir='ltr'><strong>statuze,</strong></span> 
     </span>
    </p>
   </div>
   <div class='ocr_carea' id='block_1_20' title="bbox 2087 563 3643 643">
    <p class='ocr_par' dir='ltr' id='par_1_20' title="bbox 2087 563 3643 643">
     <span class='ocr_line' id='line_1_20' title="bbox 2087 563 3643 643; baseline 0.008 -30"><span class='ocrx_word' id='word_1_114' title='bbox 2087 578 2286 632; x_wconf 88' lang='grc' dir='ltr'>μακται</span> <span class='ocrx_word' id='word_1_115' title='bbox 2309 564 2417 634; x_wconf 81' lang='grc' dir='ltr'><strong>γὰρ</strong></span> <span class='ocrx_word' id='word_1_116' title='bbox 2445 563 2584 616; x_wconf 82' lang='grc' dir='ltr'>πάνυ</span> <span class='ocrx_word' id='word_1_117' title='bbox 2612 563 2674 634; x_wconf 81' lang='grc' dir='ltr'>δὴ</span> <span class='ocrx_word' id='word_1_118' title='bbox 2725 565 2908 632; x_wconf 84' lang='grc' dir='ltr'>σαφῶς</span> <span class='ocrx_word' id='word_1_119' title='bbox 2953 565 3020 619; x_wconf 75' lang='grc' dir='ltr'><strong>τὰ</strong></span> <span class='ocrx_word' id='word_1_120' title='bbox 3047 565 3162 639; x_wconf 80' lang='grc' dir='ltr'>εἴδη</span> <span class='ocrx_word' id='word_1_121' title='bbox 3191 569 3296 622; x_wconf 84' lang='grc' dir='ltr'><strong>τῶν</strong></span> <span class='ocrx_word' id='word_1_122' title='bbox 3315 570 3643 643; x_wconf 71' lang='grc' dir='ltr'><strong>ἀγαλμάτων</strong></span> 
     </span>
    </p>
   </div>
   <div class='ocr_carea' id='block_1_21' title="bbox 2084 652 3644 734">
    <p class='ocr_par' dir='ltr' id='par_1_21' title="bbox 2084 652 3644 734">
     <span class='ocr_line' id='line_1_21' title="bbox 2084 652 3644 734; baseline 0.009 -29"><span class='ocrx_word' id='word_1_123' title='bbox 2084 652 2180 724; x_wconf 83' lang='grc' dir='ltr'>τὴν</span> <span class='ocrx_word' id='word_1_124' title='bbox 2206 653 2439 707; x_wconf 88' lang='grc' dir='ltr'>διάθεσιν</span> <span class='ocrx_word' id='word_1_125' title='bbox 2463 653 2570 707; x_wconf 85' lang='grc' dir='ltr'><strong>τῶν</strong></span> <span class='ocrx_word' id='word_1_126' title='bbox 2611 655 2898 726; x_wconf 82' lang='grc' dir='ltr'><strong>δαιμόνων.</strong></span> <span class='ocrx_word' id='word_1_127' title='bbox 2937 658 2999 710; x_wconf 80' lang='lat' dir='ltr'><strong>El</strong></span> <span class='ocrx_word' id='word_1_128' title='bbox 3027 657 3157 727; x_wconf 80' lang='grc' dir='ltr'>γοῦν</span> <span class='ocrx_word' id='word_1_129' title='bbox 3192 676 3275 726; x_wconf 91' lang='grc' dir='ltr'><strong>τις</strong></span> <span class='ocrx_word' id='word_1_130' title='bbox 3305 661 3405 727; x_wconf 82' lang='grc' dir='ltr'><strong>τὰς</strong></span> <span class='ocrx_word' id='word_1_131' title='bbox 3428 665 3644 734; x_wconf 74' lang='grc' dir='ltr'>γραφὰς</span> 
     </span>
    </p>
   </div>
   <div class='ocr_carea' id='block_1_22' title="bbox 2084 743 3646 824">
    <p class='ocr_par' dir='ltr' id='par_1_22' title="bbox 2084 743 3646 824">
     <span class='ocr_line' id='line_1_22' title="bbox 2084 743 3646 824; baseline 0.01 -30"><span class='ocrx_word' id='word_1_132' title='bbox 2084 743 2177 795; x_wconf 72' lang='grc' dir='ltr'>καὶ</span> <span class='ocrx_word' id='word_1_133' title='bbox 2213 743 2280 796; x_wconf 87' lang='grc' dir='ltr'><strong>τά</strong></span> <span class='ocrx_word' id='word_1_134' title='bbox 2309 743 2601 814; x_wconf 83' lang='grc' dir='ltr'>ἀγάλματα</span> <span class='ocrx_word' id='word_1_135' title='bbox 2646 745 2976 817; x_wconf 78' lang='grc' dir='ltr'><strong>περινοστῶν</strong></span> <span class='ocrx_word' id='word_1_136' title='bbox 3005 745 3203 817; x_wconf 79' lang='grc' dir='ltr'>θεῷτο,</span> <span class='ocrx_word' id='word_1_137' title='bbox 3234 747 3456 824; x_wconf 77' lang='grc' dir='ltr'>γνωριέί</span> <span class='ocrx_word' id='word_1_138' title='bbox 3491 753 3646 824; x_wconf 82' lang='grc' dir='ltr'>ὑμῶν</span> 
     </span>
    </p>
   </div>
   <div class='ocr_carea' id='block_1_23' title="bbox 2083 833 3642 924">
    <p class='ocr_par' dir='ltr' id='par_1_23' title="bbox 2083 833 3642 924">
     <span class='ocr_line' id='line_1_23' title="bbox 2083 833 3642 924; baseline 0.009 -39"><span class='ocrx_word' id='word_1_139' title='bbox 2083 834 2393 904; x_wconf 79' lang='grc' dir='ltr'><strong>παραυτίκα</strong></span> <span class='ocrx_word' id='word_1_140' title='bbox 2408 836 2532 898; x_wconf 86' lang='grc' dir='ltr'>τοὺς</span> <span class='ocrx_word' id='word_1_141' title='bbox 2560 833 2714 899; x_wconf 83' lang='grc' dir='ltr'>θεοὺς</span> <span class='ocrx_word' id='word_1_142' title='bbox 2731 837 2795 888; x_wconf 81' lang='grc' dir='ltr'>ὲκ</span> <span class='ocrx_word' id='word_1_143' title='bbox 2809 836 2914 890; x_wconf 87' lang='grc' dir='ltr'><strong>τῶν</strong></span> <span class='ocrx_word' id='word_1_144' title='bbox 2937 838 3312 895; x_wconf 82' lang='grc' dir='ltr'>ἐπονειδίστων</span> <span class='ocrx_word' id='word_1_145' title='bbox 3329 844 3642 924; x_wconf 61' lang='grc' dir='ltr'>σχημάτωις</span> 
     </span>
    </p>
   </div>
   <div class='ocr_carea' id='block_1_24' title="bbox 2081 923 3648 1007">
    <p class='ocr_par' dir='ltr' id='par_1_24' title="bbox 2081 923 3648 1007">
     <span class='ocr_line' id='line_1_24' title="bbox 2081 923 3648 1007; baseline 0.01 -32"><span class='ocrx_word' id='word_1_146' title='bbox 2081 923 2172 976; x_wconf 84' lang='grc' dir='ltr'>τὸν</span> <span class='ocrx_word' id='word_1_147' title='bbox 2195 924 2443 977; x_wconf 86' lang='grc' dir='ltr'>Διόνυσον</span> <span class='ocrx_word' id='word_1_148' title='bbox 2473 926 2582 980; x_wconf 82' lang='grc' dir='ltr'><strong>ἀπὸ</strong></span> <span class='ocrx_word' id='word_1_149' title='bbox 2607 925 2707 997; x_wconf 87' lang='grc' dir='ltr'>τῆς</span> <span class='ocrx_word' id='word_1_150' title='bbox 2737 927 2930 998; x_wconf 82' lang='grc' dir='ltr'><strong>στολῆς</strong></span> <span class='ocrx_word' id='word_1_151' title='bbox 2945 946 2957 958; x_wconf 93' lang='grc'><strong>·</strong></span> <span class='ocrx_word' id='word_1_152' title='bbox 2977 929 3066 984; x_wconf 79' lang='grc' dir='ltr'>τὸν</span> <span class='ocrx_word' id='word_1_153' title='bbox 3088 932 3389 1002; x_wconf 81' lang='grc' dir='ltr'>’Ἥφαιστον</span> <span class='ocrx_word' id='word_1_154' title='bbox 3414 934 3521 989; x_wconf 74' lang='grc' dir='ltr'>ἀπὸ</span> <span class='ocrx_word' id='word_1_155' title='bbox 3543 923 3648 1007; x_wconf 82' lang='grc' dir='ltr'>τῆς</span> 
     </span>
    </p>
   </div>
   <div class='ocr_carea' id='block_1_25' title="bbox 2081 1015 3648 1101">
    <p class='ocr_par' dir='ltr' id='par_1_25' title="bbox 2081 1015 3648 1101">
     <span class='ocr_line' id='line_1_25' title="bbox 2081 1015 3648 1101; baseline 0.01 -33"><span class='ocrx_word' id='word_1_156' title='bbox 2081 1015 2273 1086; x_wconf 87' lang='grc' dir='ltr'>τέχνης</span> <span class='ocrx_word' id='word_1_157' title='bbox 2292 1033 2306 1047; x_wconf 89' lang='grc'><strong>·</strong></span> <span class='ocrx_word' id='word_1_158' title='bbox 2345 1017 2445 1088; x_wconf 78' lang='grc' dir='ltr'><strong>τὴν</strong></span> <span class='ocrx_word' id='word_1_159' title='bbox 2487 1017 2611 1089; x_wconf 89' lang='grc' dir='ltr'><strong>Δηὼ</strong></span> <span class='ocrx_word' id='word_1_160' title='bbox 2637 1018 2747 1073; x_wconf 79' lang='grc' dir='ltr'><strong>ἀπὸ</strong></span> <span class='ocrx_word' id='word_1_161' title='bbox 2773 1021 2872 1092; x_wconf 79' lang='grc' dir='ltr'>τῆς</span> <span class='ocrx_word' id='word_1_162' title='bbox 2898 1025 3180 1095; x_wconf 80' lang='grc' dir='ltr'>συμφορᾶς</span> <span class='ocrx_word' id='word_1_163' title='bbox 3199 1041 3212 1055; x_wconf 71' lang='grc' dir='ltr'><strong>ο</strong></span> <span class='ocrx_word' id='word_1_164' title='bbox 3249 1025 3355 1080; x_wconf 80' lang='grc' dir='ltr'><strong>ἀπὸ</strong></span> <span class='ocrx_word' id='word_1_165' title='bbox 3386 1028 3479 1081; x_wconf 82' lang='grc' dir='ltr'>τοῦ</span> <span class='ocrx_word' id='word_1_166' title='bbox 3509 1046 3648 1101; x_wconf 89' lang='grc' dir='ltr'>κρη-</span> 
     </span>
    </p>
   </div>
   <div class='ocr_carea' id='block_1_26' title="bbox 2081 1106 3650 1187">
    <p class='ocr_par' dir='ltr' id='par_1_26' title="bbox 2081 1106 3650 1187">
     <span class='ocr_line' id='line_1_26' title="bbox 2081 1106 3650 1187; baseline 0.009 -27"><span class='ocrx_word' id='word_1_167' title='bbox 2081 1106 2273 1177; x_wconf 90' lang='grc' dir='ltr'>δέμνου</span> <span class='ocrx_word' id='word_1_168' title='bbox 2314 1107 2413 1180; x_wconf 83' lang='grc' dir='ltr'>τὴν</span> <span class='ocrx_word' id='word_1_169' title='bbox 2467 1108 2610 1162; x_wconf 73' lang='grc' dir='ltr'><strong>Ἰνὼο</strong></span> <span class='ocrx_word' id='word_1_170' title='bbox 2651 1110 2758 1163; x_wconf 82' lang='grc' dir='ltr'><strong>ἀπὸ</strong></span> <span class='ocrx_word' id='word_1_171' title='bbox 2799 1113 2898 1182; x_wconf 86' lang='grc' dir='ltr'>τῆς</span> <span class='ocrx_word' id='word_1_172' title='bbox 2938 1114 3184 1186; x_wconf 81' lang='grc' dir='ltr'>τριαίνης</span> <span class='ocrx_word' id='word_1_173' title='bbox 3230 1115 3339 1187; x_wconf 89' lang='grc'><strong>(89)</strong></span> <span class='ocrx_word' id='word_1_174' title='bbox 3401 1117 3492 1173; x_wconf 78' lang='grc' dir='ltr'><strong>τὸν</strong></span> <span class='ocrx_word' id='word_1_175' title='bbox 3541 1121 3650 1173; x_wconf 80' lang='lat' dir='ltr'><strong>Ilo-</strong></span> 
     </span>
    </p>
   </div>
   <div class='ocr_carea' id='block_1_27' title="bbox 2087 1199 3649 1283">
    <p class='ocr_par' dir='ltr' id='par_1_27' title="bbox 2087 1199 3649 1283">
     <span class='ocr_line' id='line_1_27' title="bbox 2087 1199 3649 1283; baseline 0.01 -32"><span class='ocrx_word' id='word_1_176' title='bbox 2087 1199 2270 1252; x_wconf 68' lang='grc' dir='ltr'>σειδιῖν</span> <span class='ocrx_word' id='word_1_177' title='bbox 2303 1201 2410 1253; x_wconf 82' lang='grc' dir='ltr'><strong>ἀπὸ</strong></span> <span class='ocrx_word' id='word_1_178' title='bbox 2461 1200 2554 1254; x_wconf 83' lang='grc' dir='ltr'><strong>τοῦ</strong></span> <span class='ocrx_word' id='word_1_179' title='bbox 2595 1201 2791 1256; x_wconf 86' lang='grc' dir='ltr'>κύκνου</span> <span class='ocrx_word' id='word_1_180' title='bbox 2843 1204 2933 1258; x_wconf 82' lang='grc' dir='ltr'>τὸν</span> <span class='ocrx_word' id='word_1_181' title='bbox 2981 1207 3110 1259; x_wconf 77' lang='grc' dir='ltr'>Δία’</span> <span class='ocrx_word' id='word_1_182' title='bbox 3143 1207 3233 1261; x_wconf 79' lang='grc' dir='ltr'>τὸν</span> <span class='ocrx_word' id='word_1_183' title='bbox 3275 1209 3330 1262; x_wconf 83' lang='grc' dir='ltr'>δὲ</span> <span class='ocrx_word' id='word_1_184' title='bbox 3373 1211 3649 1283; x_wconf 81' lang='grc' dir='ltr'>Ἠρακλέα</span> 
     </span>
    </p>
   </div>
   <div class='ocr_carea' id='block_1_28' title="bbox 2082 1290 3650 1373">
    <p class='ocr_par' dir='ltr' id='par_1_28' title="bbox 2082 1290 3650 1373">
     <span class='ocr_line' id='line_1_28' title="bbox 2082 1290 3650 1373; baseline 0.009 -29"><span class='ocrx_word' id='word_1_185' title='bbox 2082 1290 2348 1344; x_wconf 87' lang='grc' dir='ltr'>δείκνυσιν</span> <span class='ocrx_word' id='word_1_186' title='bbox 2388 1293 2422 1362; x_wconf 74' lang='grc' dir='ltr'>ἡ</span> <span class='ocrx_word' id='word_1_187' title='bbox 2453 1291 2630 1364; x_wconf 86' lang='grc' dir='ltr'>πυρά·</span> <span class='ocrx_word' id='word_1_188' title='bbox 2667 1294 2770 1348; x_wconf 83' lang='grc' dir='ltr'>κᾶν</span> <span class='ocrx_word' id='word_1_189' title='bbox 2789 1294 2997 1367; x_wconf 79' lang='grc' dir='ltr'>γυμνὴν</span> <span class='ocrx_word' id='word_1_190' title='bbox 3033 1297 3117 1370; x_wconf 82' lang='grc' dir='ltr'><strong>ῐδῃ</strong></span> <span class='ocrx_word' id='word_1_191' title='bbox 3165 1315 3249 1363; x_wconf 89' lang='grc' dir='ltr'><strong>τις</strong></span> <span class='ocrx_word' id='word_1_192' title='bbox 3298 1301 3650 1373; x_wconf 82' lang='grc' dir='ltr'>ἀνάγραπτον</span> 
     </span>
    </p>
   </div>
   <div class='ocr_carea' id='block_1_29' title="bbox 2083 1384 3649 1458">
    <p class='ocr_par' dir='ltr' id='par_1_29' title="bbox 2083 1384 3649 1458">
     <span class='ocr_line' id='line_1_29' title="bbox 2083 1384 3649 1458; baseline 0.009 -23"><span class='ocrx_word' id='word_1_193' title='bbox 2083 1386 2350 1451; x_wconf 86' lang='grc' dir='ltr'>γυναῖκα,</span> <span class='ocrx_word' id='word_1_194' title='bbox 2409 1384 2508 1456; x_wconf 79' lang='grc' dir='ltr'><strong>τὴν</strong></span> <span class='ocrx_word' id='word_1_195' title='bbox 2551 1385 2759 1456; x_wconf 81' lang='grc' dir='ltr'>χρυσῆν</span> <span class='ocrx_word' id='word_1_196' title='bbox 2817 1387 3132 1458; x_wconf 81' lang='grc' dir='ltr'>Ἀφροδίτην</span> <span class='ocrx_word' id='word_1_197' title='bbox 3191 1393 3320 1446; x_wconf 83' lang='grc' dir='ltr'>νοεῖ.</span> <span class='ocrx_word' id='word_1_198' title='bbox 3387 1393 3570 1458; x_wconf 77' lang='grc' dir='ltr'>Οὕτως</span> <span class='ocrx_word' id='word_1_199' title='bbox 3615 1399 3649 1450; x_wconf 99' lang='lat'><strong>6</strong></span> 
     </span>
    </p>
   </div>
   <div class='ocr_carea' id='block_1_30' title="bbox 2083 1474 3645 1555">
    <p class='ocr_par' dir='ltr' id='par_1_30' title="bbox 2083 1474 3645 1555">
     <span class='ocr_line' id='line_1_30' title="bbox 2083 1474 3645 1555; baseline 0.008 -27"><span class='ocrx_word' id='word_1_200' title='bbox 2083 1475 2328 1547; x_wconf 84' lang='grc' dir='ltr'>Κύπριος</span> <span class='ocrx_word' id='word_1_201' title='bbox 2397 1474 2569 1547; x_wconf 89' lang='grc'><strong>(90),</strong></span> <span class='ocrx_word' id='word_1_202' title='bbox 2630 1479 2659 1530; x_wconf 89' lang='lat'><strong>6</strong></span> <span class='ocrx_word' id='word_1_203' title='bbox 2715 1477 3042 1549; x_wconf 89' lang='grc' dir='ltr'>Πυγμαλίων</span> <span class='ocrx_word' id='word_1_204' title='bbox 3099 1481 3342 1548; x_wconf 78' lang='grc' dir='ltr'>ἐκεῖνος,</span> <span class='ocrx_word' id='word_1_205' title='bbox 3424 1485 3645 1555; x_wconf 80' lang='grc' dir='ltr'>ἐλεφαν-</span> 
     </span>
    </p>
   </div>
   <div class='ocr_carea' id='block_1_31' title="bbox 2082 1567 3650 1650">
    <p class='ocr_par' dir='ltr' id='par_1_31' title="bbox 2082 1567 3650 1650">
     <span class='ocr_line' id='line_1_31' title="bbox 2082 1567 3650 1650; baseline 0.008 -31"><span class='ocrx_word' id='word_1_206' title='bbox 2082 1567 2225 1620; x_wconf 90' lang='grc' dir='ltr'>τίνου</span> <span class='ocrx_word' id='word_1_207' title='bbox 2259 1567 2472 1640; x_wconf 78' lang='grc' dir='ltr'><strong>ἠράσθη</strong></span> <span class='ocrx_word' id='word_1_208' title='bbox 2504 1567 2847 1639; x_wconf 78' lang='grc' dir='ltr'>ἀγάλματος’</span> <span class='ocrx_word' id='word_1_209' title='bbox 2882 1569 2940 1623; x_wconf 84' lang='grc' dir='ltr'>τὸ</span> <span class='ocrx_word' id='word_1_210' title='bbox 2972 1570 3190 1644; x_wconf 79' lang='grc' dir='ltr'>ἄγαλμα</span> <span class='ocrx_word' id='word_1_211' title='bbox 3233 1573 3546 1648; x_wconf 85' lang='grc' dir='ltr'>Ἀφροδίτης</span> <span class='ocrx_word' id='word_1_212' title='bbox 3579 1573 3650 1650; x_wconf 70' lang='grc' dir='ltr'>ἦν</span> 
     </span>
    </p>
   </div>
   <div class='ocr_carea' id='block_1_32' title="bbox 2085 1656 3724 1738">
    <p class='ocr_par' dir='ltr' id='par_1_32' title="bbox 2085 1656 3724 1738">
     <span class='ocr_line' id='line_1_32' title="bbox 2085 1656 3724 1738; baseline 0.004 -27"><span class='ocrx_word' id='word_1_213' title='bbox 2085 1659 2175 1711; x_wconf 78' lang='grc' dir='ltr'>καὶ</span> <span class='ocrx_word' id='word_1_214' title='bbox 2206 1660 2383 1732; x_wconf 79' lang='grc' dir='ltr'>γυμνὴ</span> <span class='ocrx_word' id='word_1_215' title='bbox 2427 1656 2525 1731; x_wconf 79' lang='grc' dir='ltr'><strong>ἦν’</strong></span> <span class='ocrx_word' id='word_1_216' title='bbox 2556 1663 2770 1714; x_wconf 79' lang='grc' dir='ltr'>νικᾶται</span> <span class='ocrx_word' id='word_1_217' title='bbox 2802 1662 2830 1713; x_wconf 88' lang='grc' dir='ltr'>ὁ</span> <span class='ocrx_word' id='word_1_218' title='bbox 2865 1661 3110 1735; x_wconf 85' lang='grc' dir='ltr'>Κύπριος</span> <span class='ocrx_word' id='word_1_219' title='bbox 3142 1664 3218 1735; x_wconf 84' lang='grc' dir='ltr'>τῷ</span> <span class='ocrx_word' id='word_1_220' title='bbox 3251 1670 3507 1738; x_wconf 81' lang='grc' dir='ltr'>σχήματι,</span> <span class='ocrx_word' id='word_1_221' title='bbox 3552 1671 3650 1725; x_wconf 78' lang='grc' dir='ltr'><strong>καὶ</strong></span> <span class='ocrx_word' id='word_1_222' title='bbox 3716 1711 3724 1717; x_wconf 93' lang='grc'><strong>.</strong></span> 
     </span>
    </p>
   </div>
   <div class='ocr_carea' id='block_1_33' title="bbox 2087 1751 3649 1828">
    <p class='ocr_par' dir='ltr' id='par_1_33' title="bbox 2087 1751 3649 1828">
     <span class='ocr_line' id='line_1_33' title="bbox 2087 1751 3649 1828; baseline 0.006 -24"><span class='ocrx_word' id='word_1_223' title='bbox 2087 1751 2399 1824; x_wconf 83' lang='grc' dir='ltr'>συνέρχεται</span> <span class='ocrx_word' id='word_1_224' title='bbox 2443 1751 2520 1822; x_wconf 82' lang='grc' dir='ltr'>τῷ</span> <span class='ocrx_word' id='word_1_225' title='bbox 2563 1751 2837 1824; x_wconf 82' lang='grc' dir='ltr'>ἀγάλματι</span> <span class='ocrx_word' id='word_1_226' title='bbox 2859 1770 2874 1783; x_wconf 74' lang='grc' dir='ltr'><strong>ο</strong></span> <span class='ocrx_word' id='word_1_227' title='bbox 2910 1754 3002 1807; x_wconf 65' lang='grc' dir='ltr'><strong>καὶ¹</strong></span> <span class='ocrx_word' id='word_1_228' title='bbox 3056 1755 3213 1809; x_wconf 82' lang='grc' dir='ltr'>τοῦτο</span> <span class='ocrx_word' id='word_1_229' title='bbox 3261 1758 3649 1828; x_wconf 81' lang='grc' dir='ltr'>Φιλοστέφανος</span> 
     </span>
    </p>
   </div>
   <div class='ocr_carea' id='block_1_34' title="bbox 424 1827 1990 1917">
    <p class='ocr_par' dir='ltr' id='par_1_34' title="bbox 424 1827 1986 1900">
     <span class='ocr_line' id='line_1_34' title="bbox 424 1827 1986 1900; baseline 0.007 -23"><span class='ocrx_word' id='word_1_230' title='bbox 424 1830 481 1887; x_wconf 66' lang='lat' dir='ltr'><strong>s14</strong></span> <span class='ocrx_word' id='word_1_231' title='bbox 503 1842 623 1894; x_wconf 70' lang='lat' dir='ltr'><strong>«piae</strong></span> <span class='ocrx_word' id='word_1_232' title='bbox 655 1827 856 1882; x_wconf 89' lang='lat' dir='ltr'><strong>nudam</strong></span> <span class='ocrx_word' id='word_1_233' title='bbox 875 1827 1135 1884; x_wconf 84' lang='lat' dir='ltr'><strong>Venerem</strong></span> <span class='ocrx_word' id='word_1_234' title='bbox 1167 1831 1602 1900; x_wconf 57' lang='lat' dir='ltr'><strong>repraesentabat,</strong></span> <span class='ocrx_word' id='word_1_235' title='bbox 1623 1847 1807 1887; x_wconf 89' lang='lat' dir='ltr'><strong>amore</strong></span> <span class='ocrx_word' id='word_1_236' title='bbox 1834 1834 1986 1889; x_wconf 86' lang='lat' dir='ltr'><strong>arsit.</strong></span> 
     </span>
    </p>
   </div>
   <div class='ocr_carea' id='block_1_35' title="bbox 2096 1827 3650 1917">
    <p class='ocr_par' dir='ltr' id='par_1_35' title="bbox 2096 1827 3650 1917">
     <span class='ocr_line' id='line_1_35' title="bbox 2096 1827 3650 1917; baseline 0.005 -25"><span class='ocrx_word' id='word_1_237' title='bbox 2096 1841 2309 1912; x_wconf 79' lang='grc' dir='ltr'>ιστορεῖ.</span> <span class='ocrx_word' id='word_1_238' title='bbox 2363 1841 2644 1914; x_wconf 78' lang='grc' dir='ltr'>Ἀφροδίτη</span> <span class='ocrx_word' id='word_1_239' title='bbox 2679 1842 2736 1894; x_wconf 85' lang='grc' dir='ltr'>δὲ</span> <span class='ocrx_word' id='word_1_240' title='bbox 2765 1841 2896 1914; x_wconf 86' lang='grc' dir='ltr'>άλλη</span> <span class='ocrx_word' id='word_1_241' title='bbox 2927 1846 2985 1895; x_wconf 81' lang='grc' dir='ltr'>ὲν</span> <span class='ocrx_word' id='word_1_242' title='bbox 3014 1844 3214 1916; x_wconf 83' lang='grc' dir='ltr'>Κνίδῳ,</span> <span class='ocrx_word' id='word_1_243' title='bbox 3247 1844 3390 1909; x_wconf 84' lang='grc' dir='ltr'>λίθος</span> <span class='ocrx_word' id='word_1_244' title='bbox 3421 1827 3507 1917; x_wconf 78' lang='grc' dir='ltr'>ἦν,</span> <span class='ocrx_word' id='word_1_245' title='bbox 3553 1848 3650 1900; x_wconf 78' lang='grc' dir='ltr'>και</span> 
     </span>
    </p>
   </div>
   <div class='ocr_carea' id='block_1_36' title="bbox 421 1915 1982 1994">
    <p class='ocr_par' dir='ltr' id='par_1_36' title="bbox 421 1915 1982 1994">
     <span class='ocr_line' id='line_1_36' title="bbox 421 1915 1982 1994; baseline 0.007 -24"><span class='ocrx_word' id='word_1_246' title='bbox 421 1915 578 1972; x_wconf 84' lang='lat' dir='ltr'><strong>Hunc</strong></span> <span class='ocrx_word' id='word_1_247' title='bbox 629 1918 810 1989; x_wconf 85' lang='lat' dir='ltr'><strong>itaque</strong></span> <span class='ocrx_word' id='word_1_248' title='bbox 841 1919 1099 1990; x_wconf 81' lang='lat' dir='ltr'><strong>Cyprium</strong></span> <span class='ocrx_word' id='word_1_249' title='bbox 1134 1931 1327 1977; x_wconf 77' lang='lat' dir='ltr'><strong>statua:</strong></span> <span class='ocrx_word' id='word_1_250' title='bbox 1359 1922 1530 1978; x_wconf 90' lang='lat' dir='ltr'><strong>forma</strong></span> <span class='ocrx_word' id='word_1_251' title='bbox 1577 1933 1814 1994; x_wconf 89' lang='lat' dir='ltr'><strong>captum,</strong></span> <span class='ocrx_word' id='word_1_252' title='bbox 1857 1941 1982 1981; x_wconf 88' lang='lat' dir='ltr'><strong>cum</strong></span> 
     </span>
    </p>
   </div>
   <div class='ocr_carea' id='block_1_37' title="bbox 421 2009 1983 2082">
    <p class='ocr_par' dir='ltr' id='par_1_37' title="bbox 421 2009 1983 2082">
     <span class='ocr_line' id='line_1_37' title="bbox 421 2009 1983 2082; baseline 0.006 -22"><span class='ocrx_word' id='word_1_253' title='bbox 421 2025 484 2063; x_wconf 75' lang='lat' dir='ltr'><strong>ea</strong></span> <span class='ocrx_word' id='word_1_254' title='bbox 531 2009 794 2074; x_wconf 82' lang='lat' dir='ltr'><strong>eoivisse,</strong></span> <span class='ocrx_word' id='word_1_255' title='bbox 853 2020 1043 2066; x_wconf 87' lang='lat' dir='ltr'><strong>auctor</strong></span> <span class='ocrx_word' id='word_1_256' title='bbox 1089 2021 1173 2066; x_wconf 82' lang='lat' dir='ltr'><strong>est</strong></span> <span class='ocrx_word' id='word_1_257' title='bbox 1214 2011 1708 2082; x_wconf 87' lang='lat' dir='ltr'><strong>Philostephanus;</strong></span> <span class='ocrx_word' id='word_1_258' title='bbox 1761 2017 1983 2070; x_wconf 86' lang='lat' dir='ltr'><strong>alteram</strong></span> 
     </span>
    </p>
   </div>
   <div class='ocr_carea' id='block_1_38' title="bbox 421 2098 1985 2173">
    <p class='ocr_par' dir='ltr' id='par_1_38' title="bbox 421 2098 1985 2173">
     <span class='ocr_line' id='line_1_38' title="bbox 421 2098 1985 2173; baseline 0.008 -24"><span class='ocrx_word' id='word_1_259' title='bbox 421 2114 584 2168; x_wconf 87' lang='lat' dir='ltr'><strong>porro</strong></span> <span class='ocrx_word' id='word_1_260' title='bbox 622 2098 779 2154; x_wconf 89' lang='lat' dir='ltr'><strong>Cnidi</strong></span> <span class='ocrx_word' id='word_1_261' title='bbox 834 2099 1004 2156; x_wconf 79' lang='lat' dir='ltr'><strong>fuisse</strong></span> <span class='ocrx_word' id='word_1_262' title='bbox 1052 2101 1309 2157; x_wconf 82' lang='lat' dir='ltr'><strong>Venerem</strong></span> <span class='ocrx_word' id='word_1_263' title='bbox 1348 2103 1544 2158; x_wconf 83' lang='lat' dir='ltr'><strong>eximia</strong></span> <span class='ocrx_word' id='word_1_264' title='bbox 1585 2103 1985 2173; x_wconf 84' lang='lat' dir='ltr'><strong>pulchritudine</strong></span> 
     </span>
    </p>
   </div>
   <div class='ocr_carea' id='block_1_39' title="bbox 419 2191 1984 2266">
    <p class='ocr_par' dir='ltr' id='par_1_39' title="bbox 419 2191 1984 2266">
     <span class='ocr_line' id='line_1_39' title="bbox 419 2191 1984 2266; baseline 0.006 -22"><span class='ocrx_word' id='word_1_265' title='bbox 419 2191 650 2244; x_wconf 88' lang='lat' dir='ltr'><strong>ellictam</strong></span> <span class='ocrx_word' id='word_1_266' title='bbox 685 2206 716 2244; x_wconf 92' lang='lat' dir='ltr'><strong>e</strong></span> <span class='ocrx_word' id='word_1_267' title='bbox 748 2191 945 2260; x_wconf 89' lang='lat' dir='ltr'><strong>lapide,</strong></span> <span class='ocrx_word' id='word_1_268' title='bbox 979 2193 1136 2263; x_wconf 89' lang='lat' dir='ltr'><strong>cujus</strong></span> <span class='ocrx_word' id='word_1_269' title='bbox 1175 2195 1451 2249; x_wconf 88' lang='lat' dir='ltr'><strong>incensum</strong></span> <span class='ocrx_word' id='word_1_270' title='bbox 1481 2211 1664 2250; x_wconf 90' lang='lat' dir='ltr'><strong>amore</strong></span> <span class='ocrx_word' id='word_1_271' title='bbox 1697 2197 1984 2266; x_wconf 89' lang='lat' dir='ltr'><strong>quemdam</strong></span> 
     </span>
    </p>
   </div>
   <div class='ocr_carea' id='block_1_40' title="bbox 421 2281 1987 2355">
    <p class='ocr_par' dir='ltr' id='par_1_40' title="bbox 421 2281 1987 2355">
     <span class='ocr_line' id='line_1_40' title="bbox 421 2281 1987 2355; baseline 0.008 -22"><span class='ocrx_word' id='word_1_272' title='bbox 421 2281 588 2335; x_wconf 86' lang='lat' dir='ltr'><strong>alium</strong></span> <span class='ocrx_word' id='word_1_273' title='bbox 636 2297 760 2336; x_wconf 90' lang='lat' dir='ltr'><strong>cum</strong></span> <span class='ocrx_word' id='word_1_274' title='bbox 804 2283 979 2352; x_wconf 84' lang='lat' dir='ltr'><strong>lapide</strong></span> <span class='ocrx_word' id='word_1_275' title='bbox 1004 2285 1454 2339; x_wconf 85' lang='lat' dir='ltr'><strong>consuetudinem</strong></span> <span class='ocrx_word' id='word_1_276' title='bbox 1489 2287 1764 2355; x_wconf 86' lang='lat' dir='ltr'><strong>habuisse,</strong></span> <span class='ocrx_word' id='word_1_277' title='bbox 1800 2289 1987 2346; x_wconf 84' lang='lat' dir='ltr'><strong>scribit</strong></span> 
     </span>
    </p>
   </div>
   <div class='ocr_carea' id='block_1_41' title="bbox 422 2371 1988 2452">
    <p class='ocr_par' dir='ltr' id='par_1_41' title="bbox 422 2371 1988 2452">
     <span class='ocr_line' id='line_1_41' title="bbox 422 2371 1988 2452; baseline 0.008 -28"><span class='ocrx_word' id='word_1_278' title='bbox 422 2371 782 2444; x_wconf 86' lang='lat' dir='ltr'><strong>Posidippus;</strong></span> <span class='ocrx_word' id='word_1_279' title='bbox 821 2375 910 2429; x_wconf 92' lang='lat' dir='ltr'><strong>ille</strong></span> <span class='ocrx_word' id='word_1_280' title='bbox 956 2377 1174 2445; x_wconf 87' lang='lat' dir='ltr'><strong>quidem</strong></span> <span class='ocrx_word' id='word_1_281' title='bbox 1203 2376 1343 2432; x_wconf 90' lang='lat' dir='ltr'><strong>libro</strong></span> <span class='ocrx_word' id='word_1_282' title='bbox 1376 2392 1535 2448; x_wconf 89' lang='lat' dir='ltr'><strong>quem</strong></span> <span class='ocrx_word' id='word_1_283' title='bbox 1569 2379 1636 2434; x_wconf 91' lang='lat' dir='ltr'><strong>de</strong></span> <span class='ocrx_word' id='word_1_284' title='bbox 1661 2379 1862 2452; x_wconf 87' lang='lat' dir='ltr'><strong>Cypro,</strong></span> <span class='ocrx_word' id='word_1_285' title='bbox 1896 2381 1988 2438; x_wconf 87' lang='lat' dir='ltr'><strong>hic</strong></span> 
     </span>
    </p>
   </div>
   <div class='ocr_carea' id='block_1_42' title="bbox 423 2468 1986 2541">
    <p class='ocr_par' dir='ltr' id='par_1_42' title="bbox 423 2468 1986 2541">
     <span class='ocr_line' id='line_1_42' title="bbox 423 2468 1986 2541; baseline 0.004 -20"><span class='ocrx_word' id='word_1_286' title='bbox 423 2477 602 2522; x_wconf 91' lang='lat' dir='ltr'><strong>autem</strong></span> <span class='ocrx_word' id='word_1_287' title='bbox 653 2469 705 2522; x_wconf 92' lang='lat' dir='ltr'><strong>in</strong></span> <span class='ocrx_word' id='word_1_288' title='bbox 759 2483 846 2531; x_wconf 92' lang='lat' dir='ltr'><strong>eo,</strong></span> <span class='ocrx_word' id='word_1_289' title='bbox 889 2483 1050 2538; x_wconf 91' lang='lat' dir='ltr'><strong>quem</strong></span> <span class='ocrx_word' id='word_1_290' title='bbox 1095 2469 1162 2522; x_wconf 88' lang='lat' dir='ltr'><strong>de</strong></span> <span class='ocrx_word' id='word_1_291' title='bbox 1210 2468 1385 2524; x_wconf 88' lang='lat' dir='ltr'><strong>Cnido</strong></span> <span class='ocrx_word' id='word_1_292' title='bbox 1433 2472 1771 2541; x_wconf 89' lang='lat' dir='ltr'><strong>conscripsit.</strong></span> <span class='ocrx_word' id='word_1_293' title='bbox 1814 2471 1986 2528; x_wconf 84' lang='lat' dir='ltr'><strong>Tanta</strong></span> 
     </span>
    </p>
   </div>
   <div class='ocr_carea' id='block_1_43' title="bbox 425 2559 1987 2629">
    <p class='ocr_par' dir='ltr' id='par_1_43' title="bbox 425 2559 1987 2629">
     <span class='ocr_line' id='line_1_43' title="bbox 425 2559 1987 2629; baseline 0.003 -17"><span class='ocrx_word' id='word_1_294' title='bbox 425 2559 597 2612; x_wconf 91' lang='lat' dir='ltr'><strong>inerat</strong></span> <span class='ocrx_word' id='word_1_295' title='bbox 629 2559 728 2612; x_wconf 89' lang='lat' dir='ltr'><strong>arti</strong></span> <span class='ocrx_word' id='word_1_296' title='bbox 750 2559 1051 2628; x_wconf 90' lang='lat' dir='ltr'><strong>decipiendi</strong></span> <span class='ocrx_word' id='word_1_297' title='bbox 1087 2560 1345 2629; x_wconf 90' lang='lat' dir='ltr'><strong>potentia,</strong></span> <span class='ocrx_word' id='word_1_298' title='bbox 1379 2571 1437 2615; x_wconf 94' lang='lat' dir='ltr'><strong>ut</strong></span> <span class='ocrx_word' id='word_1_299' title='bbox 1462 2562 1780 2618; x_wconf 88' lang='lat' dir='ltr'><strong>libidinosos</strong></span> <span class='ocrx_word' id='word_1_300' title='bbox 1812 2564 1987 2619; x_wconf 81' lang='lat' dir='ltr'><strong>homi-</strong></span> 
     </span>
    </p>
   </div>
   <div class='ocr_carea' id='block_1_44' title="bbox 425 2647 1984 2722">
    <p class='ocr_par' dir='ltr' id='par_1_44' title="bbox 425 2647 1984 2722">
     <span class='ocr_line' id='line_1_44' title="bbox 425 2647 1984 2722; baseline 0.003 -20"><span class='ocrx_word' id='word_1_301' title='bbox 425 2664 523 2703; x_wconf 91' lang='lat' dir='ltr'><strong>nes</strong></span> <span class='ocrx_word' id='word_1_302' title='bbox 571 2647 690 2717; x_wconf 89' lang='lat' dir='ltr'><strong>ejus</strong></span> <span class='ocrx_word' id='word_1_303' title='bbox 722 2647 1007 2705; x_wconf 78' lang='lat' dir='ltr'><strong>fraudibus</strong></span> <span class='ocrx_word' id='word_1_304' title='bbox 1039 2659 1237 2722; x_wconf 80' lang='lat' dir='ltr'><strong>‘eaptos</strong></span> <span class='ocrx_word' id='word_1_305' title='bbox 1270 2651 1325 2704; x_wconf 89' lang='lat' dir='ltr'><strong>in</strong></span> <span class='ocrx_word' id='word_1_306' title='bbox 1370 2651 1687 2706; x_wconf 82' lang='lat' dir='ltr'><strong>barathrum</strong></span> <span class='ocrx_word' id='word_1_307' title='bbox 1741 2653 1984 2709; x_wconf 84' lang='lat' dir='ltr'><strong>illiceret.</strong></span> 
     </span>
    </p>
   </div>
   <div class='ocr_carea' id='block_1_45' title="bbox 381 2739 1988 2814">
    <p class='ocr_par' dir='ltr' id='par_1_45' title="bbox 381 2739 1988 2814">
     <span class='ocr_line' id='line_1_45' title="bbox 381 2739 1988 2814; baseline 0.002 -18"><span class='ocrx_word' id='word_1_308' title='bbox 381 2793 392 2796; x_wconf 83' lang='lat'><strong>._</strong></span> <span class='ocrx_word' id='word_1_309' title='bbox 425 2739 788 2808; x_wconf 87' lang='lat' dir='ltr'><strong>Quascunque</strong></span> <span class='ocrx_word' id='word_1_310' title='bbox 837 2749 1016 2794; x_wconf 87' lang='lat' dir='ltr'><strong>autem</strong></span> <span class='ocrx_word' id='word_1_311' title='bbox 1051 2741 1192 2794; x_wconf 89' lang='lat' dir='ltr'><strong>vires</strong></span> <span class='ocrx_word' id='word_1_312' title='bbox 1233 2751 1464 2796; x_wconf 90' lang='lat' dir='ltr'><strong>ostentet</strong></span> <span class='ocrx_word' id='word_1_313' title='bbox 1507 2741 1816 2814; x_wconf 89' lang='lat' dir='ltr'><strong>hujusmodi</strong></span> <span class='ocrx_word' id='word_1_314' title='bbox 1862 2759 1950 2799; x_wconf 92' lang='lat' dir='ltr'><strong>ars</strong></span> <span class='ocrx_word' id='word_1_315' title='bbox 1967 2765 1988 2809; x_wconf 52' lang='grc' dir='ltr'><strong>,λ</strong></span> 
     </span>
    </p>
   </div>
   <div class='ocr_carea' id='block_1_46' title="bbox 424 2829 2002 2903">
    <p class='ocr_par' dir='ltr' id='par_1_46' title="bbox 424 2829 2002 2903">
     <span class='ocr_line' id='line_1_46' title="bbox 424 2829 2002 2903; baseline 0.003 -19"><span class='ocrx_word' id='word_1_316' title='bbox 424 2831 649 2885; x_wconf 87' lang='lat' dir='ltr'><strong>minime</strong></span> <span class='ocrx_word' id='word_1_317' title='bbox 681 2840 863 2886; x_wconf 91' lang='lat' dir='ltr'><strong>tamen</strong></span> <span class='ocrx_word' id='word_1_318' title='bbox 911 2847 1005 2887; x_wconf 91' lang='lat' dir='ltr'><strong>eos</strong></span> <span class='ocrx_word' id='word_1_319' title='bbox 1057 2831 1242 2887; x_wconf 90' lang='lat' dir='ltr'><strong>fallere</strong></span> <span class='ocrx_word' id='word_1_320' title='bbox 1275 2833 1434 2897; x_wconf 74' lang='lat' dir='ltr'><strong>valet,</strong></span> <span class='ocrx_word' id='word_1_321' title='bbox 1475 2834 1568 2903; x_wconf 91' lang='lat' dir='ltr'><strong>qui</strong></span> <span class='ocrx_word' id='word_1_322' title='bbox 1613 2844 1738 2889; x_wconf 91' lang='lat' dir='ltr'><strong>sunt</strong></span> <span class='ocrx_word' id='word_1_323' title='bbox 1780 2829 2002 2890; x_wconf 81' lang='lat' dir='ltr'><strong>ratione</strong></span> 
     </span>
    </p>
   </div>
   <div class='ocr_carea' id='block_1_47' title="bbox 427 2921 1990 2994">
    <p class='ocr_par' dir='ltr' id='par_1_47' title="bbox 427 2921 1990 2994">
     <span class='ocr_line' id='line_1_47' title="bbox 427 2921 1990 2994; baseline 0.002 -18"><span class='ocrx_word' id='word_1_324' title='bbox 427 2921 673 2991; x_wconf 56' lang='lat' dir='ltr'><strong>praediti,</strong></span> <span class='ocrx_word' id='word_1_325' title='bbox 708 2921 936 2992; x_wconf 87' lang='lat' dir='ltr'><strong>ejusque</strong></span> <span class='ocrx_word' id='word_1_326' title='bbox 969 2937 1037 2978; x_wconf 78' lang='lat' dir='ltr'><strong>ex</strong></span> <span class='ocrx_word' id='word_1_327' title='bbox 1082 2925 1398 2994; x_wconf 67' lang='lat' dir='ltr'><strong>praescripto</strong></span> <span class='ocrx_word' id='word_1_328' title='bbox 1445 2924 1649 2978; x_wconf 72' lang='lat' dir='ltr'><strong>vivunt.</strong></span> <span class='ocrx_word' id='word_1_329' title='bbox 1705 2923 1990 2994; x_wconf 88' lang='lat' dir='ltr'><strong>Utcunque</strong></span> 
     </span>
    </p>
   </div>
   <div class='ocr_carea' id='block_1_48' title="bbox 425 3013 1988 3099">
    <p class='ocr_par' dir='ltr' id='par_1_48' title="bbox 425 3013 1988 3099">
     <span class='ocr_line' id='line_1_48' title="bbox 425 3013 1988 3099; baseline 0 -29"><span class='ocrx_word' id='word_1_330' title='bbox 425 3013 566 3070; x_wconf 82' lang='lat' dir='ltr'><strong>enim</strong></span> <span class='ocrx_word' id='word_1_331' title='bbox 594 3013 844 3099; x_wconf 74' lang='lat' dir='ltr'><strong>pingendi</strong></span> <span class='ocrx_word' id='word_1_332' title='bbox 875 3023 992 3068; x_wconf 91' lang='lat' dir='ltr'><strong>arte</strong></span> <span class='ocrx_word' id='word_1_333' title='bbox 1023 3014 1286 3069; x_wconf 72' lang='lat' dir='ltr'><strong>columba:</strong></span> <span class='ocrx_word' id='word_1_334' title='bbox 1316 3015 1518 3070; x_wconf 80' lang='lat' dir='ltr'><strong>fuerint</strong></span> <span class='ocrx_word' id='word_1_335' title='bbox 1556 3016 1689 3070; x_wconf 90' lang='lat' dir='ltr'><strong>adeo</strong></span> <span class='ocrx_word' id='word_1_336' title='bbox 1713 3016 1780 3070; x_wconf 87' lang='lat' dir='ltr'><strong>a‘d</strong></span> <span class='ocrx_word' id='word_1_337' title='bbox 1805 3017 1988 3071; x_wconf 70' lang='lat' dir='ltr'><strong>vivum</strong></span> 
     </span>
    </p>
   </div>
   <div class='ocr_carea' id='block_1_49' title="bbox 425 3104 1991 3174">
    <p class='ocr_par' dir='ltr' id='par_1_49' title="bbox 425 3104 1991 3174">
     <span class='ocr_line' id='line_1_49' title="bbox 425 3104 1991 3174; baseline 0.001 -15"><span class='ocrx_word' id='word_1_338' title='bbox 425 3118 714 3174; x_wconf 70' lang='lat' dir='ltr'><strong>expressae,</strong></span> <span class='ocrx_word' id='word_1_339' title='bbox 748 3114 806 3159; x_wconf 91' lang='lat' dir='ltr'><strong>ut</strong></span> <span class='ocrx_word' id='word_1_340' title='bbox 831 3104 895 3160; x_wconf 89' lang='lat' dir='ltr'><strong>ad</strong></span> <span class='ocrx_word' id='word_1_341' title='bbox 929 3121 1023 3160; x_wconf 87' lang='lat' dir='ltr'><strong>eas</strong></span> <span class='ocrx_word' id='word_1_342' title='bbox 1061 3107 1179 3160; x_wconf 74' lang='lat' dir='ltr'><strong>alia:</strong></span> <span class='ocrx_word' id='word_1_343' title='bbox 1211 3105 1474 3162; x_wconf 62' lang='lat' dir='ltr'><strong>columba:</strong></span> <span class='ocrx_word' id='word_1_344' title='bbox 1507 3106 1826 3174; x_wconf 83' lang='lat' dir='ltr'><strong>advolarint,</strong></span> <span class='ocrx_word' id='word_1_345' title='bbox 1857 3107 1991 3162; x_wconf 85' lang='lat' dir='ltr'><strong>ima-</strong></span> 
     </span>
    </p>
   </div>
   <div class='ocr_carea' id='block_1_50' title="bbox 2084 1927 3647 2011">
    <p class='ocr_par' dir='ltr' id='par_1_50' title="bbox 2084 1927 3647 2011">
     <span class='ocr_line' id='line_1_50' title="bbox 2084 1927 3647 2011; baseline 0.006 -27"><span class='ocrx_word' id='word_1_346' title='bbox 2084 1931 2221 2002; x_wconf 83' lang='grc' dir='ltr'>καλὴ</span> <span class='ocrx_word' id='word_1_347' title='bbox 2268 1927 2370 2002; x_wconf 81' lang='grc' dir='ltr'><strong>ἦν·</strong></span> <span class='ocrx_word' id='word_1_348' title='bbox 2419 1932 2602 2004; x_wconf 78' lang='grc' dir='ltr'>ἕτερος</span> <span class='ocrx_word' id='word_1_349' title='bbox 2653 1934 2864 2006; x_wconf 66' lang='grc' dir='ltr'>ἠράσθη</span> <span class='ocrx_word' id='word_1_350' title='bbox 2912 1935 3132 2007; x_wconf 84' lang='grc' dir='ltr'>ταύτης,</span> <span class='ocrx_word' id='word_1_351' title='bbox 3171 1938 3262 1990; x_wconf 73' lang='grc' dir='ltr'>καὶ</span> <span class='ocrx_word' id='word_1_352' title='bbox 3302 1939 3548 2008; x_wconf 87' lang='grc' dir='ltr'>μίγνυται</span> <span class='ocrx_word' id='word_1_353' title='bbox 3578 1943 3647 2011; x_wconf 82' lang='grc' dir='ltr'>τῇ</span> 
     </span>
    </p>
   </div>
   <div class='ocr_carea' id='block_1_51' title="bbox 2082 2015 3651 2098">
    <p class='ocr_par' dir='ltr' id='par_1_51' title="bbox 2082 2015 3651 2098">
     <span class='ocr_line' id='line_1_51' title="bbox 2082 2015 3651 2098; baseline 0.009 -30"><span class='ocrx_word' id='word_1_354' title='bbox 2082 2015 2213 2086; x_wconf 83' lang='grc' dir='ltr'>λίθῳ</span> <span class='ocrx_word' id='word_1_355' title='bbox 2230 2016 2365 2086; x_wconf 82' lang='grc'>(91)·</span> <span class='ocrx_word' id='word_1_356' title='bbox 2399 2018 2725 2083; x_wconf 87' lang='grc' dir='ltr'>Ποσίδιππος</span> <span class='ocrx_word' id='word_1_357' title='bbox 2751 2023 2981 2092; x_wconf 77' lang='grc' dir='ltr'>ἱστορεῖ·</span> <span class='ocrx_word' id='word_1_358' title='bbox 3009 2024 3036 2075; x_wconf 88' lang='lat'><strong>6</strong></span> <span class='ocrx_word' id='word_1_359' title='bbox 3064 2025 3160 2094; x_wconf 79' lang='grc' dir='ltr'>μὲν</span> <span class='ocrx_word' id='word_1_360' title='bbox 3199 2027 3459 2098; x_wconf 82' lang='grc' dir='ltr'>πρότερος</span> <span class='ocrx_word' id='word_1_361' title='bbox 3491 2031 3546 2081; x_wconf 85' lang='grc' dir='ltr'>ὲν</span> <span class='ocrx_word' id='word_1_362' title='bbox 3571 2029 3651 2098; x_wconf 81' lang='grc' dir='ltr'>τῷ</span> 
     </span>
    </p>
   </div>
   <div class='ocr_carea' id='block_1_52' title="bbox 2083 2106 3644 2183">
    <p class='ocr_par' dir='ltr' id='par_1_52' title="bbox 2083 2106 3644 2183">
     <span class='ocr_line' id='line_1_52' title="bbox 2083 2106 3644 2183; baseline 0.008 -25"><span class='ocrx_word' id='word_1_363' title='bbox 2083 2107 2209 2177; x_wconf 74' lang='grc' dir='ltr'>περὶ</span> <span class='ocrx_word' id='word_1_364' title='bbox 2238 2106 2482 2180; x_wconf 82' lang='grc' dir='ltr'>Κύπρου,</span> <span class='ocrx_word' id='word_1_365' title='bbox 2510 2111 2538 2162; x_wconf 87' lang='lat'><strong>6</strong></span> <span class='ocrx_word' id='word_1_366' title='bbox 2567 2109 2622 2162; x_wconf 85' lang='grc' dir='ltr'>δὲ</span> <span class='ocrx_word' id='word_1_367' title='bbox 2651 2109 2832 2182; x_wconf 73' lang='grc' dir='ltr'>ἕτερος</span> <span class='ocrx_word' id='word_1_368' title='bbox 2864 2112 2922 2164; x_wconf 80' lang='grc' dir='ltr'>ὲν</span> <span class='ocrx_word' id='word_1_369' title='bbox 2951 2111 3030 2182; x_wconf 80' lang='grc' dir='ltr'>τῷ</span> <span class='ocrx_word' id='word_1_370' title='bbox 3057 2112 3182 2183; x_wconf 74' lang='grc' dir='ltr'>περὶ</span> <span class='ocrx_word' id='word_1_371' title='bbox 3201 2113 3414 2170; x_wconf 88' lang='grc' dir='ltr'>Κνίδου.</span> <span class='ocrx_word' id='word_1_372' title='bbox 3438 2116 3644 2170; x_wconf 81' lang='grc' dir='ltr'>Τοσοῦ-</span> 
     </span>
    </p>
   </div>
   <div class='ocr_carea' id='block_1_53' title="bbox 2081 2199 3643 2278">
    <p class='ocr_par' dir='ltr' id='par_1_53' title="bbox 2081 2199 3643 2278">
     <span class='ocr_line' id='line_1_53' title="bbox 2081 2199 3643 2278; baseline 0.008 -27"><span class='ocrx_word' id='word_1_373' title='bbox 2081 2215 2172 2251; x_wconf 88' lang='grc' dir='ltr'><strong>τον</strong></span> <span class='ocrx_word' id='word_1_374' title='bbox 2215 2199 2428 2271; x_wconf 85' lang='grc' dir='ltr'>ῐσχυσεν</span> <span class='ocrx_word' id='word_1_375' title='bbox 2469 2202 2743 2272; x_wconf 80' lang='grc' dir='ltr'>ἀπατῆσαι</span> <span class='ocrx_word' id='word_1_376' title='bbox 2780 2201 2970 2273; x_wconf 83' lang='grc' dir='ltr'>τέχνη,</span> <span class='ocrx_word' id='word_1_377' title='bbox 3008 2209 3359 2277; x_wconf 77' lang='grc' dir='ltr'>προσαγωγὺς</span> <span class='ocrx_word' id='word_1_378' title='bbox 3399 2206 3508 2278; x_wconf 76' lang='grc'>(92)</span> <span class='ocrx_word' id='word_1_379' title='bbox 3550 2210 3643 2263; x_wconf 82' lang='grc' dir='ltr'>άν-</span> 
     </span>
    </p>
   </div>
   <div class='ocr_carea' id='block_1_54' title="bbox 2082 2288 3643 2372">
    <p class='ocr_par' dir='ltr' id='par_1_54' title="bbox 2082 2288 3643 2372">
     <span class='ocr_line' id='line_1_54' title="bbox 2082 2288 3643 2372; baseline 0.008 -31"><span class='ocrx_word' id='word_1_380' title='bbox 2082 2288 2318 2360; x_wconf 81' lang='grc' dir='ltr'>θρώποις</span> <span class='ocrx_word' id='word_1_381' title='bbox 2348 2292 2626 2362; x_wconf 78' lang='grc' dir='ltr'>ἐρωτικοῖς</span> <span class='ocrx_word' id='word_1_382' title='bbox 2655 2295 2733 2358; x_wconf 86' lang='grc' dir='ltr'><strong>είς</strong></span> <span class='ocrx_word' id='word_1_383' title='bbox 2761 2293 3028 2367; x_wconf 83' lang='grc' dir='ltr'>βάραθρον</span> <span class='ocrx_word' id='word_1_384' title='bbox 3073 2298 3355 2371; x_wconf 82' lang='grc' dir='ltr'>γενομένη.</span> <span class='ocrx_word' id='word_1_385' title='bbox 3397 2301 3643 2372; x_wconf 87' lang='grc' dir='ltr'>Δραστή-</span> 
     </span>
    </p>
   </div>
   <div class='ocr_carea' id='block_1_55' title="bbox 2082 2383 3642 2461">
    <p class='ocr_par' dir='ltr' id='par_1_55' title="bbox 2082 2383 3642 2461">
     <span class='ocr_line' id='line_1_55' title="bbox 2082 2383 3642 2461; baseline 0.005 -27"><span class='ocrx_word' id='word_1_386' title='bbox 2082 2397 2196 2451; x_wconf 91' lang='grc' dir='ltr'>ριος</span> <span class='ocrx_word' id='word_1_387' title='bbox 2227 2383 2324 2452; x_wconf 83' lang='grc' dir='ltr'>μὲν</span> <span class='ocrx_word' id='word_1_388' title='bbox 2365 2385 2396 2453; x_wconf 85' lang='grc' dir='ltr'>ὴ</span> <span class='ocrx_word' id='word_1_389' title='bbox 2439 2383 2819 2457; x_wconf 82' lang='grc' dir='ltr'>δημιουργικὴ,</span> <span class='ocrx_word' id='word_1_390' title='bbox 2861 2387 2976 2442; x_wconf 85' lang='grc' dir='ltr'>ἀλλ’</span> <span class='ocrx_word' id='word_1_391' title='bbox 3017 2391 3112 2460; x_wconf 82' lang='grc' dir='ltr'>οὐχ</span> <span class='ocrx_word' id='word_1_392' title='bbox 3147 2393 3235 2444; x_wconf 81' lang='grc' dir='ltr'>οἵα</span> <span class='ocrx_word' id='word_1_393' title='bbox 3274 2409 3332 2444; x_wconf 88' lang='grc' dir='ltr'><strong>τε</strong></span> <span class='ocrx_word' id='word_1_394' title='bbox 3363 2391 3642 2461; x_wconf 82' lang='grc' dir='ltr'>ἀπατῆσαι</span> 
     </span>
    </p>
   </div>
   <div class='ocr_carea' id='block_1_56' title="bbox 2079 2471 3639 2551">
    <p class='ocr_par' dir='ltr' id='par_1_56' title="bbox 2079 2471 3639 2551">
     <span class='ocr_line' id='line_1_56' title="bbox 2079 2471 3639 2551; baseline 0.006 -27"><span class='ocrx_word' id='word_1_395' title='bbox 2079 2471 2310 2541; x_wconf 80' lang='grc' dir='ltr'>λογικὸν,</span> <span class='ocrx_word' id='word_1_396' title='bbox 2341 2473 2458 2526; x_wconf 80' lang='grc' dir='ltr'>οὐδὲ</span> <span class='ocrx_word' id='word_1_397' title='bbox 2503 2476 2608 2546; x_wconf 82' lang='grc' dir='ltr'>μὴν</span> <span class='ocrx_word' id='word_1_398' title='bbox 2637 2477 2759 2539; x_wconf 79' lang='grc' dir='ltr'>τοὺς</span> <span class='ocrx_word' id='word_1_399' title='bbox 2800 2480 2939 2531; x_wconf 83' lang='grc' dir='ltr'>κατὰ</span> <span class='ocrx_word' id='word_1_400' title='bbox 2970 2480 3126 2548; x_wconf 81' lang='grc' dir='ltr'>λόγον</span> <span class='ocrx_word' id='word_1_401' title='bbox 3151 2481 3475 2550; x_wconf 72' lang='grc' dir='ltr'>βεϐιωκότας</span> <span class='ocrx_word' id='word_1_402' title='bbox 3502 2479 3639 2551; x_wconf 83' lang='grc'>(95).</span> 
     </span>
    </p>
   </div>
   <div class='ocr_carea' id='block_1_57' title="bbox 2087 2557 3651 2637">
    <p class='ocr_par' dir='ltr' id='par_1_57' title="bbox 2087 2557 3651 2637">
     <span class='ocr_line' id='line_1_57' title="bbox 2087 2557 3651 2637; baseline 0.004 -25"><span class='ocrx_word' id='word_1_403' title='bbox 2087 2557 2370 2631; x_wconf 79' lang='grc' dir='ltr'>ζωγραφίᾳ</span> <span class='ocrx_word' id='word_1_404' title='bbox 2394 2560 2488 2629; x_wconf 77' lang='grc' dir='ltr'>μὲν</span> <span class='ocrx_word' id='word_1_405' title='bbox 2526 2558 2653 2630; x_wconf 83' lang='grc' dir='ltr'>γὰρ,</span> <span class='ocrx_word' id='word_1_406' title='bbox 2675 2559 2742 2612; x_wconf 82' lang='grc' dir='ltr'><strong>δι’</strong></span> <span class='ocrx_word' id='word_1_407' title='bbox 2772 2561 3063 2630; x_wconf 84' lang='grc' dir='ltr'>ὁμοιότητα</span> <span class='ocrx_word' id='word_1_408' title='bbox 3097 2563 3479 2633; x_wconf 88' lang='grc' dir='ltr'>σκιαγραφίας,</span> <span class='ocrx_word' id='word_1_409' title='bbox 3498 2581 3651 2637; x_wconf 84' lang='grc' dir='ltr'>περι-</span> 
     </span>
    </p>
   </div>
   <div class='ocr_carea' id='block_1_58' title="bbox 2089 2649 3651 2729">
    <p class='ocr_par' dir='ltr' id='par_1_58' title="bbox 2089 2649 3651 2729">
     <span class='ocr_line' id='line_1_58' title="bbox 2089 2649 3651 2729; baseline 0.004 -26"><span class='ocrx_word' id='word_1_410' title='bbox 2089 2653 2301 2722; x_wconf 85' lang='grc' dir='ltr'>στεραῖς</span> <span class='ocrx_word' id='word_1_411' title='bbox 2323 2649 2430 2720; x_wconf 73' lang='grc'>(94)</span> <span class='ocrx_word' id='word_1_412' title='bbox 2460 2650 2836 2724; x_wconf 84' lang='grc' dir='ltr'>προσέπτησαν</span> <span class='ocrx_word' id='word_1_413' title='bbox 2867 2650 3140 2716; x_wconf 85' lang='grc' dir='ltr'>πελειάδες</span> <span class='ocrx_word' id='word_1_414' title='bbox 3162 2669 3175 2683; x_wconf 75' lang='grc' dir='ltr'><strong>ο</strong></span> <span class='ocrx_word' id='word_1_415' title='bbox 3211 2654 3305 2729; x_wconf 76' lang='grc' dir='ltr'>καὶ</span> <span class='ocrx_word' id='word_1_416' title='bbox 3331 2654 3512 2718; x_wconf 84' lang='grc' dir='ltr'>ἵπποις</span> <span class='ocrx_word' id='word_1_417' title='bbox 3536 2655 3651 2727; x_wconf 76' lang='grc'>(93)</span> 
     </span>
    </p>
   </div>
   <div class='ocr_carea' id='block_1_59' title="bbox 2087 2731 3650 2819">
    <p class='ocr_par' dir='ltr' id='par_1_59' title="bbox 2087 2731 3650 2819">
     <span class='ocr_line' id='line_1_59' title="bbox 2087 2731 3650 2819; baseline 0.003 -23"><span class='ocrx_word' id='word_1_418' title='bbox 2087 2742 2265 2806; x_wconf 84' lang='grc' dir='ltr'>καλῶς</span> <span class='ocrx_word' id='word_1_419' title='bbox 2303 2743 2709 2814; x_wconf 83' lang='grc' dir='ltr'>γεγραμμέναις</span> <span class='ocrx_word' id='word_1_420' title='bbox 2751 2731 3244 2816; x_wconf 84' lang='grc' dir='ltr'>προσεχρεμέτισαν</span> <span class='ocrx_word' id='word_1_421' title='bbox 3269 2746 3440 2804; x_wconf 77' lang='grc' dir='ltr'>ἵπποι.</span> <span class='ocrx_word' id='word_1_422' title='bbox 3488 2748 3650 2819; x_wconf 89' lang='grc' dir='ltr'>Ἐρα-</span> 
     </span>
    </p>
   </div>
   <div class='ocr_carea' id='block_1_60' title="bbox 2089 2833 3643 2905">
    <p class='ocr_par' dir='ltr' id='par_1_60' title="bbox 2089 2833 3643 2905">
     <span class='ocr_line' id='line_1_60' title="bbox 2089 2833 3643 2905; baseline 0.001 -17"><span class='ocrx_word' id='word_1_423' title='bbox 2089 2835 2278 2904; x_wconf 83' lang='grc' dir='ltr'>σθῆναι</span> <span class='ocrx_word' id='word_1_424' title='bbox 2312 2835 2479 2905; x_wconf 84' lang='grc' dir='ltr'>κόρην</span> <span class='ocrx_word' id='word_1_425' title='bbox 2511 2835 2716 2897; x_wconf 80' lang='grc' dir='ltr'>εἰκόνος</span> <span class='ocrx_word' id='word_1_426' title='bbox 2747 2833 2996 2904; x_wconf 86' lang='grc' dir='ltr'>λέγουσι·</span> <span class='ocrx_word' id='word_1_427' title='bbox 3031 2836 3122 2890; x_wconf 74' lang='grc' dir='ltr'>καὶ</span> <span class='ocrx_word' id='word_1_428' title='bbox 3166 2837 3282 2890; x_wconf 90' lang='grc' dir='ltr'>νέον</span> <span class='ocrx_word' id='word_1_429' title='bbox 3328 2837 3490 2892; x_wconf 76' lang='grc' dir='ltr'>καλὸν</span> <span class='ocrx_word' id='word_1_430' title='bbox 3520 2839 3643 2891; x_wconf 66' lang='grc' dir='ltr'>Κνι.</span> 
     </span>
    </p>
   </div>
   <div class='ocr_carea' id='block_1_61' title="bbox 2086 2921 3654 2998">
    <p class='ocr_par' dir='ltr' id='par_1_61' title="bbox 2086 2921 3654 2998">
     <span class='ocr_line' id='line_1_61' title="bbox 2086 2921 3654 2998; baseline 0.004 -21"><span class='ocrx_word' id='word_1_431' title='bbox 2086 2924 2196 2978; x_wconf 82' lang='grc' dir='ltr'>δίου</span> <span class='ocrx_word' id='word_1_432' title='bbox 2251 2925 2582 2995; x_wconf 83' lang='grc' dir='ltr'>ἀγάλματος.</span> <span class='ocrx_word' id='word_1_433' title='bbox 2651 2926 2789 2978; x_wconf 79' lang='grc' dir='ltr'>Ἀλλ’</span> <span class='ocrx_word' id='word_1_434' title='bbox 2836 2921 2976 2997; x_wconf 79' lang='grc' dir='ltr'>ἦσαν</span> <span class='ocrx_word' id='word_1_435' title='bbox 3022 2926 3128 2980; x_wconf 87' lang='grc' dir='ltr'>τῶν</span> <span class='ocrx_word' id='word_1_436' title='bbox 3175 2926 3378 2982; x_wconf 83' lang='grc' dir='ltr'>θεατῶν</span> <span class='ocrx_word' id='word_1_437' title='bbox 3416 2931 3471 2983; x_wconf 72' lang='grc' dir='ltr'>αἱ</span> <span class='ocrx_word' id='word_1_438' title='bbox 3499 2929 3654 2998; x_wconf 58' lang='lat' dir='ltr'><strong>etet;</strong></span> 
     </span>
    </p>
   </div>
   <div class='ocr_carea' id='block_1_62' title="bbox 2087 3015 3653 3090">
    <p class='ocr_par' dir='ltr' id='par_1_62' title="bbox 2087 3015 3653 3090">
     <span class='ocr_line' id='line_1_62' title="bbox 2087 3015 3653 3090; baseline 0.003 -22"><span class='ocrx_word' id='word_1_439' title='bbox 2087 3015 2432 3087; x_wconf 75' lang='grc' dir='ltr'>ἠπατημέναι</span> <span class='ocrx_word' id='word_1_440' title='bbox 2481 3017 2584 3069; x_wconf 83' lang='grc' dir='ltr'><strong>ὑπὸ</strong></span> <span class='ocrx_word' id='word_1_441' title='bbox 2615 3017 2712 3087; x_wconf 84' lang='grc' dir='ltr'>τῆς</span> <span class='ocrx_word' id='word_1_442' title='bbox 2743 3016 2968 3088; x_wconf 73' lang='grc' dir='ltr'>τέχνηςο</span> <span class='ocrx_word' id='word_1_443' title='bbox 3004 3017 3123 3070; x_wconf 82' lang='grc' dir='ltr'>οὐδὲ</span> <span class='ocrx_word' id='word_1_444' title='bbox 3154 3018 3263 3089; x_wconf 89' lang='grc' dir='ltr'><strong>γὰρ</strong></span> <span class='ocrx_word' id='word_1_445' title='bbox 3317 3017 3383 3072; x_wconf 87' lang='grc' dir='ltr'>ἂν</span> <span class='ocrx_word' id='word_1_446' title='bbox 3436 3017 3534 3090; x_wconf 73' lang='grc' dir='ltr'>θεᾷ</span> <span class='ocrx_word' id='word_1_447' title='bbox 3571 3038 3653 3084; x_wconf 84' lang='grc' dir='ltr'><strong>τις</strong></span> 
     </span>
    </p>
   </div>
   <div class='ocr_carea' id='block_1_63' title="bbox 2091 3108 3653 3184">
    <p class='ocr_par' dir='ltr' id='par_1_63' title="bbox 2091 3108 3653 3184">
     <span class='ocr_line' id='line_1_63' title="bbox 2091 3108 3653 3184; baseline 0.003 -24"><span class='ocrx_word' id='word_1_448' title='bbox 2091 3108 2418 3178; x_wconf 87' lang='grc' dir='ltr'>συνεπλάκη,</span> <span class='ocrx_word' id='word_1_449' title='bbox 2438 3109 2546 3162; x_wconf 81' lang='grc' dir='ltr'>οὐδ’</span> <span class='ocrx_word' id='word_1_450' title='bbox 2577 3108 2642 3162; x_wconf 82' lang='grc' dir='ltr'>ἂν</span> <span class='ocrx_word' id='word_1_451' title='bbox 2671 3110 2838 3181; x_wconf 79' lang='grc' dir='ltr'>νεκρᾷ</span> <span class='ocrx_word' id='word_1_452' title='bbox 2871 3108 2976 3180; x_wconf 87' lang='grc'>(96)</span> <span class='ocrx_word' id='word_1_453' title='bbox 3007 3127 3090 3174; x_wconf 93' lang='grc' dir='ltr'><strong>τις</strong></span> <span class='ocrx_word' id='word_1_454' title='bbox 3133 3110 3424 3181; x_wconf 85' lang='grc' dir='ltr'>συνετάφη,</span> <span class='ocrx_word' id='word_1_455' title='bbox 3462 3110 3653 3184; x_wconf 74' lang='grc' dir='ltr'>οὐδ’ᾶν</span> 
     </span>
    </p>
   </div>
   <div class='ocr_carea' id='block_1_64' title="bbox 429 3178 1990 3274">
    <p class='ocr_par' dir='ltr' id='par_1_64' title="bbox 429 3195 1989 3268">
     <span class='ocr_line' id='line_1_64' title="bbox 429 3195 1989 3268; baseline 0.001 -18"><span class='ocrx_word' id='word_1_456' title='bbox 429 3196 616 3267; x_wconf 85' lang='lat' dir='ltr'><strong>ginum</strong></span> <span class='ocrx_word' id='word_1_457' title='bbox 658 3195 1014 3252; x_wconf 87' lang='lat' dir='ltr'><strong>similitudine</strong></span> <span class='ocrx_word' id='word_1_458' title='bbox 1042 3197 1312 3268; x_wconf 67' lang='lat' dir='ltr'><strong>deceptze;</strong></span> <span class='ocrx_word' id='word_1_459' title='bbox 1348 3205 1403 3251; x_wconf 89' lang='lat' dir='ltr'><strong>et</strong></span> <span class='ocrx_word' id='word_1_460' title='bbox 1446 3197 1513 3252; x_wconf 90' lang='lat' dir='ltr'><strong>ad</strong></span> <span class='ocrx_word' id='word_1_461' title='bbox 1545 3213 1805 3266; x_wconf 89' lang='lat' dir='ltr'><strong>equarum</strong></span> <span class='ocrx_word' id='word_1_462' title='bbox 1851 3198 1989 3251; x_wconf 89' lang='lat' dir='ltr'><strong>ima-</strong></span> 
     </span>
    </p>
   </div>
   <div class='ocr_carea' id='block_1_65' title="bbox 2096 3178 3654 3274">
    <p class='ocr_par' dir='ltr' id='par_1_65' title="bbox 2096 3178 3654 3274">
     <span class='ocr_line' id='line_1_65' title="bbox 2096 3178 3654 3274; baseline 0.003 -22"><span class='ocrx_word' id='word_1_463' title='bbox 2096 3199 2301 3271; x_wconf 68' lang='grc' dir='ltr'>ἠράσθη</span> <span class='ocrx_word' id='word_1_464' title='bbox 2317 3199 2565 3270; x_wconf 87' lang='grc' dir='ltr'>δαίμονος</span> <span class='ocrx_word' id='word_1_465' title='bbox 2580 3199 2673 3254; x_wconf 79' lang='grc' dir='ltr'><strong>καὶ</strong></span> <span class='ocrx_word' id='word_1_466' title='bbox 2687 3178 2832 3253; x_wconf 82' lang='grc' dir='ltr'>λίθου</span> <span class='ocrx_word' id='word_1_467' title='bbox 2853 3178 3132 3273; x_wconf 74' lang='grc' dir='ltr'>ἄνθρωπος</span> <span class='ocrx_word' id='word_1_468' title='bbox 3153 3178 3460 3274; x_wconf 65' lang='grc' dir='ltr'>σωφρονῶν.</span> <span class='ocrx_word' id='word_1_469' title='bbox 3478 3182 3654 3274; x_wconf 78' lang='grc' dir='ltr'>’Υμᾶς</span> 
     </span>
    </p>
   </div>
   <div class='ocr_carea' id='block_1_66' title="bbox 431 3287 1985 3359">
    <p class='ocr_par' dir='ltr' id='par_1_66' title="bbox 431 3287 1985 3359">
     <span class='ocr_line' id='line_1_66' title="bbox 431 3287 1985 3359; baseline 0.001 -19"><span class='ocrx_word' id='word_1_470' title='bbox 431 3287 585 3357; x_wconf 85' lang='lat' dir='ltr'><strong>gines</strong></span> <span class='ocrx_word' id='word_1_471' title='bbox 605 3288 1012 3343; x_wconf 83' lang='lat' dir='ltr'><strong>adhinniverint</strong></span> <span class='ocrx_word' id='word_1_472' title='bbox 1039 3289 1200 3359; x_wconf 90' lang='lat' dir='ltr'><strong>equi:</strong></span> <span class='ocrx_word' id='word_1_473' title='bbox 1231 3297 1507 3359; x_wconf 90' lang='lat' dir='ltr'><strong>utcunque</strong></span> <span class='ocrx_word' id='word_1_474' title='bbox 1535 3290 1708 3358; x_wconf 87' lang='lat' dir='ltr'><strong>puella</strong></span> <span class='ocrx_word' id='word_1_475' title='bbox 1741 3289 1985 3359; x_wconf 68' lang='lat' dir='ltr'><strong>quzedam</strong></span> 
     </span>
    </p>
   </div>
   <div class='ocr_carea' id='block_1_67' title="bbox 433 3364 1992 3448">
    <p class='ocr_par' dir='ltr' id='par_1_67' title="bbox 433 3364 1992 3448">
     <span class='ocr_line' id='line_1_67' title="bbox 433 3364 1992 3448; baseline 0.004 -18"><span class='ocrx_word' id='word_1_476' title='bbox 433 3364 708 3446; x_wconf 83' lang='lat' dir='ltr'><strong>imaginis,</strong></span> <span class='ocrx_word' id='word_1_477' title='bbox 741 3385 795 3431; x_wconf 90' lang='lat' dir='ltr'><strong>et</strong></span> <span class='ocrx_word' id='word_1_478' title='bbox 823 3375 1096 3433; x_wconf 90' lang='lat' dir='ltr'><strong>formosus</strong></span> <span class='ocrx_word' id='word_1_479' title='bbox 1119 3377 1338 3448; x_wconf 84' lang='lat' dir='ltr'><strong>juvenis</strong></span> <span class='ocrx_word' id='word_1_480' title='bbox 1363 3376 1566 3434; x_wconf 74' lang='lat' dir='ltr'><strong>Cnidia:</strong></span> <span class='ocrx_word' id='word_1_481' title='bbox 1595 3387 1786 3434; x_wconf 71' lang='lat' dir='ltr'><strong>statua:</strong></span> <span class='ocrx_word' id='word_1_482' title='bbox 1807 3395 1992 3436; x_wconf 90' lang='lat' dir='ltr'><strong>amore</strong></span> 
     </span>
    </p>
   </div>
   <div class='ocr_carea' id='block_1_68' title="bbox 431 3466 1992 3540">
    <p class='ocr_par' dir='ltr' id='par_1_68' title="bbox 431 3466 1992 3540">
     <span class='ocr_line' id='line_1_68' title="bbox 431 3466 1992 3540; baseline 0.001 -18"><span class='ocrx_word' id='word_1_483' title='bbox 431 3468 574 3538; x_wconf 87' lang='lat' dir='ltr'><strong>capti</strong></span> <span class='ocrx_word' id='word_1_484' title='bbox 605 3466 774 3523; x_wconf 88' lang='lat' dir='ltr'><strong>fuisse</strong></span> <span class='ocrx_word' id='word_1_485' title='bbox 806 3478 1203 3535; x_wconf 86' lang='lat' dir='ltr'><strong>memorentur;</strong></span> <span class='ocrx_word' id='word_1_486' title='bbox 1241 3479 1416 3524; x_wconf 90' lang='lat' dir='ltr'><strong>tamen</strong></span> <span class='ocrx_word' id='word_1_487' title='bbox 1440 3471 1540 3524; x_wconf 91' lang='lat' dir='ltr'><strong>soli</strong></span> <span class='ocrx_word' id='word_1_488' title='bbox 1574 3469 1713 3524; x_wconf 89' lang='lat' dir='ltr'><strong>oculi</strong></span> <span class='ocrx_word' id='word_1_489' title='bbox 1741 3480 1992 3540; x_wconf 83' lang='lat' dir='ltr'><strong>spectan-</strong></span> 
     </span>
    </p>
   </div>
   <div class='ocr_carea' id='block_1_69' title="bbox 430 3559 1992 3631">
    <p class='ocr_par' dir='ltr' id='par_1_69' title="bbox 430 3559 1992 3631">
     <span class='ocr_line' id='line_1_69' title="bbox 430 3559 1992 3631; baseline 0.003 -19"><span class='ocrx_word' id='word_1_490' title='bbox 430 3559 568 3612; x_wconf 86' lang='lat' dir='ltr'><strong>tium</strong></span> <span class='ocrx_word' id='word_1_491' title='bbox 613 3573 679 3614; x_wconf 87' lang='lat' dir='ltr'><strong>eo</strong></span> <span class='ocrx_word' id='word_1_492' title='bbox 711 3559 939 3614; x_wconf 84' lang='lat' dir='ltr'><strong>artificio</strong></span> <span class='ocrx_word' id='word_1_493' title='bbox 977 3559 1184 3630; x_wconf 90' lang='lat' dir='ltr'><strong>decepti</strong></span> <span class='ocrx_word' id='word_1_494' title='bbox 1216 3570 1372 3627; x_wconf 87' lang='lat' dir='ltr'><strong>sunt;</strong></span> <span class='ocrx_word' id='word_1_495' title='bbox 1408 3575 1583 3631; x_wconf 89' lang='lat' dir='ltr'><strong>neque</strong></span> <span class='ocrx_word' id='word_1_496' title='bbox 1608 3561 1751 3615; x_wconf 92' lang='lat' dir='ltr'><strong>enim</strong></span> <span class='ocrx_word' id='word_1_497' title='bbox 1796 3562 1992 3631; x_wconf 87' lang='lat' dir='ltr'><strong>aliquis</strong></span> 
     </span>
    </p>
   </div>
   <div class='ocr_carea' id='block_1_70' title="bbox 433 3652 1991 3723">
    <p class='ocr_par' dir='ltr' id='par_1_70' title="bbox 433 3652 1991 3723">
     <span class='ocr_line' id='line_1_70' title="bbox 433 3652 1991 3723; baseline 0.002 -18"><span class='ocrx_word' id='word_1_498' title='bbox 433 3665 672 3722; x_wconf 90' lang='lat' dir='ltr'><strong>unquam</strong></span> <span class='ocrx_word' id='word_1_499' title='bbox 698 3665 845 3706; x_wconf 76' lang='lat' dir='ltr'><strong>sana:</strong></span> <span class='ocrx_word' id='word_1_500' title='bbox 877 3652 1072 3707; x_wconf 91' lang='lat' dir='ltr'><strong>mentis</strong></span> <span class='ocrx_word' id='word_1_501' title='bbox 1101 3661 1196 3707; x_wconf 91' lang='lat' dir='ltr'><strong>aut</strong></span> <span class='ocrx_word' id='word_1_502' title='bbox 1227 3668 1354 3708; x_wconf 90' lang='lat' dir='ltr'><strong>cum</strong></span> <span class='ocrx_word' id='word_1_503' title='bbox 1400 3653 1500 3707; x_wconf 91' lang='lat' dir='ltr'><strong>dea</strong></span> <span class='ocrx_word' id='word_1_504' title='bbox 1533 3667 1858 3723; x_wconf 86' lang='lat' dir='ltr'><strong>congressus</strong></span> <span class='ocrx_word' id='word_1_505' title='bbox 1889 3661 1991 3720; x_wconf 89' lang='lat' dir='ltr'><strong>est,</strong></span> 
     </span>
    </p>
   </div>
   <div class='ocr_carea' id='block_1_71' title="bbox 432 3732 1996 3810">
    <p class='ocr_par' dir='ltr' id='par_1_71' title="bbox 432 3732 1996 3810">
     <span class='ocr_line' id='line_1_71' title="bbox 432 3732 1996 3810; baseline 0.003 -16"><span class='ocrx_word' id='word_1_506' title='bbox 432 3749 530 3795; x_wconf 91' lang='lat' dir='ltr'><strong>aut</strong></span> <span class='ocrx_word' id='word_1_507' title='bbox 553 3756 658 3795; x_wconf 88' lang='lat' dir='ltr'><strong>una</strong></span> <span class='ocrx_word' id='word_1_508' title='bbox 686 3732 810 3796; x_wconf 69' lang='lat' dir='ltr'><strong>cum</strong></span> <span class='ocrx_word' id='word_1_509' title='bbox 837 3754 1048 3798; x_wconf 90' lang='lat' dir='ltr'><strong>mortua</strong></span> <span class='ocrx_word' id='word_1_510' title='bbox 1075 3758 1194 3798; x_wconf 90' lang='lat' dir='ltr'><strong>sese</strong></span> <span class='ocrx_word' id='word_1_511' title='bbox 1221 3743 1545 3810; x_wconf 84' lang='lat' dir='ltr'><strong>inbumavit,</strong></span> <span class='ocrx_word' id='word_1_512' title='bbox 1588 3752 1684 3798; x_wconf 90' lang='lat' dir='ltr'><strong>aut</strong></span> <span class='ocrx_word' id='word_1_513' title='bbox 1714 3743 1768 3798; x_wconf 93' lang='lat' dir='ltr'><strong>in</strong></span> <span class='ocrx_word' id='word_1_514' title='bbox 1795 3744 1996 3798; x_wconf 67' lang='lat' dir='ltr'><strong>daemo-</strong></span> 
     </span>
    </p>
   </div>
   <div class='ocr_carea' id='block_1_72' title="bbox 434 3833 1996 3902">
    <p class='ocr_par' dir='ltr' id='par_1_72' title="bbox 434 3833 1996 3902">
     <span class='ocr_line' id='line_1_72' title="bbox 434 3833 1996 3902; baseline 0.005 -16"><span class='ocrx_word' id='word_1_515' title='bbox 434 3833 803 3902; x_wconf 84' lang='lat' dir='ltr'><strong>nislapidisve</strong></span> <span class='ocrx_word' id='word_1_516' title='bbox 828 3850 1066 3889; x_wconf 92' lang='lat' dir='ltr'><strong>amorem</strong></span> <span class='ocrx_word' id='word_1_517' title='bbox 1117 3835 1324 3890; x_wconf 89' lang='lat' dir='ltr'><strong>incidit.</strong></span> <span class='ocrx_word' id='word_1_518' title='bbox 1376 3835 1486 3890; x_wconf 87' lang='lat' dir='ltr'><strong>Vos</strong></span> <span class='ocrx_word' id='word_1_519' title='bbox 1532 3845 1710 3890; x_wconf 89' lang='lat' dir='ltr'><strong>autem</strong></span> <span class='ocrx_word' id='word_1_520' title='bbox 1751 3850 1840 3891; x_wconf 90' lang='lat' dir='ltr'><strong>ars</strong></span> <span class='ocrx_word' id='word_1_521' title='bbox 1873 3835 1996 3894; x_wconf 89' lang='lat' dir='ltr'><strong>aliis</strong></span> 
     </span>
    </p>
   </div>
   <div class='ocr_carea' id='block_1_73' title="bbox 509 3923 1707 3991">
    <p class='ocr_par' dir='ltr' id='par_1_73' title="bbox 509 3923 1707 3991">
     <span class='ocr_line' id='line_1_73' title="bbox 509 3923 1707 3991; baseline 0.003 -15"><span class='ocrx_word' id='word_1_522' title='bbox 509 3929 567 3987; x_wconf 53' lang='lat'><strong>&gt;1</strong></span> <span class='ocrx_word' id='word_1_523' title='bbox 601 3923 660 3978; x_wconf 87' lang='lat' dir='ltr'><strong>P.</strong></span> <span class='ocrx_word' id='word_1_524' title='bbox 690 3925 752 3979; x_wconf 82' lang='grc'><strong>51</strong></span> <span class='ocrx_word' id='word_1_525' title='bbox 787 3923 893 3979; x_wconf 85' lang='grc' dir='ltr'><strong>ΕΙ).</strong></span> <span class='ocrx_word' id='word_1_526' title='bbox 924 3924 1220 3991; x_wconf 80' lang='lat' dir='ltr'><strong>POTTER,</strong></span> <span class='ocrx_word' id='word_1_527' title='bbox 1248 3924 1316 3980; x_wconf 79' lang='grc'>59</span> <span class='ocrx_word' id='word_1_528' title='bbox 1345 3925 1452 3980; x_wconf 84' lang='lat' dir='ltr'><strong>El).</strong></span> <span class='ocrx_word' id='word_1_529' title='bbox 1483 3925 1707 3981; x_wconf 80' lang='lat' dir='ltr'><strong>PARIS.</strong></span> 
     </span>
    </p>
   </div>
   <div class='ocr_carea' id='block_1_74' title="bbox 507 4035 1763 4108">
    <p class='ocr_par' dir='ltr' id='par_1_74' title="bbox 507 4035 1763 4108">
     <span class='ocr_line' id='line_1_74' title="bbox 507 4035 1763 4108; baseline 0.001 -19"><span class='ocrx_word' id='word_1_530' title='bbox 664 4035 1023 4108; x_wconf 70' lang='grc' dir='ltr'>Έλέγχξτται.</span> <span class='ocrx_word' id='word_1_531' title='bbox 1055 4036 1230 4092; x_wconf 84' lang='lat' dir='ltr'><strong>Scribi</strong></span> <span class='ocrx_word' id='word_1_532' title='bbox 1262 4038 1763 4108; x_wconf 20' lang='lat' dir='ltr'><strong>possitisléqumt.</strong></span> 
     </span>
    </p>
   </div>
   <div class='ocr_carea' id='block_1_75' title="bbox 505 4103 1954 4175">
    <p class='ocr_par' dir='ltr' id='par_1_75' title="bbox 505 4103 1954 4175">
     <span class='ocr_line' id='line_1_75' title="bbox 505 4103 1954 4175; baseline 0.002 -17"><span class='ocrx_word' id='word_1_533' title='bbox 505 4105 618 4175; x_wconf 79' lang='grc'>(89)</span> <span class='ocrx_word' id='word_1_534' title='bbox 671 4103 817 4160; x_wconf 72' lang='grc' dir='ltr'>Ἀπὸ</span> <span class='ocrx_word' id='word_1_535' title='bbox 840 4103 948 4174; x_wconf 56' lang='grc' dir='ltr'>τῆς</span> <span class='ocrx_word' id='word_1_536' title='bbox 976 4123 1108 4162; x_wconf 85' lang='grc' dir='ltr'>σ....</span> <span class='ocrx_word' id='word_1_537' title='bbox 1139 4103 1422 4175; x_wconf 65' lang='grc' dir='ltr'>τριαίνης.</span> <span class='ocrx_word' id='word_1_538' title='bbox 1447 4103 1571 4161; x_wconf 60' lang='lat' dir='ltr'><strong>Haec</strong></span> <span class='ocrx_word' id='word_1_539' title='bbox 1589 4103 1791 4162; x_wconf 71' lang='lat' dir='ltr'><strong>omittit</strong></span> <span class='ocrx_word' id='word_1_540' title='bbox 1819 4103 1954 4161; x_wconf 84' lang='lat' dir='ltr'><strong>Nov.</strong></span> 
     </span>
    </p>
   </div>
   <div class='ocr_carea' id='block_1_76' title="bbox 510 4173 1993 4244">
    <p class='ocr_par' dir='ltr' id='par_1_76' title="bbox 510 4173 1993 4244">
     <span class='ocr_line' id='line_1_76' title="bbox 510 4173 1993 4244; baseline 0.001 -16"><span class='ocrx_word' id='word_1_541' title='bbox 510 4173 621 4244; x_wconf 84' lang='lat'><strong>(90)</strong></span> <span class='ocrx_word' id='word_1_542' title='bbox 668 4176 729 4229; x_wconf 90' lang='lat'><strong>&#39;0</strong></span> <span class='ocrx_word' id='word_1_543' title='bbox 775 4173 1055 4244; x_wconf 79' lang='grc' dir='ltr'>Κύπριος.</span> <span class='ocrx_word' id='word_1_544' title='bbox 1108 4173 1385 4232; x_wconf 78' lang='lat' dir='ltr'><strong>Arnobius</strong></span> <span class='ocrx_word' id='word_1_545' title='bbox 1432 4179 1594 4239; x_wconf 88' lang='lat' dir='ltr'><strong>paulo</strong></span> <span class='ocrx_word' id='word_1_546' title='bbox 1647 4187 1771 4230; x_wconf 86' lang='lat' dir='ltr'><strong>ante</strong></span> <span class='ocrx_word' id='word_1_547' title='bbox 1833 4177 1993 4230; x_wconf 86' lang='lat' dir='ltr'><strong>linem</strong></span> 
     </span>
    </p>
   </div>
   <div class='ocr_carea' id='block_1_77' title="bbox 437 4245 1997 4315">
    <p class='ocr_par' dir='ltr' id='par_1_77' title="bbox 437 4245 1997 4315">
     <span class='ocr_line' id='line_1_77' title="bbox 437 4245 1997 4315; baseline -0.001 -16"><span class='ocrx_word' id='word_1_548' title='bbox 437 4245 533 4299; x_wconf 90' lang='lat' dir='ltr'><strong>lib.</strong></span> <span class='ocrx_word' id='word_1_549' title='bbox 559 4261 611 4298; x_wconf 80' lang='grc' dir='ltr'><strong>νι</strong></span> <span class='ocrx_word' id='word_1_550' title='bbox 635 4263 649 4300; x_wconf 91' lang='lat'><strong>:</strong></span> <span class='ocrx_word' id='word_1_551' title='bbox 693 4245 1132 4315; x_wconf 15' lang='lat' dir='ltr'><strong>Pliilosteps‘cnus</strong></span> <span class='ocrx_word' id='word_1_552' title='bbox 1168 4249 1223 4300; x_wconf 87' lang='lat' dir='ltr'><strong>in</strong></span> <span class='ocrx_word' id='word_1_553' title='bbox 1254 4246 1535 4314; x_wconf 66' lang='lat' dir='ltr'><strong>Cypriacis</strong></span> <span class='ocrx_word' id='word_1_554' title='bbox 1553 4256 1735 4300; x_wconf 82' lang='lat' dir='ltr'><strong>auctor</strong></span> <span class='ocrx_word' id='word_1_555' title='bbox 1763 4255 1859 4310; x_wconf 90' lang='lat' dir='ltr'><strong>est,</strong></span> <span class='ocrx_word' id='word_1_556' title='bbox 1888 4245 1997 4315; x_wconf 80' lang='lat' dir='ltr'><strong>Py-</strong></span> 
     </span>
    </p>
   </div>
   <div class='ocr_carea' id='block_1_78' title="bbox 437 4315 1995 4386">
    <p class='ocr_par' dir='ltr' id='par_1_78' title="bbox 437 4315 1995 4386">
     <span class='ocr_line' id='line_1_78' title="bbox 437 4315 1995 4386; baseline 0 -18"><span class='ocrx_word' id='word_1_557' title='bbox 437 4316 772 4386; x_wconf 83' lang='lat' dir='ltr'><strong>gmalionem,</strong></span> <span class='ocrx_word' id='word_1_558' title='bbox 804 4333 972 4386; x_wconf 80' lang='lat' dir='ltr'><strong>regem</strong></span> <span class='ocrx_word' id='word_1_559' title='bbox 1009 4315 1190 4386; x_wconf 79' lang='lat' dir='ltr'><strong>Cypri,</strong></span> <span class='ocrx_word' id='word_1_560' title='bbox 1211 4317 1551 4370; x_wconf 80' lang='lat' dir='ltr'><strong>simulacrum</strong></span> <span class='ocrx_word' id='word_1_561' title='bbox 1594 4315 1824 4379; x_wconf 84' lang='lat' dir='ltr'><strong>Veneris,</strong></span> <span class='ocrx_word' id='word_1_562' title='bbox 1856 4317 1995 4386; x_wconf 88' lang='lat' dir='ltr'><strong>quod</strong></span> 
     </span>
    </p>
   </div>
   <div class='ocr_carea' id='block_1_79' title="bbox 439 4385 1998 4456">
    <p class='ocr_par' dir='ltr' id='par_1_79' title="bbox 439 4385 1998 4456">
     <span class='ocr_line' id='line_1_79' title="bbox 439 4385 1998 4456; baseline 0 -18"><span class='ocrx_word' id='word_1_563' title='bbox 439 4385 739 4438; x_wconf 74' lang='lat' dir='ltr'><strong>sanctitatis</strong></span> <span class='ocrx_word' id='word_1_564' title='bbox 770 4385 910 4455; x_wconf 87' lang='lat' dir='ltr'><strong>apud</strong></span> <span class='ocrx_word' id='word_1_565' title='bbox 939 4385 1158 4454; x_wconf 81' lang='lat' dir='ltr'><strong>Cyprios</strong></span> <span class='ocrx_word' id='word_1_566' title='bbox 1178 4396 1226 4440; x_wconf 90' lang='lat' dir='ltr'><strong>et</strong></span> <span class='ocrx_word' id='word_1_567' title='bbox 1250 4387 1513 4456; x_wconf 78' lang='lat' dir='ltr'><strong>religionis</strong></span> <span class='ocrx_word' id='word_1_568' title='bbox 1552 4387 1839 4440; x_wconf 82' lang='lat' dir='ltr'><strong>habebatur</strong></span> <span class='ocrx_word' id='word_1_569' title='bbox 1856 4385 1998 4439; x_wconf 76' lang='lat' dir='ltr'><strong>(mti-</strong></span> 
     </span>
    </p>
   </div>
   <div class='ocr_carea' id='block_1_80' title="bbox 439 4456 1996 4524">
    <p class='ocr_par' dir='ltr' id='par_1_80' title="bbox 439 4456 1996 4524">
     <span class='ocr_line' id='line_1_80' title="bbox 439 4456 1996 4524; baseline 0.001 -17"><span class='ocrx_word' id='word_1_570' title='bbox 439 4471 576 4524; x_wconf 76' lang='lat' dir='ltr'><strong>quw,</strong></span> <span class='ocrx_word' id='word_1_571' title='bbox 591 4456 886 4519; x_wconf 82' lang='lat' dir='ltr'><strong>adamasse,</strong></span> <span class='ocrx_word' id='word_1_572' title='bbox 904 4467 960 4510; x_wconf 87' lang='lat' dir='ltr'><strong>ut</strong></span> <span class='ocrx_word' id='word_1_573' title='bbox 979 4457 1245 4523; x_wconf 70' lang='lat' dir='ltr'><strong>feminam,</strong></span> <span class='ocrx_word' id='word_1_574' title='bbox 1266 4468 1452 4519; x_wconf 72' lang='lat' dir='ltr'><strong>riterite,</strong></span> <span class='ocrx_word' id='word_1_575' title='bbox 1472 4457 1669 4518; x_wconf 85' lang='lat' dir='ltr'><strong>anima,</strong></span> <span class='ocrx_word' id='word_1_576' title='bbox 1693 4456 1886 4509; x_wconf 83' lang='lat' dir='ltr'><strong>lumine</strong></span> <span class='ocrx_word' id='word_1_577' title='bbox 1906 4473 1996 4508; x_wconf 88' lang='lat' dir='ltr'><strong>ra-</strong></span> 
     </span>
    </p>
   </div>
   <div class='ocr_carea' id='block_1_81' title="bbox 2091 3287 3654 3364">
    <p class='ocr_par' dir='ltr' id='par_1_81' title="bbox 2091 3287 3654 3364">
     <span class='ocr_line' id='line_1_81' title="bbox 2091 3287 3654 3364; baseline 0.003 -20"><span class='ocrx_word' id='word_1_578' title='bbox 2091 3290 2147 3344; x_wconf 82' lang='grc' dir='ltr'>δὲ</span> <span class='ocrx_word' id='word_1_579' title='bbox 2198 3287 2332 3363; x_wconf 56' lang='lat' dir='ltr'><strong>ann</strong></span> <span class='ocrx_word' id='word_1_580' title='bbox 2391 3291 2616 3362; x_wconf 74' lang='grc' dir='ltr'>γοητείᾳ</span> <span class='ocrx_word' id='word_1_581' title='bbox 2656 3293 2842 3362; x_wconf 81' lang='grc' dir='ltr'>ἀπατᾷ</span> <span class='ocrx_word' id='word_1_582' title='bbox 2885 3293 2919 3362; x_wconf 80' lang='grc' dir='ltr'>ὴ</span> <span class='ocrx_word' id='word_1_583' title='bbox 2948 3292 3130 3362; x_wconf 81' lang='grc' dir='ltr'>τέχνη,</span> <span class='ocrx_word' id='word_1_584' title='bbox 3165 3294 3212 3346; x_wconf 85' lang='grc' dir='ltr'><strong>εί</strong></span> <span class='ocrx_word' id='word_1_585' title='bbox 3250 3293 3441 3364; x_wconf 76' lang='grc' dir='ltr'>καὶμὴ</span> <span class='ocrx_word' id='word_1_586' title='bbox 3473 3294 3564 3348; x_wconf 74' lang='grc' dir='ltr'><strong>ἐπὶ</strong></span> <span class='ocrx_word' id='word_1_587' title='bbox 3593 3292 3654 3348; x_wconf 77' lang='grc' dir='ltr'>τὸ</span> 
     </span>
    </p>
   </div>
   <div class='ocr_carea' id='block_1_82' title="bbox 2091 3381 3655 3458">
    <p class='ocr_par' dir='ltr' id='par_1_82' title="bbox 2091 3381 3655 3458">
     <span class='ocr_line' id='line_1_82' title="bbox 2091 3381 3655 3458; baseline 0.004 -25"><span class='ocrx_word' id='word_1_588' title='bbox 2091 3381 2220 3452; x_wconf 76' lang='grc' dir='ltr'>ὲρᾷν</span> <span class='ocrx_word' id='word_1_589' title='bbox 2250 3381 2616 3452; x_wconf 86' lang='grc' dir='ltr'>προσάγουσα,</span> <span class='ocrx_word' id='word_1_590' title='bbox 2635 3381 2768 3436; x_wconf 79' lang='grc' dir='ltr'>ἀλλὰ</span> <span class='ocrx_word' id='word_1_591' title='bbox 2788 3383 2879 3435; x_wconf 77' lang='grc' dir='ltr'><strong>ἐπὶ</strong></span> <span class='ocrx_word' id='word_1_592' title='bbox 2899 3382 2956 3434; x_wconf 89' lang='grc' dir='ltr'>τὸ</span> <span class='ocrx_word' id='word_1_593' title='bbox 2979 3401 3030 3436; x_wconf 89' lang='grc' dir='ltr'><strong>τι</strong></span> <span class='ocrx_word' id='word_1_594' title='bbox 3037 3384 3140 3454; x_wconf 77' lang='grc' dir='ltr'><strong>μᾷν</strong></span> <span class='ocrx_word' id='word_1_595' title='bbox 3175 3384 3268 3437; x_wconf 77' lang='grc' dir='ltr'>καὶ</span> <span class='ocrx_word' id='word_1_596' title='bbox 3301 3389 3618 3458; x_wconf 78' lang='grc' dir='ltr'>προσκυνεῖν</span> <span class='ocrx_word' id='word_1_597' title='bbox 3631 3399 3655 3420; x_wconf 75' lang='grc' dir='ltr'><strong><em>ο</em></strong></span> 
     </span>
    </p>
   </div>
   <div class='ocr_carea' id='block_1_83' title="bbox 2091 3469 3724 3548">
    <p class='ocr_par' dir='ltr' id='par_1_83' title="bbox 2091 3469 3724 3548">
     <span class='ocr_line' id='line_1_83' title="bbox 2091 3469 3724 3548; baseline 0.004 -24"><span class='ocrx_word' id='word_1_598' title='bbox 2091 3469 2160 3524; x_wconf 84' lang='grc' dir='ltr'><strong>τὰ</strong></span> <span class='ocrx_word' id='word_1_599' title='bbox 2189 3472 2246 3528; x_wconf 81' lang='grc' dir='ltr'>δὲ</span> <span class='ocrx_word' id='word_1_600' title='bbox 2277 3472 2564 3544; x_wconf 82' lang='grc' dir='ltr'>ἀγάλματα</span> <span class='ocrx_word' id='word_1_601' title='bbox 2591 3474 2721 3544; x_wconf 88' lang='grc'>(97),</span> <span class='ocrx_word' id='word_1_602' title='bbox 2745 3473 2838 3527; x_wconf 59' lang='grc' dir='ltr'><strong>καί⁹</strong></span> <span class='ocrx_word' id='word_1_603' title='bbox 2885 3474 2983 3537; x_wconf 84' lang='grc' dir='ltr'><strong>τάς</strong></span> <span class='ocrx_word' id='word_1_604' title='bbox 3028 3475 3264 3547; x_wconf 77' lang='grc' dir='ltr'>γραφάς.</span> <span class='ocrx_word' id='word_1_605' title='bbox 3310 3475 3500 3548; x_wconf 87' lang='grc' dir='ltr'>Ὁμοία</span> <span class='ocrx_word' id='word_1_606' title='bbox 3531 3493 3594 3546; x_wconf 91' lang='grc' dir='ltr'><strong>γε</strong></span> <span class='ocrx_word' id='word_1_607' title='bbox 3619 3478 3654 3548; x_wconf 69' lang='grc' dir='ltr'><strong>ἡ</strong></span> <span class='ocrx_word' id='word_1_608' title='bbox 3718 3527 3724 3531; x_wconf 90' lang='grc'>.</span> 
     </span>
    </p>
   </div>
   <div class='ocr_carea' id='block_1_84' title="bbox 2092 3564 3657 3639">
    <p class='ocr_par' dir='ltr' id='par_1_84' title="bbox 2092 3564 3657 3639">
     <span class='ocr_line' id='line_1_84' title="bbox 2092 3564 3657 3639; baseline 0.004 -23"><span class='ocrx_word' id='word_1_609' title='bbox 2092 3564 2296 3635; x_wconf 81' lang='grc' dir='ltr'>γραφή.</span> <span class='ocrx_word' id='word_1_610' title='bbox 2343 3565 2696 3620; x_wconf 87' lang='grc' dir='ltr'>Ἐπαινείσθω</span> <span class='ocrx_word' id='word_1_611' title='bbox 2748 3565 2847 3636; x_wconf 81' lang='grc' dir='ltr'>μὲν</span> <span class='ocrx_word' id='word_1_612' title='bbox 2895 3566 2929 3636; x_wconf 79' lang='grc' dir='ltr'>ἡ</span> <span class='ocrx_word' id='word_1_613' title='bbox 2974 3565 3155 3637; x_wconf 79' lang='grc' dir='ltr'>τέχνη,</span> <span class='ocrx_word' id='word_1_614' title='bbox 3193 3568 3266 3639; x_wconf 79' lang='grc' dir='ltr'>μὴ</span> <span class='ocrx_word' id='word_1_615' title='bbox 3307 3568 3570 3622; x_wconf 84' lang='grc' dir='ltr'>ἀπατάτω</span> <span class='ocrx_word' id='word_1_616' title='bbox 3597 3568 3657 3621; x_wconf 66' lang='grc' dir='ltr'>δὲ</span> 
     </span>
    </p>
   </div>
   <div class='ocr_carea' id='block_1_85' title="bbox 2092 3655 3657 3730">
    <p class='ocr_par' dir='ltr' id='par_1_85' title="bbox 2092 3655 3657 3730">
     <span class='ocr_line' id='line_1_85' title="bbox 2092 3655 3657 3730; baseline 0.002 -20"><span class='ocrx_word' id='word_1_617' title='bbox 2092 3655 2184 3710; x_wconf 83' lang='grc' dir='ltr'>τὸν</span> <span class='ocrx_word' id='word_1_618' title='bbox 2236 3655 2538 3727; x_wconf 78' lang='grc' dir='ltr'>ἄνθρωπον,</span> <span class='ocrx_word' id='word_1_619' title='bbox 2573 3656 2650 3720; x_wconf 84' lang='grc' dir='ltr'>ὡς</span> <span class='ocrx_word' id='word_1_620' title='bbox 2709 3656 2970 3727; x_wconf 62' lang='grc' dir='ltr'>ἀλήθεια.</span> <span class='ocrx_word' id='word_1_621' title='bbox 3003 3658 3268 3729; x_wconf 85' lang='grc' dir='ltr'>Ἔστηκεν</span> <span class='ocrx_word' id='word_1_622' title='bbox 3302 3659 3411 3730; x_wconf 87' lang='grc'>(98)</span> <span class='ocrx_word' id='word_1_623' title='bbox 3439 3662 3468 3712; x_wconf 88' lang='lat'><strong>6</strong></span> <span class='ocrx_word' id='word_1_624' title='bbox 3494 3659 3657 3724; x_wconf 78' lang='grc' dir='ltr'>ἵππος</span> 
     </span>
    </p>
   </div>
   <div class='ocr_carea' id='block_1_86' title="bbox 2091 3746 3653 3822">
    <p class='ocr_par' dir='ltr' id='par_1_86' title="bbox 2091 3746 3653 3822">
     <span class='ocr_line' id='line_1_86' title="bbox 2091 3746 3653 3822; baseline 0.002 -22"><span class='ocrx_word' id='word_1_625' title='bbox 2091 3746 2301 3818; x_wconf 80' lang='grc' dir='ltr'>ἡσυχῆ·</span> <span class='ocrx_word' id='word_1_626' title='bbox 2337 3749 2370 3818; x_wconf 88' lang='grc' dir='ltr'>ή</span> <span class='ocrx_word' id='word_1_627' title='bbox 2406 3747 2644 3810; x_wconf 84' lang='grc' dir='ltr'>πελειὰς,</span> <span class='ocrx_word' id='word_1_628' title='bbox 2679 3748 2954 3820; x_wconf 83' lang='grc' dir='ltr'>ἀτρεμής’</span> <span class='ocrx_word' id='word_1_629' title='bbox 2983 3747 3147 3820; x_wconf 78' lang='grc' dir='ltr'>ἀργὸν</span> <span class='ocrx_word' id='word_1_630' title='bbox 3179 3747 3238 3802; x_wconf 81' lang='grc' dir='ltr'>τὸ</span> <span class='ocrx_word' id='word_1_631' title='bbox 3272 3751 3502 3822; x_wconf 83' lang='grc' dir='ltr'>πτερόν’</span> <span class='ocrx_word' id='word_1_632' title='bbox 3536 3753 3570 3820; x_wconf 78' lang='grc' dir='ltr'>ἡ</span> <span class='ocrx_word' id='word_1_633' title='bbox 3593 3749 3653 3803; x_wconf 78' lang='grc' dir='ltr'>δὲ</span> 
     </span>
    </p>
   </div>
   <div class='ocr_carea' id='block_1_87' title="bbox 2094 3837 3656 3914">
    <p class='ocr_par' dir='ltr' id='par_1_87' title="bbox 2094 3837 3656 3914">
     <span class='ocr_line' id='line_1_87' title="bbox 2094 3837 3656 3914; baseline 0.001 -22"><span class='ocrx_word' id='word_1_634' title='bbox 2094 3837 2221 3908; x_wconf 82' lang='grc' dir='ltr'>βοῦς</span> <span class='ocrx_word' id='word_1_635' title='bbox 2251 3840 2285 3910; x_wconf 78' lang='grc' dir='ltr'><strong>ἡ</strong></span> <span class='ocrx_word' id='word_1_636' title='bbox 2320 3838 2652 3909; x_wconf 81' lang='grc' dir='ltr'>Δαιδάλου,ἠ</span> <span class='ocrx_word' id='word_1_637' title='bbox 2679 3839 2745 3893; x_wconf 82' lang='grc' dir='ltr'>ὲκ</span> <span class='ocrx_word' id='word_1_638' title='bbox 2773 3837 2865 3891; x_wconf 80' lang='grc' dir='ltr'>τοῦ</span> <span class='ocrx_word' id='word_1_639' title='bbox 2899 3837 3055 3912; x_wconf 66' lang='grc' dir='ltr'>ξύλου</span> <span class='ocrx_word' id='word_1_640' title='bbox 3078 3841 3436 3912; x_wconf 82' lang='grc' dir='ltr'>πεποιημένη,</span> <span class='ocrx_word' id='word_1_641' title='bbox 3458 3840 3656 3914; x_wconf 81' lang='grc' dir='ltr'>ταῦρον</span> 
     </span>
    </p>
   </div>
   <div class='ocr_carea' id='block_1_88' title="bbox 2102 4035 3156 4102">
    <p class='ocr_par' dir='ltr' id='par_1_88' title="bbox 2102 4035 3156 4102">
     <span class='ocr_line' id='line_1_88' title="bbox 2102 4035 3156 4102; baseline -0.003 -7"><span class='ocrx_word' id='word_1_642' title='bbox 2102 4035 2376 4098; x_wconf 71' lang='grc' dir='ltr'>ίΕΙὶιιιιιιε,</span> <span class='ocrx_word' id='word_1_643' title='bbox 2418 4035 2546 4092; x_wconf 87' lang='lat' dir='ltr'><strong>Var.</strong></span> <span class='ocrx_word' id='word_1_644' title='bbox 2578 4037 2729 4101; x_wconf 51' lang='lat' dir='ltr'><strong>hist”</strong></span> <span class='ocrx_word' id='word_1_645' title='bbox 2755 4036 2849 4090; x_wconf 91' lang='lat' dir='ltr'><strong>lib.</strong></span> <span class='ocrx_word' id='word_1_646' title='bbox 2889 4053 2964 4102; x_wconf 75' lang='grc' dir='ltr'>ιιι,</span> <span class='ocrx_word' id='word_1_647' title='bbox 2988 4053 3036 4091; x_wconf 88' lang='lat' dir='ltr'><strong>c.</strong></span> <span class='ocrx_word' id='word_1_648' title='bbox 3067 4037 3156 4093; x_wconf 82' lang='lat'><strong>&#39;59.</strong></span> 
     </span>
    </p>
   </div>
   <div class='ocr_carea' id='block_1_89' title="bbox 2161 4104 3651 4179">
    <p class='ocr_par' dir='ltr' id='par_1_89' title="bbox 2161 4104 3651 4179">
     <span class='ocr_line' id='line_1_89' title="bbox 2161 4104 3651 4179; baseline -0.001 -17"><span class='ocrx_word' id='word_1_649' title='bbox 2161 4107 2269 4178; x_wconf 80' lang='grc'>(91)</span> <span class='ocrx_word' id='word_1_650' title='bbox 2296 4104 2684 4179; x_wconf 23' lang='grc' dir='ltr'>Μίγνυταιμτῇ</span> <span class='ocrx_word' id='word_1_651' title='bbox 2715 4107 2877 4179; x_wconf 72' lang='grc' dir='ltr'>λίθῳ.</span> <span class='ocrx_word' id='word_1_652' title='bbox 2906 4109 2982 4179; x_wconf 84' lang='grc' dir='ltr'><strong>Τῇ</strong></span> <span class='ocrx_word' id='word_1_653' title='bbox 3018 4107 3148 4178; x_wconf 83' lang='grc' dir='ltr'>λίθῳ</span> <span class='ocrx_word' id='word_1_654' title='bbox 3175 4106 3389 4176; x_wconf 88' lang='lat' dir='ltr'><strong>scripsit</strong></span> <span class='ocrx_word' id='word_1_655' title='bbox 3417 4115 3651 4179; x_wconf 86' lang='lat' dir='ltr'><strong>auctor_:</strong></span> 
     </span>
    </p>
   </div>
   <div class='ocr_carea' id='block_1_90' title="bbox 2093 4176 3653 4247">
    <p class='ocr_par' dir='ltr' id='par_1_90' title="bbox 2093 4176 3653 4247">
     <span class='ocr_line' id='line_1_90' title="bbox 2093 4176 3653 4247; baseline -0.001 -15"><span class='ocrx_word' id='word_1_656' title='bbox 2093 4176 2257 4232; x_wconf 64' lang='lat' dir='ltr'><strong>sexus</strong></span> <span class='ocrx_word' id='word_1_657' title='bbox 2287 4176 2621 4247; x_wconf 80' lang='lat' dir='ltr'><strong>exprimendi</strong></span> <span class='ocrx_word' id='word_1_658' title='bbox 2669 4177 2839 4247; x_wconf 78' lang='lat' dir='ltr'><strong>gratia</strong></span> <span class='ocrx_word' id='word_1_659' title='bbox 2879 4176 3011 4232; x_wconf 82' lang='lat' dir='ltr'><strong>usus</strong></span> <span class='ocrx_word' id='word_1_660' title='bbox 3035 4176 3130 4232; x_wconf 82' lang='lat' dir='ltr'><strong>est</strong></span> <span class='ocrx_word' id='word_1_661' title='bbox 3153 4192 3217 4232; x_wconf 91' lang='lat' dir='ltr'><strong>eo</strong></span> <span class='ocrx_word' id='word_1_662' title='bbox 3244 4193 3439 4247; x_wconf 80' lang='lat' dir='ltr'><strong>genere</strong></span> <span class='ocrx_word' id='word_1_663' title='bbox 3468 4194 3482 4231; x_wconf 91' lang='lat'><strong>:</strong></span> <span class='ocrx_word' id='word_1_664' title='bbox 3510 4192 3564 4245; x_wconf 91' lang='lat' dir='ltr'><strong>q.</strong></span> <span class='ocrx_word' id='word_1_665' title='bbox 3595 4176 3653 4230; x_wconf 91' lang='lat' dir='ltr'><strong>d.</strong></span> 
     </span>
    </p>
   </div>
   <div class='ocr_carea' id='block_1_91' title="bbox 2094 4245 2902 4318">
    <p class='ocr_par' dir='ltr' id='par_1_91' title="bbox 2094 4245 2902 4318">
     <span class='ocr_line' id='line_1_91' title="bbox 2094 4245 2902 4318; baseline -0.001 -19"><span class='ocrx_word' id='word_1_666' title='bbox 2094 4250 2157 4318; x_wconf 82' lang='grc' dir='ltr'>τῇ</span> <span class='ocrx_word' id='word_1_667' title='bbox 2180 4245 2369 4318; x_wconf 75' lang='grc' dir='ltr'>λιθίνη</span> <span class='ocrx_word' id='word_1_668' title='bbox 2409 4245 2711 4318; x_wconf 82' lang='grc' dir='ltr'>Ἀφροδίτῃ.</span> <span class='ocrx_word' id='word_1_669' title='bbox 2740 4245 2902 4318; x_wconf 61' lang='grc' dir='ltr'>ξῖιιι.</span> 
     </span>
    </p>
   </div>
   <div class='ocr_carea' id='block_1_92' title="bbox 2166 4312 3652 4386">
    <p class='ocr_par' dir='ltr' id='par_1_92' title="bbox 2166 4312 3652 4386">
     <span class='ocr_line' id='line_1_92' title="bbox 2166 4312 3652 4386; baseline 0 -16"><span class='ocrx_word' id='word_1_670' title='bbox 2166 4316 2273 4386; x_wconf 73' lang='grc'>(92)</span> <span class='ocrx_word' id='word_1_671' title='bbox 2302 4312 2708 4384; x_wconf 66' lang='grc' dir='ltr'>Προσὰγωγόξ.</span> <span class='ocrx_word' id='word_1_672' title='bbox 2740 4315 3061 4386; x_wconf 79' lang='grc' dir='ltr'>Προαγωγός</span> <span class='ocrx_word' id='word_1_673' title='bbox 3085 4312 3244 4386; x_wconf 73' lang='lat' dir='ltr'><strong>Noy.,</strong></span> <span class='ocrx_word' id='word_1_674' title='bbox 3265 4315 3408 4386; x_wconf 92' lang='lat' dir='ltr'><strong>quod</strong></span> <span class='ocrx_word' id='word_1_675' title='bbox 3451 4325 3652 4384; x_wconf 70' lang='lat' dir='ltr'><strong>prtem-</strong></span> 
     </span>
    </p>
   </div>
   <div class='ocr_carea' id='block_1_93' title="bbox 2093 4383 3658 4456">
    <p class='ocr_par' dir='ltr' id='par_1_93' title="bbox 2093 4383 3658 4456">
     <span class='ocr_line' id='line_1_93' title="bbox 2093 4383 3658 4456; baseline -0.001 -17"><span class='ocrx_word' id='word_1_676' title='bbox 2093 4383 2389 4440; x_wconf 57' lang='lat' dir='ltr'><strong>lerim&#39;licet</strong></span> <span class='ocrx_word' id='word_1_677' title='bbox 2411 4383 2696 4456; x_wconf 77' lang='lat' dir='ltr'><strong>utrumque</strong></span> <span class='ocrx_word' id='word_1_678' title='bbox 2723 4383 2935 4456; x_wconf 84' lang='lat' dir='ltr'><strong>tolerari</strong></span> <span class='ocrx_word' id='word_1_679' title='bbox 2957 4388 3144 4456; x_wconf 85' lang='lat' dir='ltr'><strong>possit.</strong></span> <span class='ocrx_word' id='word_1_680' title='bbox 3169 4383 3335 4456; x_wconf 85' lang='lat' dir='ltr'><strong>Paulo</strong></span> <span class='ocrx_word' id='word_1_681' title='bbox 3353 4383 3471 4454; x_wconf 89' lang='lat' dir='ltr'><strong>post</strong></span> <span class='ocrx_word' id='word_1_682' title='bbox 3488 4402 3658 4456; x_wconf 87' lang='grc' dir='ltr'>προσ-</span> 
     </span>
    </p>
   </div>
   <div class='ocr_carea' id='block_1_94' title="bbox 2099 4452 3593 4526">
    <p class='ocr_par' dir='ltr' id='par_1_94' title="bbox 2099 4452 3593 4526">
     <span class='ocr_line' id='line_1_94' title="bbox 2099 4452 3593 4526; baseline -0.003 -16"><span class='ocrx_word' id='word_1_683' title='bbox 2099 4457 2305 4526; x_wconf 80' lang='grc' dir='ltr'>άγουσα</span> <span class='ocrx_word' id='word_1_684' title='bbox 2341 4458 2496 4526; x_wconf 72' lang='lat' dir='ltr'><strong>habet</strong></span> <span class='ocrx_word' id='word_1_685' title='bbox 2525 4452 2809 4526; x_wconf 72' lang='lat' dir='ltr'><strong>Nov.,quo</strong></span> <span class='ocrx_word' id='word_1_686' title='bbox 2830 4452 3239 4526; x_wconf 42' lang='lat' dir='ltr'><strong>loco—aliicodd.</strong></span> <span class='ocrx_word' id='word_1_687' title='bbox 3265 4452 3593 4526; x_wconf 78' lang='grc' dir='ltr'>προάγουσα.</span> 
     </span>
    </p>
   </div>
   <div class='ocr_carea' id='block_1_95' title="bbox 441 4523 1990 4606">
    <p class='ocr_par' dir='ltr' id='par_1_95' title="bbox 441 4525 1990 4606">
     <span class='ocr_line' id='line_1_95' title="bbox 441 4525 1990 4606; baseline 0 -28"><span class='ocrx_word' id='word_1_688' title='bbox 441 4526 596 4578; x_wconf 83' lang='lat' dir='ltr'><strong>tionis</strong></span> <span class='ocrx_word' id='word_1_689' title='bbox 609 4525 900 4606; x_wconf 80' lang='lat' dir='ltr'><strong>judiciique</strong></span> <span class='ocrx_word' id='word_1_690' title='bbox 924 4527 1131 4580; x_wconf 70' lang='lat' dir='ltr'><strong>ccecatis</strong></span> <span class='ocrx_word' id='word_1_691' title='bbox 1153 4542 1172 4580; x_wconf 90' lang='lat'><strong><em>:</em></strong></span> <span class='ocrx_word' id='word_1_692' title='bbox 1204 4526 1515 4606; x_wconf 76' lang='lat' dir='ltr'><strong>solitumque</strong></span> <span class='ocrx_word' id='word_1_693' title='bbox 1530 4527 1841 4606; x_wconf 71' lang='lat' dir='ltr'><strong>dementem,</strong></span> <span class='ocrx_word' id='word_1_694' title='bbox 1878 4536 1990 4606; x_wconf 67' lang='lat' dir='ltr'><strong>tun-</strong></span> 
     </span>
    </p>
   </div>
   <div class='ocr_carea' id='block_1_96' title="bbox 2096 4523 3660 4606">
    <p class='ocr_par' dir='ltr' id='par_1_96' title="bbox 2100 4523 3660 4606">
     <span class='ocr_line' id='line_1_96' title="bbox 2100 4523 3660 4606; baseline 0 -28"><span class='ocrx_word' id='word_1_695' title='bbox 2100 4595 2116 4606; x_wconf 35' lang='lat'><em>.</em></span> <span class='ocrx_word' id='word_1_696' title='bbox 2143 4523 2463 4606; x_wconf 36' lang='grc' dir='ltr'>λοδλυιρδὲ</span> <span class='ocrx_word' id='word_1_697' title='bbox 2477 4523 2602 4606; x_wconf 61' lang='grc' dir='ltr'><strong>μὴν</strong></span> <span class='ocrx_word' id='word_1_698' title='bbox 2622 4536 2748 4606; x_wconf 27' lang='grc' dir='ltr'>τιίκ.</span> <span class='ocrx_word' id='word_1_699' title='bbox 2777 4527 2836 4576; x_wconf 79' lang='grc' dir='ltr'>λ.</span> <span class='ocrx_word' id='word_1_700' title='bbox 2864 4525 2931 4588; x_wconf 78' lang='grc' dir='ltr'>β.</span> <span class='ocrx_word' id='word_1_701' title='bbox 2960 4525 3090 4606; x_wconf 61' lang='lat' dir='ltr'><strong>post</strong></span> <span class='ocrx_word' id='word_1_702' title='bbox 3113 4525 3215 4604; x_wconf 82' lang='grc' dir='ltr'>μὴν</span> <span class='ocrx_word' id='word_1_703' title='bbox 3231 4523 3351 4606; x_wconf 71' lang='grc' dir='ltr'>οὐδὲ</span> <span class='ocrx_word' id='word_1_704' title='bbox 3367 4527 3490 4588; x_wconf 83' lang='grc' dir='ltr'>τοὺς</span> <span class='ocrx_word' id='word_1_705' title='bbox 3518 4523 3660 4579; x_wconf 78' lang='grc' dir='ltr'>κατὰ.</span> 
     </span>
    </p>
   </div>
   <div class='ocr_carea' id='block_1_97' title="bbox 441 4595 1998 4662">
    <p class='ocr_par' dir='ltr' id='par_1_97' title="bbox 441 4595 1998 4662">
     <span class='ocr_line' id='line_1_97' title="bbox 441 4595 1998 4662; baseline 0.001 -16"><span class='ocrx_word' id='word_1_706' title='bbox 441 4611 597 4662; x_wconf 87' lang='lat' dir='ltr'><strong>quam</strong></span> <span class='ocrx_word' id='word_1_707' title='bbox 614 4596 658 4646; x_wconf 82' lang='lat' dir='ltr'><strong>si</strong></span> <span class='ocrx_word' id='word_1_708' title='bbox 683 4600 867 4648; x_wconf 77' lang='lat' dir='ltr'><strong>uxoria</strong></span> <span class='ocrx_word' id='word_1_709' title='bbox 893 4612 969 4649; x_wconf 90' lang='lat' dir='ltr'><strong>res</strong></span> <span class='ocrx_word' id='word_1_710' title='bbox 989 4606 1140 4657; x_wconf 85' lang='lat' dir='ltr'><strong>esset,</strong></span> <span class='ocrx_word' id='word_1_711' title='bbox 1165 4597 1428 4650; x_wconf 82' lang='lat' dir='ltr'><strong>sublevate</strong></span> <span class='ocrx_word' id='word_1_712' title='bbox 1449 4597 1502 4648; x_wconf 83' lang='lat' dir='ltr'><strong>in</strong></span> <span class='ocrx_word' id='word_1_713' title='bbox 1523 4595 1768 4648; x_wconf 81' lang='lat' dir='ltr'><strong>lectulum</strong></span> <span class='ocrx_word' id='word_1_714' title='bbox 1789 4597 1998 4648; x_wconf 86' lang='lat' dir='ltr'><strong>numine</strong></span> 
     </span>
    </p>
   </div>
   <div class='ocr_carea' id='block_1_98' title="bbox 441 4663 1996 4734">
    <p class='ocr_par' dir='ltr' id='par_1_98' title="bbox 441 4663 1996 4734">
     <span class='ocr_line' id='line_1_98' title="bbox 441 4663 1996 4734; baseline 0.002 -18"><span class='ocrx_word' id='word_1_715' title='bbox 441 4663 736 4734; x_wconf 84' lang='lat' dir='ltr'><strong>copularier</strong></span> <span class='ocrx_word' id='word_1_716' title='bbox 787 4674 836 4717; x_wconf 88' lang='lat' dir='ltr'><strong>et</strong></span> <span class='ocrx_word' id='word_1_717' title='bbox 892 4667 1217 4733; x_wconf 71' lang='lat' dir='ltr'><strong>amplexibus</strong></span> <span class='ocrx_word' id='word_1_718' title='bbox 1258 4677 1413 4734; x_wconf 87' lang='lat' dir='ltr'><strong>atque</strong></span> <span class='ocrx_word' id='word_1_719' title='bbox 1459 4681 1581 4727; x_wconf 84' lang='lat' dir='ltr'><strong>are;</strong></span> <span class='ocrx_word' id='word_1_720' title='bbox 1634 4681 1812 4733; x_wconf 85' lang='lat' dir='ltr'><strong>resque</strong></span> <span class='ocrx_word' id='word_1_721' title='bbox 1859 4667 1996 4734; x_wconf 74' lang='lat' dir='ltr'><strong>alias</strong></span> 
     </span>
    </p>
   </div>
   <div class='ocr_carea' id='block_1_99' title="bbox 440 4733 1995 4815">
    <p class='ocr_par' dir='ltr' id='par_1_99' title="bbox 440 4733 1995 4815">
     <span class='ocr_line' id='line_1_99' title="bbox 440 4733 1995 4815; baseline 0.002 -30"><span class='ocrx_word' id='word_1_722' title='bbox 440 4751 606 4815; x_wconf 42' lang='lat' dir='ltr'><strong>agere.</strong></span> <span class='ocrx_word' id='word_1_723' title='bbox 623 4733 857 4815; x_wconf 75' lang='lat' dir='ltr'><strong>libidinis</strong></span> <span class='ocrx_word' id='word_1_724' title='bbox 881 4751 1058 4815; x_wconf 56' lang='lat' dir='ltr'><strong>pach</strong></span> <span class='ocrx_word' id='word_1_725' title='bbox 1080 4737 1455 4815; x_wconf 63' lang='lat' dir='ltr'><strong>imaginatione</strong></span> <span class='ocrx_word' id='word_1_726' title='bbox 1485 4735 1831 4815; x_wconf 37' lang='lat' dir='ltr'><strong>[rustrabilesr</strong></span> <span class='ocrx_word' id='word_1_727' title='bbox 1859 4733 1995 4815; x_wconf 31' lang='lat' dir='ltr'><strong>Cons</strong></span> 
     </span>
    </p>
   </div>
   <div class='ocr_carea' id='block_1_100' title="bbox 441 4804 1997 4874">
    <p class='ocr_par' dir='ltr' id='par_1_100' title="bbox 441 4804 1997 4874">
     <span class='ocr_line' id='line_1_100' title="bbox 441 4804 1997 4874; baseline 0.001 -18"><span class='ocrx_word' id='word_1_728' title='bbox 441 4804 606 4856; x_wconf 88' lang='lat' dir='ltr'><strong>simili</strong></span> <span class='ocrx_word' id='word_1_729' title='bbox 644 4805 846 4874; x_wconf 70' lang='lat' dir='ltr'><strong>ratione</strong></span> <span class='ocrx_word' id='word_1_730' title='bbox 869 4806 1206 4874; x_wconf 81' lang='lat' dir='ltr'><strong>Posidippus,</strong></span> <span class='ocrx_word' id='word_1_731' title='bbox 1226 4806 1277 4857; x_wconf 89' lang='lat' dir='ltr'><strong>in</strong></span> <span class='ocrx_word' id='word_1_732' title='bbox 1303 4821 1363 4858; x_wconf 91' lang='lat' dir='ltr'><strong>eo</strong></span> <span class='ocrx_word' id='word_1_733' title='bbox 1390 4805 1522 4858; x_wconf 85' lang='lat' dir='ltr'><strong>libro</strong></span> <span class='ocrx_word' id='word_1_734' title='bbox 1546 4821 1694 4873; x_wconf 84' lang='lat' dir='ltr'><strong>quem</strong></span> <span class='ocrx_word' id='word_1_735' title='bbox 1717 4806 1997 4874; x_wconf 83' lang='lat' dir='ltr'><strong>scripserat</strong></span> 
     </span>
    </p>
   </div>
   <div class='ocr_carea' id='block_1_101' title="bbox 440 4871 1996 4944">
    <p class='ocr_par' dir='ltr' id='par_1_101' title="bbox 440 4871 1996 4944">
     <span class='ocr_line' id='line_1_101' title="bbox 440 4871 1996 4944; baseline 0.002 -19"><span class='ocrx_word' id='word_1_736' title='bbox 440 4889 597 4944; x_wconf 78' lang='lat' dir='ltr'><strong>super</strong></span> <span class='ocrx_word' id='word_1_737' title='bbox 629 4871 819 4938; x_wconf 81' lang='lat' dir='ltr'><strong>Gnido,</strong></span> <span class='ocrx_word' id='word_1_738' title='bbox 841 4871 1099 4944; x_wconf 74' lang='lat' dir='ltr'><strong>superque</strong></span> <span class='ocrx_word' id='word_1_739' title='bbox 1125 4875 1272 4928; x_wconf 84' lang='lat' dir='ltr'><strong>rebus</strong></span> <span class='ocrx_word' id='word_1_740' title='bbox 1296 4875 1429 4943; x_wconf 85' lang='lat' dir='ltr'><strong>ejus.</strong></span> <span class='ocrx_word' id='word_1_741' title='bbox 1449 4871 1831 4929; x_wconf 81' lang='lat' dir='ltr'><strong>adolescentem</strong></span> <span class='ocrx_word' id='word_1_742' title='bbox 1857 4875 1996 4928; x_wconf 84' lang='lat' dir='ltr'><strong>haud</strong></span> 
     </span>
    </p>
   </div>
   <div class='ocr_carea' id='block_1_102' title="bbox 443 4942 1996 5012">
    <p class='ocr_par' dir='ltr' id='par_1_102' title="bbox 443 4942 1996 5012">
     <span class='ocr_line' id='line_1_102' title="bbox 443 4942 1996 5012; baseline 0.003 -18"><span class='ocrx_word' id='word_1_743' title='bbox 443 4942 716 5012; x_wconf 84' lang='lat' dir='ltr'><strong>ignobilem</strong></span> <span class='ocrx_word' id='word_1_744' title='bbox 768 4942 1056 5010; x_wconf 81' lang='lat' dir='ltr'><strong>memerat,</strong></span> <span class='ocrx_word' id='word_1_745' title='bbox 1106 4945 1194 4997; x_wconf 83' lang='lat' dir='ltr'><strong>sed</strong></span> <span class='ocrx_word' id='word_1_746' title='bbox 1226 4942 1529 4998; x_wconf 79' lang='lat' dir='ltr'><strong>vocabulum</strong></span> <span class='ocrx_word' id='word_1_747' title='bbox 1575 4945 1686 5012; x_wconf 88' lang='lat' dir='ltr'><strong>ejus</strong></span> <span class='ocrx_word' id='word_1_748' title='bbox 1731 4945 1996 5010; x_wconf 86' lang='lat' dir='ltr'><strong>obscurat,</strong></span> 
     </span>
    </p>
   </div>
   <div class='ocr_carea' id='block_1_103' title="bbox 443 5012 1996 5084">
    <p class='ocr_par' dir='ltr' id='par_1_103' title="bbox 443 5012 1996 5084">
     <span class='ocr_line' id='line_1_103' title="bbox 443 5012 1996 5084; baseline 0.002 -20"><span class='ocrx_word' id='word_1_749' title='bbox 443 5024 736 5084; x_wconf 82' lang='lat' dir='ltr'><strong>correptum</strong></span> <span class='ocrx_word' id='word_1_750' title='bbox 766 5014 1031 5068; x_wconf 90' lang='lat' dir='ltr'><strong>amoribus</strong></span> <span class='ocrx_word' id='word_1_751' title='bbox 1085 5012 1313 5075; x_wconf 79' lang='lat' dir='ltr'><strong>Veneris,</strong></span> <span class='ocrx_word' id='word_1_752' title='bbox 1342 5024 1550 5083; x_wconf 84' lang='lat' dir='ltr'><strong>propter</strong></span> <span class='ocrx_word' id='word_1_753' title='bbox 1591 5031 1748 5084; x_wconf 88' lang='lat' dir='ltr'><strong>quam</strong></span> <span class='ocrx_word' id='word_1_754' title='bbox 1799 5013 1996 5068; x_wconf 80' lang='lat' dir='ltr'><strong>Cnidus</strong></span> 
     </span>
    </p>
   </div>
   <div class='ocr_carea' id='block_1_104' title="bbox 444 5081 1996 5153">
    <p class='ocr_par' dir='ltr' id='par_1_104' title="bbox 444 5081 1996 5153">
     <span class='ocr_line' id='line_1_104' title="bbox 444 5081 1996 5153; baseline 0.003 -19"><span class='ocrx_word' id='word_1_755' title='bbox 444 5081 502 5134; x_wconf 83' lang='lat' dir='ltr'><strong>in</strong></span> <span class='ocrx_word' id='word_1_756' title='bbox 523 5081 726 5136; x_wconf 84' lang='lat' dir='ltr'><strong>nomine</strong></span> <span class='ocrx_word' id='word_1_757' title='bbox 749 5093 844 5148; x_wconf 86' lang='lat' dir='ltr'><strong>est,</strong></span> <span class='ocrx_word' id='word_1_758' title='bbox 867 5085 1154 5137; x_wconf 83' lang='lat' dir='ltr'><strong>amatorias</strong></span> <span class='ocrx_word' id='word_1_759' title='bbox 1177 5095 1223 5138; x_wconf 89' lang='lat' dir='ltr'><strong>et</strong></span> <span class='ocrx_word' id='word_1_760' title='bbox 1249 5081 1420 5153; x_wconf 90' lang='lat' dir='ltr'><strong>ipsum</strong></span> <span class='ocrx_word' id='word_1_761' title='bbox 1438 5081 1712 5139; x_wconf 79' lang='lat' dir='ltr'><strong>miscuisse</strong></span> <span class='ocrx_word' id='word_1_762' title='bbox 1731 5083 1996 5150; x_wconf 79' lang='lat' dir='ltr'><strong>lascivias,</strong></span> 
     </span>
    </p>
   </div>
   <div class='ocr_carea' id='block_1_105' title="bbox 445 5153 1994 5224">
    <p class='ocr_par' dir='ltr' id='par_1_105' title="bbox 445 5153 1994 5224">
     <span class='ocr_line' id='line_1_105' title="bbox 445 5153 1994 5224; baseline 0.005 -20"><span class='ocrx_word' id='word_1_763' title='bbox 445 5167 562 5204; x_wconf 79' lang='lat' dir='ltr'><strong>cum</strong></span> <span class='ocrx_word' id='word_1_764' title='bbox 584 5153 838 5224; x_wconf 82' lang='lat' dir='ltr'><strong>_ejusdem</strong></span> <span class='ocrx_word' id='word_1_765' title='bbox 867 5155 1096 5208; x_wconf 81' lang='lat' dir='ltr'><strong>numinis</strong></span> <span class='ocrx_word' id='word_1_766' title='bbox 1131 5155 1278 5222; x_wconf 84' lang='lat' dir='ltr'><strong>signo</strong></span> <span class='ocrx_word' id='word_1_767' title='bbox 1303 5154 1617 5224; x_wconf 50' lang='lat' dir='ltr'><strong>genialibus</strong></span> <span class='ocrx_word' id='word_1_768' title='bbox 1640 5155 1813 5222; x_wconf 80' lang='lat' dir='ltr'><strong>fusum</strong></span> <span class='ocrx_word' id='word_1_769' title='bbox 1844 5155 1994 5211; x_wconf 83' lang='lat' dir='ltr'><strong>toris.</strong></span> 
     </span>
    </p>
   </div>
   <div class='ocr_carea' id='block_1_106' title="bbox 444 5221 1996 5294">
    <p class='ocr_par' dir='ltr' id='par_1_106' title="bbox 444 5221 1996 5294">
     <span class='ocr_line' id='line_1_106' title="bbox 444 5221 1996 5294; baseline 0.002 -20"><span class='ocrx_word' id='word_1_770' title='bbox 444 5221 835 5294; x_wconf 4' lang='lat' dir='ltr'><strong>etquoluptatum</strong></span> <span class='ocrx_word' id='word_1_771' title='bbox 884 5221 1317 5293; x_wconf 67' lang='lat' dir='ltr'><strong>consequentium</strong></span> <span class='ocrx_word' id='word_1_772' title='bbox 1339 5223 1550 5294; x_wconf 80' lang='lat' dir='ltr'><strong>ﬁnibus.</strong></span> <span class='ocrx_word' id='word_1_773' title='bbox 1595 5221 1996 5294; x_wconf 76' lang='lat' dir='ltr'><strong>Pygmalionem</strong></span> 
     </span>
    </p>
   </div>
   <div class='ocr_carea' id='block_1_107' title="bbox 447 5291 2000 5361">
    <p class='ocr_par' dir='ltr' id='par_1_107' title="bbox 447 5291 2000 5361">
     <span class='ocr_line' id='line_1_107' title="bbox 447 5291 2000 5361; baseline 0.002 -17"><span class='ocrx_word' id='word_1_774' title='bbox 447 5291 559 5354; x_wconf 88' lang='lat' dir='ltr'><strong>alii,</strong></span> <span class='ocrx_word' id='word_1_775' title='bbox 580 5307 688 5345; x_wconf 90' lang='lat' dir='ltr'><strong>non</strong></span> <span class='ocrx_word' id='word_1_776' title='bbox 717 5307 918 5361; x_wconf 81' lang='lat' dir='ltr'><strong>regem,</strong></span> <span class='ocrx_word' id='word_1_777' title='bbox 941 5295 1030 5347; x_wconf 86' lang='lat' dir='ltr'><strong>sed</strong></span> <span class='ocrx_word' id='word_1_778' title='bbox 1047 5291 1374 5348; x_wconf 41' lang='lat' dir='ltr'><strong>&#39;statuarium</strong></span> <span class='ocrx_word' id='word_1_779' title='bbox 1407 5293 1593 5354; x_wconf 83' lang='lat' dir='ltr'><strong>fuisse,</strong></span> <span class='ocrx_word' id='word_1_780' title='bbox 1621 5291 1734 5346; x_wconf 38' lang='lat' dir='ltr'><strong>et&#39;a</strong></span> <span class='ocrx_word' id='word_1_781' title='bbox 1761 5310 1818 5347; x_wconf 84' lang='lat' dir='ltr'><strong>se</strong></span> <span class='ocrx_word' id='word_1_782' title='bbox 1847 5294 2000 5347; x_wconf 69' lang='lat' dir='ltr'><strong>laetae</strong></span> 
     </span>
    </p>
   </div>
   <div class='ocr_carea' id='block_1_108' title="bbox 446 5361 1998 5430">
    <p class='ocr_par' dir='ltr' id='par_1_108' title="bbox 446 5361 1998 5430">
     <span class='ocr_line' id='line_1_108' title="bbox 446 5361 1998 5430; baseline 0.002 -16"><span class='ocrx_word' id='word_1_783' title='bbox 446 5368 640 5430; x_wconf 70' lang='lat' dir='ltr'><strong>statua:</strong></span> <span class='ocrx_word' id='word_1_784' title='bbox 661 5377 843 5416; x_wconf 63' lang='lat' dir='ltr'><strong>amore</strong></span> <span class='ocrx_word' id='word_1_785' title='bbox 873 5364 1072 5418; x_wconf 84' lang='lat' dir='ltr'><strong>arsisse</strong></span> <span class='ocrx_word' id='word_1_786' title='bbox 1099 5363 1357 5418; x_wconf 88' lang='lat' dir='ltr'><strong>referunt.</strong></span> <span class='ocrx_word' id='word_1_787' title='bbox 1391 5362 1549 5417; x_wconf 72' lang='lat' dir='ltr'><strong>(lonl‘.</strong></span> <span class='ocrx_word' id='word_1_788' title='bbox 1573 5362 1728 5416; x_wconf 73' lang='lat' dir='ltr'><strong>Ovid.</strong></span> <span class='ocrx_word' id='word_1_789' title='bbox 1755 5361 1998 5430; x_wconf 74' lang='lat' dir='ltr'><strong>Metam.,</strong></span> 
     </span>
    </p>
   </div>
   <div class='ocr_carea' id='block_1_109' title="bbox 441 5427 1997 5553">
    <p class='ocr_par' dir='ltr' id='par_1_109' title="bbox 441 5427 1997 5553">
     <span class='ocr_line' id='line_1_109' title="bbox 441 5427 1997 5553; baseline 0.001 -69"><span class='ocrx_word' id='word_1_790' title='bbox 441 5427 542 5553; x_wconf 52' lang='lat' dir='ltr'><strong>{itu</strong></span> <span class='ocrx_word' id='word_1_791' title='bbox 575 5447 630 5494; x_wconf 69' lang='grc' dir='ltr'>χ,</span> <span class='ocrx_word' id='word_1_792' title='bbox 660 5447 711 5484; x_wconf 85' lang='lat' dir='ltr'><strong>v.</strong></span> <span class='ocrx_word' id='word_1_793' title='bbox 903 5431 1270 5514; x_wconf 51' lang='lat' dir='ltr'><strong>Ifygmalionis</strong></span> <span class='ocrx_word' id='word_1_794' title='bbox 1299 5434 1549 5514; x_wconf 82' lang='lat' dir='ltr'><strong>statuarii</strong></span> <span class='ocrx_word' id='word_1_795' title='bbox 1591 5434 1836 5486; x_wconf 87' lang='lat' dir='ltr'><strong>meminit</strong></span> <span class='ocrx_word' id='word_1_796' title='bbox 1866 5427 1997 5486; x_wconf 51' lang='lat' dir='ltr'><strong>Phi;</strong></span> 
     </span>
     <span class='ocr_line' id='line_1_110' title="bbox 470 5500 1996 5553; baseline 0 0"><span class='ocrx_word' id='word_1_797' title='bbox 470 5508 728 5553; x_wconf 83' lang='lat' dir='ltr'><strong>ostmtus.</strong></span> <span class='ocrx_word' id='word_1_798' title='bbox 766 5517 820 5553; x_wconf 87' lang='grc' dir='ltr'><strong>ιιι</strong></span> <span class='ocrx_word' id='word_1_799' title='bbox 865 5500 984 5553; x_wconf 78' lang='lat' dir='ltr'><strong>Vita</strong></span> <span class='ocrx_word' id='word_1_800' title='bbox 1026 5502 1294 5553; x_wconf 79' lang='lat' dir='ltr'><strong>Anollon..</strong></span> <span class='ocrx_word' id='word_1_801' title='bbox 1325 5504 1418 5553; x_wconf 79' lang='lat' dir='ltr'><strong>lib.</strong></span> <span class='ocrx_word' id='word_1_802' title='bbox 1458 5519 1510 5553; x_wconf 82' lang='grc' dir='ltr'>ν.</span> <span class='ocrx_word' id='word_1_803' title='bbox 1541 5518 1662 5553; x_wconf 83' lang='lat' dir='ltr'><strong>can.</strong></span> <span class='ocrx_word' id='word_1_804' title='bbox 1698 5503 1750 5553; x_wconf 83' lang='lat'><strong>5.</strong></span> <span class='ocrx_word' id='word_1_805' title='bbox 1786 5502 1861 5553; x_wconf 85' lang='lat' dir='ltr'><strong>De</strong></span> <span class='ocrx_word' id='word_1_806' title='bbox 1893 5501 1996 5553; x_wconf 88' lang='lat' dir='ltr'><strong>Ve-</strong></span> 
     </span>
    </p>
   </div>
   <div class='ocr_carea' id='block_1_110' title="bbox 470 5500 1996 5572">
    <p class='ocr_par' dir='ltr' id='par_1_110' title="bbox 470 5500 1996 5572">
     <span class='ocr_line' id='line_1_111' title="bbox 470 5500 1996 5572; baseline 0.002 -20"><span class='ocrx_word' id='word_1_807' title='bbox 470 5508 728 5572; x_wconf 78' lang='lat' dir='ltr'><strong>ostratus,</strong></span> <span class='ocrx_word' id='word_1_808' title='bbox 750 5502 820 5572; x_wconf 85' lang='lat' dir='ltr'><strong>in</strong></span> <span class='ocrx_word' id='word_1_809' title='bbox 865 5500 1418 5572; x_wconf 61' lang='lat' dir='ltr'><strong>Vita&#39;Apollon.,lib.</strong></span> <span class='ocrx_word' id='word_1_810' title='bbox 1458 5519 1510 5568; x_wconf 79' lang='grc' dir='ltr'><strong>ν,</strong></span> <span class='ocrx_word' id='word_1_811' title='bbox 1541 5518 1662 5572; x_wconf 92' lang='lat' dir='ltr'><strong>cap.</strong></span> <span class='ocrx_word' id='word_1_812' title='bbox 1698 5503 1750 5558; x_wconf 85' lang='lat'><strong>5.</strong></span> <span class='ocrx_word' id='word_1_813' title='bbox 1786 5502 1861 5556; x_wconf 86' lang='lat' dir='ltr'><strong>De</strong></span> <span class='ocrx_word' id='word_1_814' title='bbox 1893 5501 1996 5555; x_wconf 90' lang='lat' dir='ltr'><strong>Ve-</strong></span> 
     </span>
    </p>
   </div>
   <div class='ocr_carea' id='block_1_111' title="bbox 449 5570 1994 5634">
    <p class='ocr_par' dir='ltr' id='par_1_111' title="bbox 449 5570 1994 5634">
     <span class='ocr_line' id='line_1_112' title="bbox 449 5570 1994 5634; baseline 0.001 -11"><span class='ocrx_word' id='word_1_815' title='bbox 449 5570 597 5624; x_wconf 84' lang='lat' dir='ltr'><strong>neris</strong></span> <span class='ocrx_word' id='word_1_816' title='bbox 626 5570 830 5624; x_wconf 73' lang='lat' dir='ltr'><strong>Cnidia:</strong></span> <span class='ocrx_word' id='word_1_817' title='bbox 869 5571 1147 5626; x_wconf 89' lang='lat' dir='ltr'><strong>amoribus</strong></span> <span class='ocrx_word' id='word_1_818' title='bbox 1184 5571 1331 5626; x_wconf 88' lang='lat' dir='ltr'><strong>conf.</strong></span> <span class='ocrx_word' id='word_1_819' title='bbox 1364 5572 1506 5626; x_wconf 85' lang='lat' dir='ltr'><strong>Plin.</strong></span> <span class='ocrx_word' id='word_1_820' title='bbox 1553 5570 1694 5626; x_wconf 82' lang='lat' dir='ltr'><strong>Hist.</strong></span> <span class='ocrx_word' id='word_1_821' title='bbox 1728 5584 1867 5634; x_wconf 80' lang='lat' dir='ltr'><strong>nal.,</strong></span> <span class='ocrx_word' id='word_1_822' title='bbox 1901 5572 1994 5626; x_wconf 88' lang='lat' dir='ltr'><strong>lih.</strong></span> 
     </span>
    </p>
   </div>
   <div class='ocr_carea' id='block_1_112' title="bbox 450 5639 1995 5712">
    <p class='ocr_par' dir='ltr' id='par_1_112' title="bbox 450 5639 1995 5712">
     <span class='ocr_line' id='line_1_113' title="bbox 450 5639 1995 5712; baseline 0.001 -20"><span class='ocrx_word' id='word_1_823' title='bbox 450 5655 634 5712; x_wconf 51' lang='lat' dir='ltr'><strong>gustu,</strong></span> <span class='ocrx_word' id='word_1_824' title='bbox 665 5655 780 5709; x_wconf 91' lang='lat' dir='ltr'><strong>cap.</strong></span> <span class='ocrx_word' id='word_1_825' title='bbox 803 5642 835 5694; x_wconf 81' lang='grc'><strong>4</strong></span> <span class='ocrx_word' id='word_1_826' title='bbox 857 5649 909 5712; x_wconf 77' lang='lat' dir='ltr'><strong>et</strong></span> <span class='ocrx_word' id='word_1_827' title='bbox 930 5642 994 5705; x_wconf 81' lang='lat'><strong>5;</strong></span> <span class='ocrx_word' id='word_1_828' title='bbox 1025 5639 1195 5696; x_wconf 84' lang='lat' dir='ltr'><strong>Valer.</strong></span> <span class='ocrx_word' id='word_1_829' title='bbox 1226 5643 1470 5702; x_wconf 70' lang='lat' dir='ltr'><strong>Martium,</strong></span> <span class='ocrx_word' id='word_1_830' title='bbox 1495 5643 1586 5696; x_wconf 90' lang='lat' dir='ltr'><strong>lih.</strong></span> <span class='ocrx_word' id='word_1_831' title='bbox 1613 5659 1730 5706; x_wconf 86' lang='lat' dir='ltr'><strong>vm,</strong></span> <span class='ocrx_word' id='word_1_832' title='bbox 1756 5659 1874 5712; x_wconf 87' lang='lat' dir='ltr'><strong>cap.</strong></span> <span class='ocrx_word' id='word_1_833' title='bbox 1904 5643 1995 5706; x_wconf 81' lang='lat' dir='ltr'><strong>ll;</strong></span> 
     </span>
    </p>
   </div>
   <div class='ocr_carea' id='block_1_113' title="bbox 449 5706 1999 5780">
    <p class='ocr_par' dir='ltr' id='par_1_113' title="bbox 449 5706 1999 5780">
     <span class='ocr_line' id='line_1_114' title="bbox 449 5706 1999 5780; baseline -0.001 -16"><span class='ocrx_word' id='word_1_834' title='bbox 449 5706 829 5780; x_wconf 74' lang='lat' dir='ltr'><strong>Philostratus,</strong></span> <span class='ocrx_word' id='word_1_835' title='bbox 863 5710 937 5764; x_wconf 89' lang='lat' dir='ltr'><strong>De</strong></span> <span class='ocrx_word' id='word_1_836' title='bbox 964 5711 1068 5765; x_wconf 85' lang='lat' dir='ltr'><strong>vita</strong></span> <span class='ocrx_word' id='word_1_837' title='bbox 1102 5713 1387 5780; x_wconf 79' lang='lat' dir='ltr'><strong>Apollonii,</strong></span> <span class='ocrx_word' id='word_1_838' title='bbox 1419 5715 1509 5767; x_wconf 88' lang='lat' dir='ltr'><strong>lib.</strong></span> <span class='ocrx_word' id='word_1_839' title='bbox 1537 5729 1613 5777; x_wconf 79' lang='lat' dir='ltr'><strong>vt,</strong></span> <span class='ocrx_word' id='word_1_840' title='bbox 1643 5731 1762 5780; x_wconf 78' lang='lat' dir='ltr'><strong>cap.</strong></span> <span class='ocrx_word' id='word_1_841' title='bbox 1796 5706 1882 5766; x_wconf 48' lang='lat' dir='ltr'><strong>to.</strong></span> <span class='ocrx_word' id='word_1_842' title='bbox 1914 5713 1999 5764; x_wconf 74' lang='lat' dir='ltr'><strong>Si-</strong></span> 
     </span>
    </p>
   </div>
   <div class='ocr_carea' id='block_1_114' title="bbox 451 5779 1998 5855">
    <p class='ocr_par' dir='ltr' id='par_1_114' title="bbox 451 5779 1998 5855">
     <span class='ocr_line' id='line_1_115' title="bbox 451 5779 1998 5855; baseline 0.001 -21"><span class='ocrx_word' id='word_1_843' title='bbox 451 5779 658 5836; x_wconf 84' lang='lat' dir='ltr'><strong>milium</strong></span> <span class='ocrx_word' id='word_1_844' title='bbox 705 5796 946 5838; x_wconf 83' lang='lat' dir='ltr'><strong>amorum</strong></span> <span class='ocrx_word' id='word_1_845' title='bbox 992 5783 1096 5837; x_wconf 87' lang='lat' dir='ltr'><strong>alia</strong></span> <span class='ocrx_word' id='word_1_846' title='bbox 1145 5784 1388 5848; x_wconf 65' lang='lat' dir='ltr'><strong>quaedam</strong></span> <span class='ocrx_word' id='word_1_847' title='bbox 1439 5785 1680 5855; x_wconf 79' lang='lat' dir='ltr'><strong>exempla</strong></span> <span class='ocrx_word' id='word_1_848' title='bbox 1737 5792 1998 5840; x_wconf 78' lang='lat' dir='ltr'><strong>memorat</strong></span> 
     </span>
    </p>
   </div>
   <div class='ocr_carea' id='block_1_115' title="bbox 2100 4591 3329 4665">
    <p class='ocr_par' dir='ltr' id='par_1_115' title="bbox 2100 4591 3329 4665">
     <span class='ocr_line' id='line_1_116' title="bbox 2100 4591 3329 4665; baseline -0.002 -17"><span class='ocrx_word' id='word_1_849' title='bbox 2100 4591 2812 4665; x_wconf 52' lang='lat' dir='ltr'><strong>xcyov&#39;ssethsm,_uov.,</strong></span> <span class='ocrx_word' id='word_1_850' title='bbox 2833 4595 2974 4661; x_wconf 90' lang='lat' dir='ltr'><strong>quod</strong></span> <span class='ocrx_word' id='word_1_851' title='bbox 2995 4591 3203 4665; x_wconf 74' lang='lat' dir='ltr'><strong>plenius</strong></span> <span class='ocrx_word' id='word_1_852' title='bbox 3229 4604 3329 4650; x_wconf 91' lang='lat' dir='ltr'><strong>est.</strong></span> 
     </span>
    </p>
   </div>
   <div class='ocr_carea' id='block_1_116' title="bbox 2189 4661 3235 4735">
    <p class='ocr_par' dir='ltr' id='par_1_116' title="bbox 2189 4661 3235 4735">
     <span class='ocr_line' id='line_1_117' title="bbox 2189 4661 3235 4735; baseline -0.002 -17"><span class='ocrx_word' id='word_1_853' title='bbox 2189 4661 2696 4735; x_wconf 56' lang='grc' dir='ltr'>94)’Περίστεριζς.</span> <span class='ocrx_word' id='word_1_854' title='bbox 2728 4661 3068 4735; x_wconf 59' lang='grc' dir='ltr'>Περιπεραὶ,</span> <span class='ocrx_word' id='word_1_855' title='bbox 3099 4661 3235 4735; x_wconf 81' lang='lat' dir='ltr'><strong>Nov.</strong></span> 
     </span>
    </p>
   </div>
   <div class='ocr_carea' id='block_1_117' title="bbox 2167 4667 3659 4806">
    <p class='ocr_par' dir='ltr' id='par_1_117' title="bbox 2167 4667 3659 4806">
     <span class='ocr_line' id='line_1_118' title="bbox 2189 4667 3235 4735; baseline -0.002 -17"><span class='ocrx_word' id='word_1_856' title='bbox 2189 4667 2276 4732; x_wconf 68' lang='grc'>94)</span> <span class='ocrx_word' id='word_1_857' title='bbox 2303 4667 2696 4732; x_wconf 77' lang='grc' dir='ltr'>Περιστεραῖς.</span> <span class='ocrx_word' id='word_1_858' title='bbox 2728 4667 3068 4735; x_wconf 78' lang='grc' dir='ltr'>Περιπεραί,</span> <span class='ocrx_word' id='word_1_859' title='bbox 3099 4667 3235 4716; x_wconf 80' lang='lat' dir='ltr'><strong>Nov.</strong></span> 
     </span>
     <span class='ocr_line' id='line_1_119' title="bbox 2167 4667 3659 4806; baseline -0.003 -18"><span class='ocrx_word' id='word_1_860' title='bbox 2167 4667 2274 4806; x_wconf 80' lang='grc'>(95)</span> <span class='ocrx_word' id='word_1_861' title='bbox 2305 4736 2546 4806; x_wconf 53' lang='grc' dir='ltr'>Ἵπποις.</span> <span class='ocrx_word' id='word_1_862' title='bbox 2578 4732 2879 4806; x_wconf 62' lang='grc' dir='ltr'><strong>Λίιὶιιιιιιε.Δ</strong></span> <span class='ocrx_word' id='word_1_863' title='bbox 2914 4733 3034 4786; x_wconf 88' lang='lat' dir='ltr'><strong>Var.</strong></span> <span class='ocrx_word' id='word_1_864' title='bbox 3075 4734 3201 4806; x_wconf 79' lang='lat' dir='ltr'><strong>hist.</strong></span> <span class='ocrx_word' id='word_1_865' title='bbox 3232 4734 3323 4806; x_wconf 82' lang='lat' dir='ltr'><strong>lib.</strong></span> <span class='ocrx_word' id='word_1_866' title='bbox 3354 4748 3414 4806; x_wconf 87' lang='grc' dir='ltr'><strong>ιι,</strong></span> <span class='ocrx_word' id='word_1_867' title='bbox 3440 4747 3559 4800; x_wconf 86' lang='lat' dir='ltr'><strong>cap.</strong></span> <span class='ocrx_word' id='word_1_868' title='bbox 3595 4733 3659 4806; x_wconf 58' lang='grc' dir='ltr'>ᾗ,</span> 
     </span>
    </p>
   </div>
   <div class='ocr_carea' id='block_1_118' title="bbox 2097 4803 3661 4875">
    <p class='ocr_par' dir='ltr' id='par_1_118' title="bbox 2097 4803 3661 4875">
     <span class='ocr_line' id='line_1_120' title="bbox 2097 4803 3661 4875; baseline -0.004 -15"><span class='ocrx_word' id='word_1_869' title='bbox 2097 4803 2341 4860; x_wconf 76' lang='lat' dir='ltr'><strong>meminit</strong></span> <span class='ocrx_word' id='word_1_870' title='bbox 2359 4804 2450 4857; x_wconf 80' lang='grc' dir='ltr'>τοῦ</span> <span class='ocrx_word' id='word_1_871' title='bbox 2469 4805 2634 4856; x_wconf 81' lang='grc' dir='ltr'>ἵππου</span> <span class='ocrx_word' id='word_1_872' title='bbox 2661 4803 3073 4875; x_wconf 82' lang='grc' dir='ltr'>χρεμετίσαντος</span> <span class='ocrx_word' id='word_1_873' title='bbox 3099 4803 3353 4875; x_wconf 71' lang='grc' dir='ltr'>πρὸς-τὸν</span> <span class='ocrx_word' id='word_1_874' title='bbox 3379 4805 3543 4875; x_wconf 82' lang='grc' dir='ltr'>ἵππον</span> <span class='ocrx_word' id='word_1_875' title='bbox 3570 4803 3661 4875; x_wconf 72' lang='grc' dir='ltr'>τὸν</span> 
     </span>
    </p>
   </div>
   <div class='ocr_carea' id='block_1_119' title="bbox 2098 4872 3656 4946">
    <p class='ocr_par' dir='ltr' id='par_1_119' title="bbox 2098 4872 3656 4946">
     <span class='ocr_line' id='line_1_121' title="bbox 2098 4872 3656 4946; baseline -0.003 -18"><span class='ocrx_word' id='word_1_876' title='bbox 2098 4879 2155 4946; x_wconf 64' lang='grc' dir='ltr'><strong>έν</strong></span> <span class='ocrx_word' id='word_1_877' title='bbox 2180 4878 2245 4946; x_wconf 83' lang='grc' dir='ltr'>τῇ</span> <span class='ocrx_word' id='word_1_878' title='bbox 2274 4875 2458 4946; x_wconf 70' lang='grc' dir='ltr'>εικόνι,</span> <span class='ocrx_word' id='word_1_879' title='bbox 2489 4875 2605 4946; x_wconf 80' lang='lat' dir='ltr'><strong>equi</strong></span> <span class='ocrx_word' id='word_1_880' title='bbox 2653 4872 3005 4946; x_wconf 79' lang='lat' dir='ltr'><strong>adhinnientis</strong></span> <span class='ocrx_word' id='word_1_881' title='bbox 3024 4872 3161 4946; x_wconf 74' lang='lat' dir='ltr'><strong>equo</strong></span> <span class='ocrx_word' id='word_1_882' title='bbox 3179 4872 3656 4946; x_wconf 69' lang='lat' dir='ltr'><strong>_picto_a_l)_Apel_le.</strong></span> 
     </span>
    </p>
   </div>
   <div class='ocr_carea' id='block_1_120' title="bbox 2098 4939 3658 5006">
    <p class='ocr_par' dir='ltr' id='par_1_120' title="bbox 2098 4939 3658 5006">
     <span class='ocr_line' id='line_1_122' title="bbox 2098 4939 3658 5006; baseline -0.002 -9"><span class='ocrx_word' id='word_1_883' title='bbox 2098 4939 2279 4999; x_wconf 75' lang='lat' dir='ltr'><strong>Valer.</strong></span> <span class='ocrx_word' id='word_1_884' title='bbox 2317 4939 2556 5006; x_wconf 47' lang='lat' dir='ltr'><strong>Maximl,</strong></span> <span class='ocrx_word' id='word_1_885' title='bbox 2585 4943 2696 4996; x_wconf 89' lang='lat' dir='ltr'><strong>loco</strong></span> <span class='ocrx_word' id='word_1_886' title='bbox 2730 4943 2821 4994; x_wconf 88' lang='lat' dir='ltr'><strong>cit.</strong></span> <span class='ocrx_word' id='word_1_887' title='bbox 2853 4958 2975 4996; x_wconf 89' lang='lat' dir='ltr'><strong>cum</strong></span> <span class='ocrx_word' id='word_1_888' title='bbox 3005 4939 3280 4998; x_wconf 35' lang='lat' dir='ltr'><strong>de’amore</strong></span> <span class='ocrx_word' id='word_1_889' title='bbox 3308 4939 3516 4997; x_wconf 66' lang='lat' dir='ltr'><strong>Cuidiai</strong></span> <span class='ocrx_word' id='word_1_890' title='bbox 3549 4939 3658 4994; x_wconf 77' lang='lat' dir='ltr'><strong>Ve-</strong></span> 
     </span>
    </p>
   </div>
   <div class='ocr_carea' id='block_1_121' title="bbox 2097 5010 3661 5083">
    <p class='ocr_par' dir='ltr' id='par_1_121' title="bbox 2097 5010 3661 5083">
     <span class='ocr_line' id='line_1_123' title="bbox 2097 5010 3661 5083; baseline -0.004 -15"><span class='ocrx_word' id='word_1_891' title='bbox 2097 5016 2244 5069; x_wconf 89' lang='lat' dir='ltr'><strong>neris</strong></span> <span class='ocrx_word' id='word_1_892' title='bbox 2269 5016 2484 5083; x_wconf 80' lang='lat' dir='ltr'><strong>egisset,</strong></span> <span class='ocrx_word' id='word_1_893' title='bbox 2513 5012 2662 5067; x_wconf 90' lang='lat' dir='ltr'><strong>addit</strong></span> <span class='ocrx_word' id='word_1_894' title='bbox 2693 5029 2706 5066; x_wconf 92' lang='lat'><strong>:</strong></span> <span class='ocrx_word' id='word_1_895' title='bbox 2733 5010 2846 5083; x_wconf 83' lang='lat' dir='ltr'><strong>Quo</strong></span> <span class='ocrx_word' id='word_1_896' title='bbox 2878 5011 3231 5083; x_wconf 47' lang='lat' dir='ltr'><strong>excusabilior</strong></span> <span class='ocrx_word' id='word_1_897' title='bbox 3275 5023 3350 5065; x_wconf 86' lang='lat' dir='ltr'><strong>est</strong></span> <span class='ocrx_word' id='word_1_898' title='bbox 3370 5027 3516 5065; x_wconf 88' lang='lat' dir='ltr'><strong>error</strong></span> <span class='ocrx_word' id='word_1_899' title='bbox 3542 5010 3661 5080; x_wconf 85' lang='lat' dir='ltr'><strong>equi</strong></span> 
     </span>
    </p>
   </div>
   <div class='ocr_carea' id='block_1_122' title="bbox 2096 5081 3658 5153">
    <p class='ocr_par' dir='ltr' id='par_1_122' title="bbox 2096 5081 3658 5153">
     <span class='ocr_line' id='line_1_124' title="bbox 2096 5081 3658 5153; baseline -0.004 -16"><span class='ocrx_word' id='word_1_900' title='bbox 2096 5086 2205 5152; x_wconf 87' lang='lat' dir='ltr'><strong>qui,</strong></span> <span class='ocrx_word' id='word_1_901' title='bbox 2224 5081 2334 5138; x_wconf 81' lang='lat' dir='ltr'><strong>visa</strong></span> <span class='ocrx_word' id='word_1_902' title='bbox 2361 5085 2565 5153; x_wconf 85' lang='lat' dir='ltr'><strong>pictura</strong></span> <span class='ocrx_word' id='word_1_903' title='bbox 2593 5097 2754 5152; x_wconf 71' lang='lat' dir='ltr'><strong>equm,</strong></span> <span class='ocrx_word' id='word_1_904' title='bbox 2787 5081 3045 5153; x_wconf 78' lang='lat' dir='ltr'><strong>himtitum</strong></span> <span class='ocrx_word' id='word_1_905' title='bbox 3070 5081 3217 5153; x_wconf 82' lang='lat' dir='ltr'><strong>edere</strong></span> <span class='ocrx_word' id='word_1_906' title='bbox 3238 5095 3446 5134; x_wconf 81' lang='lat' dir='ltr'><strong>coactus</strong></span> <span class='ocrx_word' id='word_1_907' title='bbox 3475 5090 3549 5134; x_wconf 84' lang='lat' dir='ltr'><strong>est</strong></span> <span class='ocrx_word' id='word_1_908' title='bbox 3574 5089 3658 5132; x_wconf 86' lang='lat' dir='ltr'><strong>:et</strong></span> 
     </span>
    </p>
   </div>
   <div class='ocr_carea' id='block_1_123' title="bbox 2097 5151 3662 5220">
    <p class='ocr_par' dir='ltr' id='par_1_123' title="bbox 2097 5151 3662 5220">
     <span class='ocr_line' id='line_1_125' title="bbox 2097 5151 3662 5220; baseline -0.003 -14"><span class='ocrx_word' id='word_1_909' title='bbox 2097 5171 2285 5206; x_wconf 85' lang='lat' dir='ltr'><strong>cauum</strong></span> <span class='ocrx_word' id='word_1_910' title='bbox 2313 5151 2561 5212; x_wconf 81' lang='lat' dir='ltr'><strong>latratus,</strong></span> <span class='ocrx_word' id='word_1_911' title='bbox 2580 5162 2788 5220; x_wconf 84' lang='lat' dir='ltr'><strong>aspectu</strong></span> <span class='ocrx_word' id='word_1_912' title='bbox 2817 5151 2943 5219; x_wconf 87' lang='lat' dir='ltr'><strong>picti</strong></span> <span class='ocrx_word' id='word_1_913' title='bbox 2969 5151 3114 5203; x_wconf 81' lang='lat' dir='ltr'><strong>canis</strong></span> <span class='ocrx_word' id='word_1_914' title='bbox 3144 5151 3425 5212; x_wconf 58' lang='lat' dir='ltr'><strong>incitatus;</strong></span> <span class='ocrx_word' id='word_1_915' title='bbox 3449 5161 3662 5220; x_wconf 82' lang='lat' dir='ltr'><strong>taurus-</strong></span> 
     </span>
    </p>
   </div>
   <div class='ocr_carea' id='block_1_124' title="bbox 2097 5219 3664 5292">
    <p class='ocr_par' dir='ltr' id='par_1_124' title="bbox 2097 5219 3664 5292">
     <span class='ocr_line' id='line_1_126' title="bbox 2097 5219 3664 5292; baseline -0.001 -16"><span class='ocrx_word' id='word_1_916' title='bbox 2097 5240 2193 5292; x_wconf 87' lang='lat' dir='ltr'><strong>que</strong></span> <span class='ocrx_word' id='word_1_917' title='bbox 2222 5223 2288 5275; x_wconf 89' lang='lat' dir='ltr'><strong>ad</strong></span> <span class='ocrx_word' id='word_1_918' title='bbox 2321 5239 2551 5276; x_wconf 88' lang='lat' dir='ltr'><strong>amorem</strong></span> <span class='ocrx_word' id='word_1_919' title='bbox 2578 5230 2626 5274; x_wconf 81' lang='lat' dir='ltr'><strong>et</strong></span> <span class='ocrx_word' id='word_1_920' title='bbox 2642 5219 2982 5292; x_wconf 78' lang='lat' dir='ltr'><strong>concubitum</strong></span> <span class='ocrx_word' id='word_1_921' title='bbox 3005 5235 3161 5274; x_wconf 68' lang='lat' dir='ltr'><strong>wnea!</strong></span> <span class='ocrx_word' id='word_1_922' title='bbox 3192 5237 3360 5292; x_wconf 68' lang='lat' dir='ltr'><strong>vacca</strong></span> <span class='ocrx_word' id='word_1_923' title='bbox 3380 5219 3664 5290; x_wconf 67' lang='lat' dir='ltr'><strong>Syracusis</strong></span> 
     </span>
    </p>
   </div>
   <div class='ocr_carea' id='block_1_125' title="bbox 2097 5291 3380 5362">
    <p class='ocr_par' dir='ltr' id='par_1_125' title="bbox 2097 5291 3380 5362">
     <span class='ocr_line' id='line_1_127' title="bbox 2097 5291 3380 5362; baseline -0.003 -14"><span class='ocrx_word' id='word_1_924' title='bbox 2097 5291 2276 5348; x_wconf 77' lang='lat' dir='ltr'><strong>nimia:</strong></span> <span class='ocrx_word' id='word_1_925' title='bbox 2305 5292 2668 5362; x_wconf 78' lang='lat' dir='ltr'><strong>similitudinis</strong></span> <span class='ocrx_word' id='word_1_926' title='bbox 2709 5291 3039 5362; x_wconf 74' lang='lat' dir='ltr'><strong>irritamento</strong></span> <span class='ocrx_word' id='word_1_927' title='bbox 3065 5291 3380 5362; x_wconf 82' lang='lat' dir='ltr'><strong>compulsus.</strong></span> 
     </span>
    </p>
   </div>
   <div class='ocr_carea' id='block_1_126' title="bbox 2171 5359 2930 5433">
    <p class='ocr_par' dir='ltr' id='par_1_126' title="bbox 2171 5359 2930 5433">
     <span class='ocr_line' id='line_1_128' title="bbox 2171 5359 2930 5433; baseline -0.001 -18"><span class='ocrx_word' id='word_1_928' title='bbox 2171 5363 2281 5433; x_wconf 84' lang='lat'><strong>(96)</strong></span> <span class='ocrx_word' id='word_1_929' title='bbox 2307 5361 2518 5430; x_wconf 82' lang='grc' dir='ltr'>Νεκρᾷ.</span> <span class='ocrx_word' id='word_1_930' title='bbox 2552 5359 2765 5433; x_wconf 76' lang='grc' dir='ltr'>Νεκρῷ,</span> <span class='ocrx_word' id='word_1_931' title='bbox 2796 5359 2930 5433; x_wconf 62' lang='lat' dir='ltr'><strong>Noy.</strong></span> 
     </span>
    </p>
   </div>
   <div class='ocr_carea' id='block_1_127' title="bbox 2167 5428 3667 5502">
    <p class='ocr_par' dir='ltr' id='par_1_127' title="bbox 2167 5428 3667 5502">
     <span class='ocr_line' id='line_1_129' title="bbox 2167 5428 3667 5502; baseline -0.003 -16"><span class='ocrx_word' id='word_1_932' title='bbox 2167 5428 2277 5502; x_wconf 87' lang='grc'>(97)</span> <span class='ocrx_word' id='word_1_933' title='bbox 2317 5428 2827 5502; x_wconf 35' lang='grc' dir='ltr'>Προσκυνεῖιὲολτὰ</span> <span class='ocrx_word' id='word_1_934' title='bbox 2867 5428 2936 5482; x_wconf 80' lang='grc' dir='ltr'>δὲ</span> <span class='ocrx_word' id='word_1_935' title='bbox 2974 5428 3188 5502; x_wconf 53' lang='lat' dir='ltr'><strong>(ty-(ily.</strong></span> <span class='ocrx_word' id='word_1_936' title='bbox 3235 5431 3302 5483; x_wconf 84' lang='grc' dir='ltr'>Η.</span> <span class='ocrx_word' id='word_1_937' title='bbox 3340 5428 3667 5502; x_wconf 67' lang='grc' dir='ltr'>προσκυνεῖν</span> 
     </span>
    </p>
   </div>
   <div class='ocr_carea' id='block_1_128' title="bbox 2097 5448 3663 5572">
    <p class='ocr_par' dir='ltr' id='par_1_128' title="bbox 2097 5448 3663 5572">
     <span class='ocr_line' id='line_1_130' title="bbox 2167 5448 3663 5554; baseline -0.004 -68"><span class='ocrx_word' id='word_1_938' title='bbox 2167 5448 2277 5502; x_wconf 70' lang='lat' dir='ltr'><strong>(ut)</strong></span> <span class='ocrx_word' id='word_1_939' title='bbox 2317 5448 2713 5498; x_wconf 75' lang='grc' dir='ltr'>ιιροσκυνείνο</span> <span class='ocrx_word' id='word_1_940' title='bbox 2758 5448 2827 5483; x_wconf 83' lang='grc' dir='ltr'><strong>τα</strong></span> <span class='ocrx_word' id='word_1_941' title='bbox 2867 5448 2936 5482; x_wconf 86' lang='grc' dir='ltr'><strong>οε</strong></span> <span class='ocrx_word' id='word_1_942' title='bbox 2974 5448 3188 5554; x_wconf 57' lang='lat' dir='ltr'><strong>magi.</strong></span> <span class='ocrx_word' id='word_1_943' title='bbox 3235 5448 3302 5483; x_wconf 77' lang='grc' dir='ltr'><strong>ιι.</strong></span> <span class='ocrx_word' id='word_1_944' title='bbox 3340 5448 3663 5502; x_wconf 79' lang='grc' dir='ltr'>προσκυνειν</span> 
     </span>
     <span class='ocr_line' id='line_1_131' title="bbox 2097 5498 3663 5572; baseline -0.003 -16"><span class='ocrx_word' id='word_1_945' title='bbox 2097 5503 2164 5556; x_wconf 87' lang='grc' dir='ltr'><strong>τά</strong></span> <span class='ocrx_word' id='word_1_946' title='bbox 2181 5519 2241 5555; x_wconf 86' lang='grc' dir='ltr'><strong>τε</strong></span> <span class='ocrx_word' id='word_1_947' title='bbox 2266 5501 2676 5572; x_wconf 71' lang='grc' dir='ltr'>ἁγάλματακαὶ</span> <span class='ocrx_word' id='word_1_948' title='bbox 2700 5499 3068 5572; x_wconf 42' lang='grc' dir='ltr'>τὰς-γραφάς.</span> <span class='ocrx_word' id='word_1_949' title='bbox 3148 5515 3363 5554; x_wconf 58' lang='lat' dir='ltr'><strong>“nunc.</strong></span> <span class='ocrx_word' id='word_1_950' title='bbox 3394 5531 3462 5572; x_wconf 75' lang='lat'><strong>—-_</strong></span> <span class='ocrx_word' id='word_1_951' title='bbox 3486 5498 3663 5564; x_wconf 82' lang='lat' dir='ltr'><strong>Quam</strong></span> 
     </span>
    </p>
   </div>
   <div class='ocr_carea' id='block_1_129' title="bbox 2098 5568 3662 5642">
    <p class='ocr_par' dir='ltr' id='par_1_129' title="bbox 2098 5568 3662 5642">
     <span class='ocr_line' id='line_1_132' title="bbox 2098 5568 3662 5642; baseline -0.004 -15"><span class='ocrx_word' id='word_1_952' title='bbox 2098 5568 2524 5627; x_wconf 82' lang='lat' dir='ltr'><strong>emendationem</strong></span> <span class='ocrx_word' id='word_1_953' title='bbox 2554 5571 2730 5642; x_wconf 81' lang='lat' dir='ltr'><strong>firmat</strong></span> <span class='ocrx_word' id='word_1_954' title='bbox 2782 5568 2918 5624; x_wconf 63' lang='lat' dir='ltr'><strong>No&#39;v.</strong></span> <span class='ocrx_word' id='word_1_955' title='bbox 2945 5568 3111 5625; x_wconf 82' lang='lat' dir='ltr'><strong>Paulo</strong></span> <span class='ocrx_word' id='word_1_956' title='bbox 3136 5580 3280 5638; x_wconf 91' lang='lat' dir='ltr'><strong>ante,</strong></span> <span class='ocrx_word' id='word_1_957' title='bbox 3294 5569 3662 5642; x_wconf 72' lang='grc' dir='ltr'>προσάγουσιι,</span> 
     </span>
    </p>
   </div>
   <div class='ocr_carea' id='block_1_130' title="bbox 2100 5640 2746 5713">
    <p class='ocr_par' dir='ltr' id='par_1_130' title="bbox 2100 5640 2746 5713">
     <span class='ocr_line' id='line_1_133' title="bbox 2100 5640 2746 5713; baseline -0.003 -18"><span class='ocrx_word' id='word_1_958' title='bbox 2100 5657 2197 5711; x_wconf 87' lang='lat' dir='ltr'><strong>pro</strong></span> <span class='ocrx_word' id='word_1_959' title='bbox 2223 5643 2554 5713; x_wconf 62' lang='grc' dir='ltr'>προάγουσα.</span> <span class='ocrx_word' id='word_1_960' title='bbox 2582 5640 2746 5694; x_wconf 89' lang='lat' dir='ltr'><strong>ldem.</strong></span> 
     </span>
    </p>
   </div>
   <div class='ocr_carea' id='block_1_131' title="bbox 2170 5708 3662 5782">
    <p class='ocr_par' dir='ltr' id='par_1_131' title="bbox 2170 5708 3662 5782">
     <span class='ocr_line' id='line_1_134' title="bbox 2170 5708 3662 5782; baseline -0.003 -17"><span class='ocrx_word' id='word_1_961' title='bbox 2170 5708 2279 5781; x_wconf 79' lang='grc'>(98)</span> <span class='ocrx_word' id='word_1_962' title='bbox 2315 5712 2408 5776; x_wconf 79' lang='grc' dir='ltr'>Ὠς</span> <span class='ocrx_word' id='word_1_963' title='bbox 2437 5711 2700 5782; x_wconf 64' lang='grc' dir='ltr'>ἀλήθεια.</span> <span class='ocrx_word' id='word_1_964' title='bbox 2737 5711 3016 5782; x_wconf 61' lang='lat' dir='ltr'><strong>&quot;Eamne.</strong></span> <span class='ocrx_word' id='word_1_965' title='bbox 3068 5710 3151 5775; x_wconf 74' lang='grc' dir='ltr'><strong>Ὠς</strong></span> <span class='ocrx_word' id='word_1_966' title='bbox 3185 5709 3410 5782; x_wconf 68' lang='grc' dir='ltr'>ἀληθεία</span> <span class='ocrx_word' id='word_1_967' title='bbox 3434 5708 3662 5779; x_wconf 64' lang='grc' dir='ltr'>ἕστηκεν</span> 
     </span>
    </p>
   </div>
   <div class='ocr_carea' id='block_1_132' title="bbox 2101 5781 2579 5853">
    <p class='ocr_par' dir='ltr' id='par_1_132' title="bbox 2101 5781 2579 5853">
     <span class='ocr_line' id='line_1_135' title="bbox 2101 5781 2579 5853; baseline -0.004 -14"><span class='ocrx_word' id='word_1_968' title='bbox 2101 5782 2414 5853; x_wconf 89' lang='lat' dir='ltr'><strong>conjuncte,</strong></span> <span class='ocrx_word' id='word_1_969' title='bbox 2445 5781 2579 5837; x_wconf 75' lang='lat' dir='ltr'><strong>Nov.</strong></span> 
     </span>
    </p>
   </div>
  </div>
