3940 6338
192 322 286 383 lin

190 540 338 594 Θεόν.
368 538 621 602 Εἰκότως
648 538 758 608 ἄρα
781 534 1101 589 πιστεύσασι
1141 533 1247 606 μὴν
1288 533 1382 587 καὶ
1408 533 1770 588 ὑπακούουσιν

192 635 225 702 ἠ
254 630 435 703 χάρις
466 628 986 700 ὑπερπλεονάσεν
1035 628 1362 700 ἀπειθήσασι
1399 626 1457 681 δὲ
1492 627 1585 681 καὶ
1624 630 1775 680 πλα-

192 722 476 793 νωμένοις
511 723 663 777 κατὰ
716 708 995 791 καρδίαν,
1033 720 1214 788 ὁδούς
1256 736 1319 775 τε
1352 719 1458 786 τὰς
1505 718 1773 791 κυριακάς

187 816 660 888 μὴἐγνωκόσιν,
694 816 763 879 ἃς
796 816 1029 880 εὐθείας
1071 812 1263 868 ποιεῖν
1297 813 1389 869 καὶ
1434 811 1771 884 εὐτρεπίζειν

193 906 563 979 παρήγγειλεν
630 907 913 978 Ἰωάννης·
974 904 1183 969 τούτοις
1220 904 1277 959 δὲ
1324 903 1696 977 προσώχθισεν
1743 906 1772 959 ὁ

193 1002 329 1066 Θεὸς,
362 1002 467 1055 καὶ
483 1000 740 1056 ἀπειλεῖ.
774 1000 883 1054 Καὶ
906 998 971 1071 δὴ
1002 998 1095 1052 καὶ
1122 997 1186 1052 τὸ
1218 999 1369 1062 τέλος
1397 998 1495 1071 τῆς
1541 997 1772 1069 ἀπειλῆς

193 1093 610 1165 αἰνιγματωδῶς
647 1092 1009 1164 ἀπειλήφασιν
1037 1094 1084 1145 οἱ
1107 1090 1328 1145 παλαιοὶ¹
1356 1089 1465 1144 τῶν
1503 1089 1770 1163 Ἐϐραίων

1353 316 1801 376 COHORTATIO
1842 316 1934 371 AD
1960 314 2249 373 GENTES.

190 446 272 506 se,
305 444 339 498 6
364 441 543 513 Λόγος
583 438 944 512 ἀνθρώποις,
984 440 1051 493 δι’
1077 432 1137 493 οὗ
1190 439 1645 511 καταυγαζόμεθα
1678 439 1762 493 τὸν

1874 437 1979 508 25
2011 453 2135 492 nam
2166 438 2322 492 hodie
2346 438 2478 493 illud
2524 438 2795 510 signiﬁcat
2831 443 3189 500 aeternitatem
3237 460 3252 497 :

192 1184 472 1255 πλανῆται·
510 1186 585 1237 οὐ
618 1182 727 1254 γὰρ
758 1181 1056 1238 είσελθεῒν
1094 1183 1199 1248 εὶςί
1224 1180 1339 1250 τὴν
1388 1180 1795 1238 κατάπαυσιν·

190 1277 430 1345 λέγονται
462 1272 567 1330 διὰ
596 1274 709 1345 τὴν
735 1274 1042 1339 ἀπιστίαν,
1057 1274 1220 1347 πρινὴ
1244 1273 1352 1347 (77)
1382 1275 1522 1344 σφᾶς
1550 1274 1766 1340 αὐτοὺς,

190 1369 774 1441 κατακολουθήσαντας
803 1367 881 1438 τῷ
912 1368 1190 1432 Μωῦσέως
1219 1367 1478 1439 διαδόχῳ,
1508 1367 1607 1439 ὀψέ
1636 1385 1770 1423 ποτε

190 1463 322 1535 ἔργῳ
350 1461 573 1532 μαθεῖν,
608 1461 709 1515 οὐκ
738 1460 804 1514 ἂν
824 1459 998 1524 ἄλλως
1031 1459 1287 1532 σωθῆναι,
1321 1461 1394 1533 μὴ
1427 1460 1545 1532 οὒχὶ
1565 1459 1675 1533 (78)
1692 1461 1769 1527 ὡς

199 1556 356 1625 Ἰησοῖ
371 1552 492 1625 (79)
524 1553 976 1617 πεπιστευκότας.
1003 1552 1385 1625 Φιλάνθρωπος
1408 1553 1465 1607 δὲ
1496 1552 1572 1607 ὢν
1598 1556 1631 1608 ὁ
1653 1554 1767 1608 Κύ-

181 1666 324 1717 ριος,
354 1646 600 1713 πάντας
624 1647 975 1716 ἀνθρώπους
1007 1649 1095 1713 εις
1133 1647 1459 1717 ἐπίγνωσιν
1490 1646 1597 1716 τῆς
1622 1648 1767 1716 ἁλη-

188 1740 341 1805 θείας
366 1738 706 1811 παρακαλεῖ,
726 1744 754 1793 ό
771 1740 864 1793 τὸν
882 1738 1276 1808 Παράκλητον
1293 1738 1654 1793 ἀποστέλλων.
1669 1739 1764 1802 Τίς

3351 324 3454 384 138

3332 446 3453 501 dies

1874 544 2006 584 vero
2052 529 2231 585 lucem
2278 538 2462 585 notat:
2502 527 2601 585 lus;
2644 540 2828 586 autem
2877 534 3149 589 hominum
3206 548 3290 592 est
3318 535 3455 593 Ver-

1872 621 2001 676 bum
2033 622 2110 682 '“.
2157 622 2314 692 cujus
2359 637 2462 691 ope
2506 620 2676 678 Deum
2714 623 2983 679 videmus.
3037 625 3230 684 Merito
3284 629 3454 699 igitur

1872 714 1979 780 his,
2017 715 2112 785 qui
2137 714 2519 783 crediderunt,
2555 724 2609 770 et
2656 716 2917 787 morigeri
2950 717 3172 774 fuerunt
3196 761 3212 785 ,
3261 736 3452 792 super-

1871 807 2161 862 abundabit
2181 809 2358 880 gratia
2387 810 2463 873 7‘;
2513 807 2813 864 incredulis
2846 818 3029 863 autem
3081 820 3136 865 et
3162 822 3450 869 contuma-

1871 897 2048 964 cibus,
2074 899 2168 970 qui
2207 909 2387 954 errant
2418 901 2594 968 corde,
2622 911 2673 955 et
2698 917 2801 956 non
2821 912 3174 971 cognoverunt
3201 905 3315 959 aias
3343 904 3454 962 Do-

1882 993 2017 1047 mini
2051 993 2120 1059 ⁷³,
2146 1008 2285 1063 quas
2307 992 2548 1048 Joannes
2583 1003 2753 1048 rectas
2777 995 2953 1064 facere
2969 994 3138 1064 jussit
3164 994 3243 1061 ",
3274 996 3455 1052 inlen-

1872 1098 1969 1140 sos
1990 1095 2075 1140 est
2098 1094 2153 1139 et
2171 1085 2409 1139 minatur
2437 1085 2597 1167 Deus.
2615 1084 2788 1155 Cujus
2810 1086 3029 1155 quidem
3049 1085 3364 1143 minationis
3382 1092 3445 1154 ᾖ

1868 1178 1993 1233 ﬁnis
2016 1176 2290 1233 veteribus
2312 1177 2421 1233 illis
2444 1176 2708 1244 Hebraeis,
2725 1178 2819 1247 qui
2845 1178 3103 1233 errabant
3133 1178 3189 1233 in
3206 1178 3446 1245 deserto,

1874 1268 2163 1339 anigmate
2193 1268 2430 1339 quodam
2464 1277 2581 1323 erat
2611 1268 2983 1341 signiﬁcatus;
3016 1269 3273 1325 dicuntur
3294 1271 3445 1326 enim

1871 1375 1974 1414 non
2013 1359 2177 1428 fuisse
2202 1359 2259 1413 in
2293 1360 2522 1431 requiem
2568 1360 2793 1431 ingressi
2839 1374 3051 1431 propter
3096 1362 3447 1418 incredulita-

1870 1452 2070 1521 tem".
2101 1460 2390 1523 antequam
2428 1453 2631 1525 Moysis
2662 1468 3041 1510 successorem
3073 1456 3268 1522 secuti,
3315 1472 3441 1513 sero

1867 1545 2085 1600 tandem
2117 1545 2236 1615 ipso
2260 1561 2360 1600 usu
2388 1544 2569 1600 forent
2602 1547 2820 1613 edocti,
2852 1562 2912 1603 se
2939 1563 3048 1602 non
3095 1563 3258 1619 posse
3288 1549 3447 1604 aliter

1867 1637 2048 1692 salvos
2105 1637 2245 1705 ﬁeri,
2295 1653 2460 1709 quam
2509 1638 2557 1694 si
2601 1637 2731 1694 Jesu
2778 1639 3132 1695 crediderint.
3185 1640 3444 1697 Dominus

1866 1737 2069 1797 autem,
2085 1745 2209 1784 cum
2239 1730 2312 1786 sit
2332 1731 2556 1785 humani
2573 1731 2786 1803 generis
2810 1734 3243 1802 amantissimus,
3264 1734 3442 1789 Para-

187 1828 271 1885 οὖν
294 1833 328 1903 ή
349 1830 677 1900 ὲπίγνωσις;
692 1829 987 1885 θεοσέϐεια·
1008 1829 1310 1885 θεοσέϐεια
1326 1830 1394 1882 δὲ
1403 1828 1551 1898 πρὸς
1569 1828 1762 1884 πάντα

1868 1821 2053 1877 cletum
2084 1824 2268 1891 mittit,
2299 1825 2392 1895 qui
2424 1842 2598 1880 omnes
2623 1826 2852 1882 homines
2885 1828 3131 1882 hortetur
3151 1828 3220 1880 ad
3248 1844 3440 1899 cogito-

190 1926 512 1994 ὠφέλιμος,
553 1923 696 1978 κατὰ
744 1923 836 1978 τὸν
871 1925 1108 1990 Παῦλον,
1149 1920 1504 1994 ἐπαγγελίαν
1538 1920 1769 1991 ἔχουσα

190 2006 346 2075 ἇυῆς,
364 2007 487 2074 τῆς
507 2007 629 2061 νῦν
662 2005 758 2059 καὶ
782 2004 891 2073 τῆς
917 2005 1288 2076 μελλούσης.
1310 2004 1481 2057 Πόσου
1503 2002 1767 2074 ὁμολογή-

191 2120 352 2167 σαιτε,
392 2092 440 2154 ὦ
482 2100 786 2170 ἄνθρωποι,
811 2100 859 2150 εἱ
891 2096 1265 2167 ἐπιπράσκετο
1295 2095 1536 2166 σωτηρία
1576 2095 1763 2161 ἀΐδιος,

188 2193 497 2265 ὠνήσασθαι
520 2192 635 2259 (80)
655 2191 748 2255 ἄν;
770 2190 891 2243 οὐδὲ
913 2190 962 2241 εἰ
980 2189 1070 2242 τὸν
1090 2187 1378 2242 Πάκτωλόν
1407 2202 1488 2251 τις
1509 2187 1649 2249 ὅλον,
1670 2184 1764 2239 τοῦ

187 2284 399 2355 χρυσίου
419 2282 487 2336 τὸ
513 2280 698 2354 ῥεῦμα
717 2283 777 2335 τὸ
801 2279 1049 2352 μυθικὸν,
1072 2280 1488 2350 ἀπομετρήσειε,
1518 2277 1767 2343 ἀντάξιον

188 2374 451 2447 σωτηρίας
509 2370 705 2447 μισθὸν
753 2375 1065 2448 ἀριθμήσει.
1115 2376 1205 2447 Μὴ
1250 2371 1343 2432 οὖν
1402 2376 1756 2448 ἀποκάμητε·

188 2465 382 2531 ἔξεστιν
412 2467 574 2539 ὑμῖν,
609 2466 677 2538 ἦν
716 2466 960 2539 ἐθέλητε,
1009 2467 1383 2540 ἐξωνήσασθαι
1413 2468 1510 2540 τὴν
1543 2468 1761 2522 πολυτί-

192 2575 345 2629 μητον
372 2558 659 2631 σωτηρίαν
688 2558 873 2630 οἰκείῳ
902 2558 1177 2631 θησαυρῷ,
1211 2559 1398 2631 ἀγάπῃ
1441 2559 1534 2614 καὶ
1581 2560 1759 2615 πίστει

187 2647 320 2721 ζωῆς
346 2649 485 2722 (81)·
520 2651 586 2715 ὃς
611 2652 759 2704 ὲστιν
791 2651 1066 2721 ἀξιόλογος
1097 2651 1305 2723 μισθός.
1342 2652 1558 2724 Ταύτην
1587 2654 1759 2726 ήδέως

186 2741 273 2814 τὴν
316 2743 488 2815 τιμὴν
530 2746 563 2798 ὁ
606 2743 741 2808 Θεὸς
777 2744 1064 2816 λαμϐάνει·
1108 2744 1469 2816 Ἠλπίκαμεν
1510 2746 1619 2819 γάρ
1659 2748 1758 2802 ἐπὶ

190 2834 302 2901 Θεῷ
344 2836 539 2903 ﬁbra,
585 2837 655 2904 ὅς
700 2838 834 2892 ἐστι
882 2837 1101 2907 σωτὴρ·
1130 2836 1373 2892 πάντων
1404 2838 1756 2909 ἀνθρώπων,

184 2924 442 2996 μάλιστα
476 2927 731 2982 πιστῶν.
780 2929 844 2982 Οἱ
894 2927 964 2982 δὲ’
995 2929 1164 2994 ἄλλοι,
1214 2932 1645 3002 περιπεφυκότες
1681 2931 1759 3004 τῷ

184 3018 385 3089 κόσμῳ,
416 3014 510 3073 οἷα
546 3018 721 3087 φύκιά
757 3036 879 3074 τινα
915 3020 1123 3084 ἐνάλοις
1172 3019 1419 3093 πέτραις,
1466 3022 1760 3087 ἀθανασίας

184 3109 560 3180 ὀλιγωροῦσιν·
596 3110 851 3183 καθάπερ
891 3113 920 3165 ὁ
964 3111 1264 3184 Ἰθακήσιος
1295 3113 1474 3186 γέρων
1512 3112 1645 3187 (82),
1694 3117 1756 3171 οὐ

182 3203 272 3275 τῆς
306 3203 591 3275 ἀληθείας,
627 3204 724 3258 καὶ
753 3205 852 3276 τῆς
882 3205 941 3257 ὲν
972 3203 1188 3276 οὐρανῷ
1220 3204 1505 3277 πατρίδος,
1539 3206 1676 3278 πρὸς
1702 3207 1760 3261 δὲ

185 3297 271 3351 καὶ
306 3296 401 3351 τοῦ
446 3297 624 3361 ὅντως
666 3297 819 3360 ὄντος
869 3297 1210 3369 ἱμειρόμενος
1255 3298 1449 3366 φωτὸς,
1484 3298 1618 3352 ἀλλά
1651 3300 1757 3355 τοῦ

187 3391 429 3445 καπνοῦ.
464 3389 760 3452 Θεοσέὸεια
792 3390 868 3456 δὲ,
916 3387 1236 3461 ὲξομοιοῦσα
1266 3389 1342 3463 τῷ
1374 3389 1492 3463 Θεῷ
1526 3391 1666 3446 κατά
1696 3393 1758 3447 τὸ

185 3481 390 3536 irsz
427 3483 527 3536 τὸν
572 3481 880 3555 ἄνθρωπον,
918 3481 1250 3553 κατάλληλον
1287 3482 1652 3554 ἐπιγράφεται
1682 3482 1759 3536 δι-

186 3575 437 3632 δάσκαλον
480 3576 640 3641 Θεὸν,
687 3576 779 3629 τὸν
814 3576 923 3648 (85)
966 3577 1059 3630 καὶ
1094 3578 1254 3646 μόνον
1300 3575 1597 3630 ἀπεικάσαι
1635 3578 1757 3630 κατ’

187 3667 323 3733 ἀξίαν
370 3668 675 3740 δυνάμενον
723 3668 1006 3742 ἄνθρωπον
1058 3668 1198 3739 Θεῷ.
1234 3669 1451 3741 Ταύτην
1505 3668 1759 3724 Ἀπύσιο-

187 3756 263 3822 λος
293 3758 405 3829 (84)
437 3760 544 3830 τὴν
573 3758 943 3827 διδασκαλίαν,
975 3758 1126 3813 θείαν
1161 3759 1333 3823 ὅντως
1372 3760 1754 3833 ἐπιστάμενος,

188 3850 258 3903 Σὺ
280 3850 367 3914 δὲ,
393 3847 444 3905 ὦ
472 3852 711 3921 Τιμόθεε
730 3850 861 3923 (85),
889 3852 1072 3924 φησιν,
1100 3851 1220 3907 ἀπὸ
1239 3850 1511 3922 βρέφους
1534 3852 1608 3908 τὰ
1631 3853 1757 3922 ιερὰ

188 3941 480 4013 γράμματα
505 3940 696 4010 οἶδας,
725 3942 798 3997 τὰ
823 3942 1129 4013 δυνάμενά
1153 3960 1227 3998 σε
1252 3945 1505 4015 σοφίσαι
1530 3947 1619 4012 εις
1643 3962 1760 4000 σω-

193 4037 387 4104 τηρίαν
421 4035 524 4090 διὰ
560 4037 820 4103 πίστεως
843 4037 912 4091 ἐν
935 4035 1172 4105 Χριστῷ
1214 4036 1346 4110 (86)·
1373 4037 1503 4107 ιερὰ
1532 4038 1642 4111 γάρ
1681 4038 1758 4104 ὡς

191 4128 388 4199 ἀληθῶς
416 4129 486 4183 τὰ
522 4129 895 4202 ἰεροποιοῦντα
933 4130 1027 4183 καὶ
1055 4129 1401 4184 θεοποιοὖντα
1428 4129 1538 4202 (87)
1574 4130 1755 4202 πράμ-

188 4239 358 4293 ματα·
390 4222 452 4289 ἐξ
497 4214 575 4276 ὧν
616 4221 971 4293 ’γραμμάτων
1014 4222 1110 4276 καὶ
1142 4222 1419 4275 συλλαϐῶν
1448 4223 1558 4277 τῶν
1587 4223 1757 4293 ιερῶν

264 4338 321 4392 ἦ(
360 4332 424 4387 P.
465 4332 526 4385 7i
573 4332 678 4386 ΕΙ).
721 4332 1022 4395 POTTER,
1067 4335 1232 4387 55-56
1275 4333 1380 4387 ΕΙ).
1423 4333 1641 4387 PARIS.

1786 3161 1828 3219 C

1754 4337 1797 4367 ⁷⁸
1836 4333 1993 4390 Joan.
2036 4351 2075 4396 ι,
2113 4335 2165 4388 9.

1863 1917 2110 1970 scendam
2138 1919 2411 1973 veritatem
2447 1921 2514 1975 ⁷⁸.
2554 1918 2688 1986 Quae
2721 1929 2803 1975 est
2842 1920 3019 1989 igitur
3050 1936 3113 1975 ca
3158 1921 3399 1992 cognitio
3420 1921 3446 1975 τ

1863 2010 2035 2079 pietas
2071 2026 2199 2081 erga
2240 2010 2431 2066 Deum.
2474 2011 2545 2064 At
2583 2013 2752 2081 pietas
2802 2012 2871 2064 ad
2920 2013 3099 2066 omnia
3143 2012 3292 2066 utilis
3340 2023 3440 2075 est,

1864 2100 2079 2156 dicente
2114 2101 2284 2157 Paulo
2306 2104 2374 2170 ⁷⁷,
2400 2111 2457 2156 ιιι
2490 2119 2608 2173 qua:
2641 2104 3037 2172 promissionem
3086 2103 3276 2159 habeat
3320 2104 3445 2160 uite

1862 2196 2135 2265 praesentis
2158 2213 2220 2249 ac
2247 2196 2464 2266 futurae.
2503 2196 2563 2251 Si
2608 2205 2807 2251 aeterna
2831 2196 2939 2250 vita
2975 2213 3170 2251 venum
3197 2211 3440 2268 expone-

1863 2294 2034 2354 retur,
2077 2288 2265 2357 quanti
2300 2303 2419 2353 vos,
2466 2302 2499 2341 ο
2527 2287 2801 2353 homines,
2837 2303 2957 2341 eam
2988 2297 3271 2356 empturos
3308 2304 3441 2358 pro-

1864 2376 2190 2431 mitterctis?
2239 2374 2317 2432 Ne
2364 2376 2410 2432 si
2436 2374 2721 2431 Pactolum
2752 2376 2996 2445 quidem,
3027 2375 3119 2446 qui
3154 2385 3303 2431 totus
3335 2391 3431 2428 au~

1862 2483 1979 2535 reo,
2016 2477 2079 2525 ut
2099 2477 2184 2525 est
2218 2470 2271 2524 in
2303 2468 2529 2536 fabulis,
2567 2468 2810 2523 decurrit
2838 2467 3083 2535 ﬂumine,
3123 2468 3249 2539 quis
3275 2468 3440 2524 dede-

1861 2561 1954 2628 rit,
1982 2575 2080 2631 pro
2114 2560 2289 2617 salute
2301 2552 2527 2628 justum
2548 2558 2785 2628 pretium
2812 2558 3200 2614 numeraverit.
3239 2557 3444 2625 Quam-

1861 2652 2054 2708 obrem
2110 2668 2180 2708 ne
2216 2667 2313 2708 vos
2355 2651 2574 2706 animus
2601 2650 2837 2706 deﬁciat.
2874 2649 3026 2706 Licet
3066 2651 3244 2715 vobis,
3280 2652 3327 2706 si
3359 2651 3443 2706 vi-

1860 2746 2037 2813 detur,
2072 2745 2212 2801 hanc
2241 2744 2695 2815 pretiosissimam
2729 2743 2961 2799 salutem
2986 2743 3228 2815 propriis
3244 2739 3442 2800 vestris

1859 2839 2156 2906 thesauris,
2185 2838 2470 2906 cbaritate,
2495 2837 2728 2907 vivaque
2744 2820 2868 2901 ﬁde,
2902 2853 3027 2908 quae
3051 2852 3261 2893 merces
3293 2837 3439 2893 haud

1861 2931 2065 3003 injusta
2108 2938 2415 3001 reputatur,
2457 2945 2660 2986 emere.
2710 2928 2827 2986 Hoc
2871 2930 3105 3000 pretium
3145 2929 3291 2987 Deus
3345 2930 3434 2986 lu-

1861 3025 2052 3081 benter
2101 3025 2340 3096 accipit:
2384 3022 2725 3093 Speravimus
2759 3023 2907 3078 enim
2943 3025 3000 3077 in
3034 3023 3144 3077 Deo
3174 3024 3307 3091 uiuo,
3347 3025 3440 3097 qui

1860 3124 1938 3170 est
1973 3126 2204 3170 servator
2235 3115 2470 3170 omnium
2513 3114 2804 3180 hominum,
2850 3114 3113 3184 praecipue
3145 3130 3276 3169 vero
3309 3115 3443 3185 ﬁde-

1863 3209 1997 3263 lium
2042 3209 2107 3264 ⁷³.
2150 3208 2343 3264 Caneri
2375 3216 2557 3262 autem
2588 3206 2815 3269 mundo,
2854 3207 3002 3260 velut
3051 3206 3172 3277 alga
3207 3206 3441 3263 marinis
3526 3220 3535 3233 ‘

1864 3301 2129 3370 rupibus,
2168 3298 2530 3361 circumnati,
2593 3298 3057 3353 immortalitatem
3126 3306 3433 3368 spernunt:

1864 3390 2329 3462 quemadmodum
2367 3390 2668 3446 lthacensis
2725 3390 2817 3444 ille
2874 3404 3067 3456 senex,
3117 3390 3263 3447 haud
3312 3390 3439 3461 qui-

1862 3484 1983 3539 dem
2008 3499 2151 3539 vera:
2180 3484 2531 3552 cmlestisque
2579 3483 2792 3552 patriai,
2829 3490 2925 3536 aut
2954 3497 3097 3537 verae
3127 3482 3289 3547 lucis,
3339 3482 3438 3538 sed

1862 3577 1997 3646 fumi
2018 3578 2281 3633 desiderio
2312 3576 2595 3648 ﬂagrabat.
2629 3574 2814 3630 Pietas
2841 3584 3045 3643 autem,
3069 3584 3130 3630 ut
3157 3575 3437 3631 hominem

1861 3670 1995 3738 Deo,
2039 3670 2221 3741 quoad
2261 3680 2462 3740 potest,
2509 3668 2794 3736 assimilet,
2828 3669 3084 3724 idoneum
3122 3668 3227 3739 ipsi
3259 3668 3438 3740 magi-

1859 3771 2034 3818 strmn
2059 3762 2228 3817 Deum
2253 3762 2497 3826 ascribit,
2526 3761 2621 3832 qui
2648 3761 2801 3817 solus
2833 3758 3133 3822 hominem.
3159 3770 3320 3830 prout
3352 3770 3441 3815 est

1862 3856 2114 3926 dignum,
2144 3853 2256 3910 Deo
2300 3854 2536 3909 similem
2578 3852 2790 3909 eﬁicere
2824 3854 2985 3908 valet.
3018 3851 3196 3919 Quam
3231 3853 3438 3909 doctri—

1862 3962 1988 4002 nam
2017 3962 2140 4002 cum
2189 3946 2489 4016 Apostolus
2529 3961 2657 4001 vere
2695 3946 2936 4001 divinam
2973 3960 3096 4000 esse
3137 3944 3319 4000 sciat:
3352 3943 3435 3999 Tu

1861 4052 2058 4103 autem,
2105 4039 2304 4109 inquit,
2348 4055 2378 4092 ο
2413 4038 2455 4092 Τ
2457 4038 2699 4105 imatltee,
2744 4055 2777 4092 a
2806 4053 2967 4108 puero
3008 4052 3192 4092 sacras
3222 4033 3435 4101 litteras

1862 4132 2073 4198 novisti,
2100 4146 2218 4202 quae
2240 4140 2289 4185 te
2309 4139 2528 4200 possunt
2551 4129 2840 4198 sapientem
2866 4128 3082 4181 reddere
3110 4126 3179 4180 ad
3206 4125 3435 4180 salutem

1862 4241 1954 4295 per
1972 4225 2156 4296 ﬁdem,
2186 4240 2303 4294 qua:
2328 4224 2473 4277 estin
2503 4221 2715 4277 Christo
2740 4222 2785 4255 ⁷⁸
2803 4236 2824 4286 ;
2841 4219 2956 4276 ﬁeri
2980 4220 3126 4275 enim
3143 4218 3351 4289 nequit,
3373 4226 3436 4273 ut

2276 4335 2320 4365 ⁷⁸
2359 4334 2377 4386 l
2419 4332 2559 4388 Tim.
2600 4351 2635 4392 ι.
2682 4335 2764 4387 Η.
2877 4336 2922 4367 ⁷³
2958 4336 3098 4390 Psal.
3148 4353 3289 4391 κων.
3341 4337 3424 4394 Ὀ,

204 4401 244 4431 ’⁵
270 4401 455 4458 Ilattb.
488 4419 571 4468 tu,
605 4404 657 4457 '5.
750 4405 794 4435 τε
823 4403 981 4458 Hebr.
1012 4419 1092 4468 ιιι,
1124 4404 1211 4470 l8,
1240 4403 1325 4458 19.
1420 4404 1466 4435 ⁷⁸
1500 4405 1516 4458 l
1544 4404 1686 4460 Tim.
1718 4421 1756 4459 ιι

1963 4405 2008 4439 ⁷⁷
2042 4405 2232 4460 l'l‘im.
2270 4422 2320 4461 IV
2345 4443 2360 4469 ,
2391 4402 2444 4458 8.
2539 4402 2585 4436 ⁷⁸
2619 4405 2639 4458 ι
2669 4405 2809 4461 Tim.
2838 4421 2911 4472 tv,
2949 4405 3036 4460 lﬁ.
3124 4406 3169 4440 ⁷⁹
3203 4405 3247 4459 ll
3281 4405 3427 4463 Tim.

207 4483 278 4537 ιιι,
311 4475 393 4529 ιδ.

262 4597 362 4665 (77)
402 4595 615 4664 Πρινή.
636 4594 821 4665 Πρὶνῆ
851 4594 984 4648 Nov.
1014 4594 1161 4656 Mox,
1183 4592 1750 4663 κατακολουθήσαντες
1780 4601 1825 4656 Ι)

194 4682 282 4735 pro
301 4666 890 4736 κατακολουθήσαντας,
922 4666 1083 4719 idem.

259 4740 357 4809 (78)
383 4739 555 4805 Οὐχί.
576 4734 803 4809 Omittit
823 4734 960 4809 Nov.

258 4802 358 4877 (79)
408 4802 607 4872 Ἰήσοῖ.
629 4807 695 4860 Α.
723 4806 896 4875 Ἰησοῦ
916 4803 1395 4877 tnavult_Syllntrg.
1414 4802 1598 4877 Quam
1621 4819 1751 4877 con-

193 4873 436 4946 iet—turam
469 4878 691 4933 ﬁrmare
717 4873 930 4931 videtur
965 4892 1068 4931 ms.
1100 4873 1263 4938 Nov.,
1289 4876 1382 4944 qui
1412 4873 1619 4946 Ἰησοῦς
1649 4876 1746 4929 Iza-

196 4951 289 5011 bet,
312 4950 425 5005 scil.
466 4965 565 5018 pro
605 4947 801 5019 Ἰησοῦ.

256 5020 357 5091 (80)
406 5015 789 5091 ornandam,
824 5015 971 5073 Hanc
999 5032 1187 5072 vocem
1217 5015 1437 5091 quidam
1466 5031 1747 5091 perperam

196 5090 242 5144 in
262 5085 532 5162 ’ὠνήσεσθε
565 5090 884 5162 mutandum
910 5096 1192 5158 putarunt.
1219 5085 1388 5140 Paulo
1419 5096 1563 5149 ante,
1587 5085 1752 5138 πόσον

196 5176 282 5231 pro
311 5158 475 5215 πόσου
510 5158 829 5231 ὴσὺειλδρν.

864 5229 1097 5296 Quidam
1155 5228 1505 5301 scribendum
1554 5234 1752 5301 putant

1868 5200 2031 5253 irmat
2058 5200 2075 5251 Ε

1922 5270 2032 5301 tum

200 5298 355 5357 πίστει
394 5303 566 5372 ζωρᾷ,
590 5300 722 5372 _ﬁde
770 5315 932 5372 mera,
971 5302 1192 5372 sincera.
1233 5298 1388 5372 Quod
1426 5298 1747 5353 inusitatum

199 5387 301 5427 esse
327 5369 556 5426 videtur.
588 5369 755 5424 Forte
795 5369 939 5440 ζωῆς
978 5370 1136 5440 juxta
1180 5369 1542 5439 πολυτίμητον
1570 5383 1751 5440 σωτη-

200 5443 318 5511 ρίαν,
352 5441 818 5513 interpretamenti
846 5438 991 5513 loco,
1017 5442 1070 5494 in
1090 5441 1335 5511 margine
1365 5438 1492 5494 libri
1516 5438 1749 5493 adnota-

200 5523 314 5568 tum.
344 5511 525 5583 postea
558 5512 613 5565 in
644 5520 851 5583 textum
880 5511 1116 5583 irrepsit.

258 5577 359 5649 (82)
406 5586 457 5637 Ὁ
496 5579 827 5653 Ἰθακήσιος
860 5577 1066 5649 γέρων.
1100 5577 1339 5652 Ulysscs.
1367 5579 1612 5653 Respicit
1638 5596 1741 5635 au-

203 5659 287 5708 tem
313 5656 563 5709 Clemens
588 5652 781 5720 Odyss.
815 5653 879 5716 Α,
914 5667 1055 5707 vers.
1091 5654 1190 5708 57:

450 5766 640 5835 αὐτὰρ
679 5763 1021 5838 Ὀδυσσεὺς,

2007 4564 2255 4663 ξΙέμενος
2280 4592 2379 4647 καὶ
2400 4591 2636 4647 καπνὸν
2659 4591 3126 4662 ἀποθρώσκοντα
3144 4592 3365 4663 νοῆσαι

1994 4659 2111 4731 τΗς
2130 4665 2326 4734 γαίης,
2354 4664 2592 4720 θανέειν
2616 4659 2892 4733 ἱμείρεται

2318 4756 2584 4828 Craterum
2617 4755 2659 4810 ι]
2668 4757 2832 4828 tusses

1997 4826 2223 4896 Cupiens
2247 4827 2325 4881 vel
2357 4829 2560 4896 fututum
2590 4826 2918 4882 exsilientem
2942 4826 3113 4881 videre

1999 4897 2123 4952 Sua:
2150 4908 2325 4963 teme,
2360 4898 2495 4951 mori
2525 4898 2794 4952 desiderat

1936 4988 2037 5057 [85)
2083 4990 2213 5043 Τόν.
2251 4987 2463 5043 Omittit
2491 4987 2628 5045 Nov.

1950 5056 2038 5131 84)
2091 5060 2467 5131 Ἀπόστολος.
2501 5060 2681 5131 Malim
2719 5061 2749 5113 ὁ
2796 5056 3151 5131 ’Δπόστολοςη
3173 5072 3298 5131 cum
3340 5074 3432 5112 ar-

1850 5126 2042 5193 ticulo,
2061 5140 2138 5200 qut
2166 5140 2218 5184 et
2246 5130 2374 5184 alibi
2393 5132 2623 5200 passim.
2661 5130 2925 5184 Svnnunc.
2956 5128 3110 5183 lianc
3139 5126 3426 5184 lectionem

2060 5198 2435 5340 ἕὸνᾶιμόθεε.
2466 5268 2763 5325 Clementis
2796 5268 3251 5340 additamentum.

1922 5270 2011 5339 (85
2076 5270 2144 5322 Ὤ
2182 5272 2435 5340 Τιμόθεε.
2466 5270 2763 5325 Clementis
2796 5270 3251 5324 additamentum.

1922 5273 2035 5415 (86)
2069 5340 2335 5406 Πίστεως
2378 5341 2450 5393 ἐν
2499 5343 2566 5395 Χ.
2628 5340 2870 5401 Πίστεως
2922 5339 3021 5411 τῆς
3068 5340 3128 5393 ὲν
3177 5341 3247 5395 Χ.
3284 5338 3427 5395 Bibl.

1922 5341 2012 5409 (86

1848 5410 2022 5466 Graec.

1922 5481 2033 5551 (87)
2076 5480 2491 5535 Θεοποιοῦντιι.
2537 5478 2811 5543 Clemens,
2843 5478 3124 5536 Platonem
3177 5488 3426 5545 secutus,

1857 5566 1998 5619 saepe
2041 5552 2173 5606 dicit
2222 5553 2473 5606 homines
2514 5565 2609 5618 per
2647 5551 2901 5605 virtutem
2934 5566 2999 5605 ac
3031 5552 3286 5620 pietatem
3316 5567 3424 5606 non

1856 5623 2034 5676 solum
2056 5622 2167 5677 Deo
2195 5620 2625 5682 assinxilari,sed
2660 5622 2824 5675 etiam
2857 5622 2989 5676 deos
3022 5623 3431 5690 quodammodo

1857 5693 1995 5745 lieri.
2027 5693 2184 5749 Cont.
2225 5692 2387 5761 hujus
2414 5691 2536 5745 libri
2569 5707 2690 5760 pag.
2728 5691 2815 5761 7t,
2848 5702 2900 5748 et
2932 5707 3054 5763 quae
3077 5691 3152 5747 ibi
3173 5692 3427 5750 adnotata

1853 5771 2031 5817 ειυιιι.
