3810 6332
575 343 675 397 ἰυἷ

1689 314 2081 400 ειελιιῖΝιίῐε
2117 348 2136 400 λ

2238 336 2585 401 :XANDRINI
3616 354 3698 421 ’ξοδ

572 459 725 518 ciunt
754 477 851 533 per
881 478 1209 533 praeconem,
1246 473 1307 521 ut
1343 481 1430 531 ea,
1475 482 1596 536 qua:
1633 466 1912 527 dicuntur.
1961 470 2134 538 magis

2240 470 2436 538 πρᾶξιν
2466 468 2581 540 ἅμα
2620 470 2712 524 καὶ
2738 458 2947 541 αἵρεσιν
2978 468 3296 526 ἀποδεκτέον
3324 473 3378 527 οὐ
3400 475 3485 547 τὴν
3510 472 3700 554 ἀμεμφῆ,

573 554 974 617 exaudiantur:
1012 556 1087 610 ita
1122 558 1211 612 hic.
1261 575 1500 629 quoque,
1541 574 1664 614 cum
1705 562 1771 615 ad
1805 563 2006 616 multos
2039 563 2137 617 ha-

572 645 747 700 benda
775 646 845 701 sit
869 662 900 701 a
932 646 1090 701 nobis
1124 651 1324 712 oratio,
1348 666 1470 719 quae
1503 652 1717 705 solitam
1740 653 2005 722 praecedit
2029 664 2139 709 tra—

558 735 1209 800 -ditionem,adduccud:e
1240 749 1368 793 sunt
1408 741 1696 810 opiniones
1724 751 1777 796 et
1808 758 1990 809 voces,
2016 762 2139 815 qua;

572 830 653 883 eis
679 829 734 884 in
776 829 1005 898 singulis
1034 838 1319 893 resonant;
1352 846 1446 900 per
1488 848 1626 901 quas
1659 834 1696 886 ii
1745 835 1919 905 magis
1950 838 2138 891 attenti

574 922 890 985 reddentur,
934 923 1026 991 qui
1071 922 1308 978 audient.
1357 923 1440 987 Et,
1489 931 1551 978 ut
1596 926 1784 994 paucis
1824 927 2003 982 dicam
2038 928 2058 1000 (
2083 931 2137 984 in

574 1016 760 1071 multis
789 1016 931 1069 enim
978 1017 1159 1085 parvis
1209 1016 1517 1086 margaritis
1566 1033 1674 1071 una
1716 1028 1799 1074 est
1826 1021 2044 1084 eximia,
2083 1024 2138 1077 in

574 1108 743 1161 multa
776 1116 955 1162 autem
994 1108 1228 1176 piscium
1259 1109 1562 1177 piscatione
1603 1127 1745 1165 unus
1768 1123 1853 1167 est
1875 1113 2139 1185 calliouy-

514 1222 517 1225 λ
574 1200 746 1266 mus),
776 1207 1019 1268 tempore
1043 1208 1098 1253 et
1126 1199 1311 1253 labore
1340 1202 1606 1256 elucescet
1639 1204 1859 1268 veritas,
1887 1204 1933 1259 si
1965 1204 2139 1258 bonus

572 1292 828 1361 obtigerit
863 1292 1096 1360 adjutor.
1130 1291 1235 1346 Per
1260 1292 1509 1350 homines
1530 1296 1675 1349 enim
1720 1297 1983 1351 divinitus
2012 1297 2131 1366 plu-

570 1386 712 1439 rima
736 1384 995 1438 beneficia
1020 1384 1457 1452 suppeditantur.
1490 1386 1668 1456 Atque
1692 1402 1884 1442 omnes
1917 1388 2136 1457 quidem

572 1478 666 1547 qui
693 1476 815 1531 visu
856 1476 1083 1539 utimur,
1115 1490 1201 1538 ea,
1231 1490 1352 1545 qum
1380 1475 1717 1544 objiciuntur
1755 1478 1854 1539 illi,
1896 1490 2141 1532 contem-

572 1571 809 1638 plamur,
824 1570 917 1623 sed
931 1567 1021 1621 alii
1052 1567 1279 1622 aliorum
1297 1568 1489 1638 gratia.
1515 1567 1636 1623 Jam
1670 1585 1777 1624 non
1800 1569 2052 1625 similiter
2072 1574 2130 1632 >14

574 1675 728 1714 ovem
752 1660 1150 1729 contemplatur
1182 1673 1392 1728 coquus
1434 1669 1488 1714 et
1533 1668 1738 1729 pastor.
1778 1661 1874 1715 llle
1917 1659 2136 1730 quidem

570 1766 641 1805 an
680 1751 752 1807 sit
797 1752 1015 1821 pinguis
1056 1750 1344 1821 diligenter
1393 1761 1700 1818 scrutatur.;
1733 1751 1824 1806 hic
1869 1766 2001 1805 vero
2052 1751 2139 1806 lac

571 1843 691 1898 ovis
725 1843 999 1905 observat,
1046 1857 1114 1896 an
1150 1843 1220 1895 sit
1251 1856 1599 1911 generosum.
1645 1842 1878 1912 Mulgeat
1917 1842 2137 1912 quidem

570 1936 787 2005 aliquis,
823 1936 871 1990 si
915 1935 1038 1990 cibo
1079 1946 1264 2004 egeat;
1296 1936 1470 1991 vellus
1518 1935 1761 1997 tondeat,
1795 1936 1842 1989 si
1891 1935 1941 1989 ei
1983 1944 2138 2001 tegu-

569 2038 756 2083 mento
791 2043 932 2097 opus
964 2028 1055 2082 sit.
1112 2026 1205 2082 Sic
1245 2027 1381 2081 mihi
1415 2027 1577 2081 etiam
1626 2026 1889 2096 procedat
1922 2025 2137 2080 fructus

572 2119 729 2176 bonae
761 2102 1072 2176 Graecorum
1117 2119 1402 2174 doctrinae.
1446 2119 1659 2173 Nullam
1691 2119 1836 2173 enim
1879 2117 2136 2172 existimo

570 2214 900 2282 scripturam
954 2213 1089 2267 adeo
1148 2212 1376 2267 feliciter
1440 2210 1755 2279 procedere,
1799 2210 1889 2264 cui
1950 2209 2135 2263 nullus

568 2304 794 2358 omnino
841 2303 1210 2369 contradicat;
1260 2302 1355 2356 sed
1408 2302 1553 2355 illam
1598 2300 2023 2355 existimandum
2055 2309 2139 2354 est

570 2412 693 2451 esse
734 2396 935 2450 rationi
963 2406 1410 2458 consentaneam,
1436 2395 1525 2449 cui
1554 2409 1717 2448 nemo
1750 2393 1875 2462 jure
1921 2405 2137 2448 contra-

571 2487 721 2541 dicit.
760 2485 871 2542 Hic‘
899 2496 952 2542 et
993 2489 1137 2541 actio
1185 2487 1351 2541 simul
1387 2485 1547 2556 120
1593 2495 1648 2541 et
1693 2487 2002 2541 institutum
2053 2495 2140 2542 est

572 2577 1002 2645 admittendum,
1074 2595 1182 2632 non
1254 2579 1401 2648 quod
1461 2589 1547 2633 est
1616 2594 1647 2634 a
1716 2577 2140 2646 reprehensione

575 2671 834 2736 alienum,
876 2672 971 2727 sed
1008 2672 1154 2743 quod
1198 2672 1383 2728 nullus
1412 2671 1534 2742 iure
1603 2671 1969 2741 reprehendit.
2021 2669 2142 2725 Non

574 2765 762 2819 statim
831 2773 1053 2830 autem,
1100 2765 1145 2819 si
1191 2765 1317 2835 quis
1360 2780 1469 2820 non
1514 2764 1894 2835 principaliter
1935 2758 2097 2819 eﬂlcit
2124 2801 2141 2826 ,

575 2857 679 2912 hoc
742 2856 889 2923 facit,
941 2858 1084 2927 quod
1121 2857 1172 2912 id
1212 2857 1450 2923 devitet;
1503 2857 1596 2912 sed
1643 2858 1696 2911 id
1751 2857 1862 2926 agit
1900 2856 2141 2912 divinam

2240 561 2354 614 ἀλλ’
2375 563 2441 632 ἣν
2470 561 2643 626 οὐδεὶς
2663 561 2899 631 εὐλόγως
2918 562 3342 633 καταμέμφεται.
3360 567 3461 620 Οὐκ
3480 571 3606 636 εὐθὺς
3625 576 3706 641 (59)

2239 654 2303 717 δ’,
2339 653 2393 706 εί
2417 671 2501 716 τις
2533 654 2606 725 μὴ
2636 654 3065 726 προηγουμένως
3091 655 3338 718 ἐπιτελεῖ,
3367 659 3487 712 κατὰ
3513 664 3708 734 περίστα-

2242 764 2324 798 σιν
2367 745 2497 798 αὐτὸ
2533 748 2704 798 ποιεῖ·
2753 745 2888 799 ἀλλὰ
2929 740 3367 818 οίκονομούμενός
3401 768 3449 803 τι
3481 750 3710 824 θεοσόφως,

2239 837 2331 889 καὶ
2359 836 2896 908 συμπεριφερόμενος
2938 838 3239 909 ἐνεργήσει·
3281 837 3405 892 Οὔτε
3441 841 3533 912 γὰρ
3565 845 3712 915 ὁὲχων

2236 927 2335 998 τὴν
2375 928 2577 998 ἀρετὴν
2620 927 2811 1000 χρῄζει
2865 928 2966 998 τῆς
3008 929 3100 982 ἐπὶ
3144 929 3242 1000 τὴν
3278 930 3457 1002 ἀρετὴν
3505 934 3571 986 ἔτι
3598 937 3712 1001 ὁδοῦ,

2237 1020 2349 1072 οὗθ’
2375 1023 2403 1074 ὁ
2446 1015 2757 1094 ἐρρωμένος
2785 1021 3126 1092 ἀναλήψεως.
3170 1022 3421 1096 Καθάπερ
3451 1024 3547 1093 (60)
3580 1029 3662 1100 γὰρ
3680 1034 3715 1083 οἱ

2238 1114 2473 1183 γεωργοὶ⁸
2502 1113 2963 1185 προαρδεύσαντες
2989 1115 3089 1185 τὴν
3121 1115 3243 1187 γῆν,
3269 1114 3400 1169 οὕτω
3426 1117 3478 1169 δὲ
3503 1120 3582 1171 καὶ
3598 1122 3718 1191 ἡμεῖς

2237 1205 2316 1276 τῷ
2339 1206 2553 1278 ποτίμῳ
2579 1206 2687 1260 τῶν
2713 1210 2844 1278 παρ’
2870 1207 3093 1277 Ἕλλησι
3124 1205 3295 1275 λόγων
3319 1206 3719 1280 προαρδεύομεντὺ

2238 1297 2437 1365 γεῶδες
2464 1298 2662 1359 αὐτῶν,
2694 1299 2769 1362 ὡς
2812 1298 3212 1370 παραδέξασθαι
3250 1298 3311 1351 τὸ
3338 1300 3720 1371 καταϐαλλόμενον

2240 1391 2460 1462 σπέρμα
2493 1391 2880 1461 πνευματικὸν,
2913 1393 3005 1445 καὶ
3046 1391 3202 1445 τοῦτο
3243 1391 3481 1462 εὐμαρῶς
3529 1392 3724 1466 ἐκθρέψαι

2225 1472 2514 1535 δύνασθαι.
2543 1481 2857 1554 Περιέξουσι
2885 1482 2942 1536 δὲ
2977 1486 3026 1536 οἱ
3051 1484 3392 1554 Στρωματεῖς
3417 1484 3721 1556 ἀναμεμιγμέ-

2238 1590 2336 1643 νην
2358 1574 2456 1644 τὴν
2482 1573 2736 1646 ἀλήθειαν
2762 1578 2875 1640 τοῖς
2904 1576 3219 1646 φιλοσοφίας
3242 1576 3480 1647 δόγμασι,
3510 1576 3725 1647 μᾶλλονδὲ

2239 1664 2723 1738 ἐγκεκαλυμμένην
2768 1669 2862 1721 καὶ
2904 1667 3402 1738 ἐπικεκρυμμένην,
3435 1669 3647 1740 καθάπερ
3671 1669 3729 1739 τῷ

2238 1755 2458 1829 λεπὺρῳ
2503 1757 2564 1811 τὸ
2613 1757 2876 1830 ἐδώδιμον
2927 1758 3021 1812 τοῦ
3071 1759 3312 1831 καρύοψ
3374 1761 3582 1832 ἁρμόζει
3625 1762 3729 1831 γὰρ,

2238 1844 2390 1918 οἶμαι
2410 1887 2424 1910 ,
2452 1846 2552 1917 τῆς
2582 1847 2837 1920 ἀληθείας
2863 1847 2931 1901 τὰ
2982 1848 3271 1921 σπέρματα
3311 1849 3486 1921 μόνοις
3527 1850 3735 1919 φυλάσσεο

2240 1935 2365 1988 σθαι
2415 1939 2528 1999 τοῖς
2558 1936 2658 2006 τῆς
2705 1936 2938 2001 πίστεως
2978 1941 3265 2010 γεωργοῖς.
3297 1939 3372 1992 Οὐ
3398 1922 3568 2008 λέληθε
3607 1940 3653 1993 δέ
3688 1956 3737 2009 με

2238 2028 2331 2079 καὶ
2356 2026 2425 2080 τὰ
2454 2026 2827 2098 θρυλλούμενα
2864 2028 3002 2100 πρός
3034 2046 3218 2092 τινων,
3251 2028 3468 2101 ἀμαθῶς
3489 2029 3733 2100 ψοφοδεῶν·

2237 2119 2432 2190 χρῆναι
2475 2117 2738 2187 λεγόντων
2781 2120 2909 2190 περὶ
2956 2119 3023 2173 τὰ
3071 2121 3469 2190 ἀναγκαιότατα
3512 2123 3594 2175 καὶ
3631 2122 3741 2174 συνέ-

2238 2226 2402 2280 χοντα
2448 2208 2546 2281 τὴν
2585 2210 2766 2263 πίστιν
2801 2210 3183 2280 καταγίνεσθαι
3204 2229 3218 2243 ·
3275 2211 3344 2266 τὰ
3382 2212 3437 2266 δὲ
3474 2212 3643 2279 ἔξωθεν
3659 2211 3739 2282 (6|)

2236 2303 2335 2354 καὶ
2365 2300 2595 2372 περιττὰ
2627 2301 2996 2373 ὑπερϐαίνειν,
3045 2303 3222 2375 μάτην
3250 2306 3395 2375 ἡμᾶς
3425 2303 3647 2377 τρίϐοντα
3679 2306 3747 2359 καὶ

2243 2394 2537 2464 κατέχοντα
2579 2410 2646 2447 πε
2655 2394 2706 2464 ρ⁸ι
2744 2396 2858 2456 τοῖς
2897 2392 3048 2447 οὐδὲν
3088 2411 3150 2448 συ
3158 2394 3535 2467 μδαλλομένοις
3575 2396 3684 2467 πρὶς
3704 2395 3749 2448 τὸ

2243 2486 2414 2550 τέλος.
2443 2486 2505 2540 οι
2539 2485 2597 2538 δὲ
2630 2486 2724 2538 καὶ
2761 2486 2898 2555 πρὸς
2922 2484 3094 2539 κακοῦ
3120 2486 3187 2541 ἂν
3221 2487 3322 2559 τὴν
3358 2486 3644 2557 φιλοσοφίαν
3670 2492 3752 2542 εισ-

2244 2577 2520 2631 δεδυκέναι
2548 2576 2639 2630 τὸν
2673 2575 2785 2646 βίον
2831 2576 3118 2647 νομίζωσιν
3155 2580 3270 2632 ἐπὶ·
3290 2570 3433 2653 λῦμῃ
3464 2578 3564 2632 τῶν
3591 2579 3752 2651 ἀνθρώ-

2240 2690 2377 2733 πων,
2408 2672 2545 2744 πρός
2569 2689 2714 2736 τινος
2753 2670 2976 2743 εὑρετοῦ
3018 2674 3260 2745 πονηροῦ
3292 2673 3427 2744 (6‘2).
3464 2674 3592 2745 Ἐγὼ
3616 2676 3755 2737 δὲ,ὁτι

2220 2746 2343 2834 ⁸μὲν
2371 2764 2405 2835 η
2434 2762 2600 2816 κακία
2624 2762 2798 2834 κακὴν
2823 2761 2986 2832 φύσιν
3031 2761 3164 2834 ἔχει,
3196 2765 3293 2819 καὶ
3330 2766 3511 2819 οὔποτ’
3540 2765 3599 2820 ἂν
3632 2758 3757 2819 καλοῦ

2237 2872 2384 2919 τινος
2410 2855 2680 2926 ὑποσταίη
2714 2853 2958 2926 γεωργὸς
2983 2855 3261 2924 γενέσθαι,
3303 2859 3436 2929 παρ’
3460 2857 3604 2921 ὅλους
3638 2855 3761 2909 Mr!-

571 2946 863 3017 quamdam
922 2949 1197 3017 sapienter
1252 2948 1518 3003 adhibens
1561 2947 2054 3017 dispensationem,
2088 2954 2136 3002 e‘t

2241 2946 2404 3020 ξομαι
2431 2948 2557 3012 τοὺς
2586 2949 2952 3020 Στρωματεῖς,
2979 2950 3358 3020 αίνισσόμενος
3379 2951 3628 3020 ἀμηγέπη
3648 2948 3761 3013 θείας

572 3053 635 3096 se
671 3040 833 3095 rebus
863 3040 1303 3103 accommodans,
1341 3047 1396 3095 et
1437 3039 1491 3093 in
1530 3054 1745 3093 omnem
1788 3050 1994 3109 partem
2028 3054 2136 3094 ver-

2246 3037 2406 3111 ἒργον
2434 3038 2696 3108 προνοίας
2725 3039 2820 3091 καὶ
2845 3037 3181 3107 φιλοσοφίαν.

572 3140 722 3192 cans.
754 3133 939 3206 Neque
966 3137 1109 3189 enim
1135 3135 1227 3205 qui
1277 3134 1439 3189 habet
1477 3134 1757 3197 virtutem,
1790 3136 1876 3190 via
1921 3135 1991 3189 ad
2035 3134 2294 3189 virtutem
2326 3133 2558 3203 amplius
2598 3147 2735 3203 Opus
2793 3134 2992 3200 habet;
3046 3148 3229 3204 neque
3274 3136 3373 3206 qui
3414 3133 3552 3189 valet
3582 3132 3763 3195 viribus,

569 3240 694 3300 eget
746 3229 1160 3284 instauratione.
1210 3226 1679 3295 Quemadmodum
1738 3229 1883 3284 enim
1929 3238 2129 3282 terram
2174 3227 2326 3297 prius
2392 3227 2572 3296 rigant
2638 3225 2909 3296 agricolze,
2964 3225 3158 3281 deinde
3196 3226 3283 3282 sic
3321 3241 3507 3282 semen
3536 3224 3767 3294 injiciunl;

572 3322 647 3377 ita
695 3323 857 3377 etiam
922 3338 1024 3378 uos
1065 3338 1153 3386 co,
1192 3322 1340 3393 quod
1389 3321 1503 3376 bibi
1536 3331 1716 3391 potest
1765 3337 1831 3375 ex
1880 3319 2193 3377 Graecorum
2223 3320 2462 3392 scriptis,
2516 3320 2592 3385 id,
2627 3320 2773 3390 quod
2821 3318 2976 3374 estin
3004 3320 3086 3373 eis
3122 3328 3409 3383 terrestre,
3441 3319 3585 3389 prius
3618 3317 3767 3383 irriga.

574 3428 720 3479 mus,
773 3421 834 3468 ut
887 3415 1152 3482 suscipiat
1240 3412 1488 3483 spiritale
1535 3428 1718 3468 semen
1763 3413 1909 3481 quod
1956 3412 2228 3482 dejicitur,
2266 3422 2322 3468 et
2363 3412 2415 3466 id
2465 3410 2619 3465 facile
2674 3412 2847 3475 possit
2891 3411 3054 3465 alere.
3099 3412 3489 3466 Continebunt
3541 3419 3693 3465 autem
3730 3406 3772 3460 hi

574 3501 748 3569 libri,
788 3506 881 3576 qui
934 3507 1190 3561 dicuntur
1235 3507 1604 3578 Στρωματεϊς,
1654 3521 1750 3561 seu
1805 3504 2165 3571 Misrcllanea,
2202 3506 2491 3561 admistam
2561 3504 2841 3558 veritatem
2889 3504 3250 3574 philosophias
3299 3504 3554 3570 decretis,
3578 3501 3653 3555 vel
3703 3513 3774 3568 po-

573 3601 683 3656 tius
709 3609 1016 3672 conpertam
1063 3612 1117 3657 et
1160 3602 1508 3669 absconsam,
1546 3603 1687 3658 sicut
1718 3611 1853 3657 testa
1884 3603 2127 3673 operitur
2163 3602 2237 3667 id,
2262 3602 2408 3672 quod
2437 3611 2517 3656 est
2552 3601 2605 3656 in
2660 3583 2798 3654 nuce
2844 3601 3213 3655 esculentum.
3269 3599 3429 3655 Fidei
3445 3600 3585 3654 enim
3613 3597 3774 3651 semina

573 3694 724 3759 SO'iS.
758 3705 817 3749 ut
839 3696 1116 3758 existimo,
1148 3696 1406 3751 convenit
1445 3697 1653 3751 servari
1694 3696 1816 3750 ﬁdei
1848 3696 2121 3761 agricolis.
2160 3694 2278 3748 Non
2314 3710 2401 3749 me
2473 3703 2651 3749 autem
2704 3693 2871 3747 latent
2922 3707 2985 3747 ea
3023 3692 3213 3757 etiam,
3284 3702 3414 3762 qua:
3457 3692 3525 3745 ab
3555 3684 3775 3756 aliquibus

572 3788 820 3858 imperite
837 3789 1025 3842 omnia
1055 3789 1423 3844 metuentibus
1460 3793 1757 3858 jactautur,
1795 3791 1886 3859 qui
1940 3788 2130 3844 dicunt
2173 3796 2425 3858 oportere
2455 3786 2509 3841 in
2559 3786 2627 3840 iis
2678 3784 2909 3848 versari,
2944 3798 3067 3853 qua!
3102 3793 3237 3838 sunt
3270 3782 3521 3837 maxime
3577 3789 3781 3832 necessa-

570 3879 675 3946 ria,
724 3890 778 3934 et
818 3896 938 3948 qua:
985 3879 1143 3934 Iidem
1188 3883 1503 3942 continent;
1551 3891 1774 3936 externa
1823 3892 2029 3945 autem,
2091 3891 2146 3937 et
2195 3898 2318 3953 quae
2350 3891 2479 3937 sunt
2507 3893 2906 3950 supervacanea
2967 3877 3265 3941 transilire,
3317 3893 3445 3947 qua:
3488 3891 3582 3930 nos
3618 3870 3779 3926 frustra

572 3981 862 4028 conterunt
927 3955 985 4028 et
1010 3975 1256 4029 detinent
1313 3975 1367 4029 in
1411 3975 1519 4040 its,
1573 3992 1695 4046 qua:
1739 3977 1805 4031 ad
1855 3977 2015 4033 tinem
2064 3978 2201 4032 nihil
2259 3976 2565 4032 conferunt.
2619 3975 2724 4029 Alii
2787 3982 2967 4028 autem
3020 3972 3439 4042 philosophiam
3486 3971 3640 4025 etiam
3689 3982 3785 4021 cum

572 4067 810 4122 maximo
843 4068 988 4121 malo
1050 4076 1104 4124 et
1158 4068 1224 4123 ad
1281 4069 1565 4139 hominum
1601 4070 1892 4139 perniciem
1914 4071 2128 4127 venisse
2170 4071 2223 4126 in
2265 4073 2427 4125 vitam
2455 4068 2786 4133 existimant,
2817 4075 2876 4119 ut
2899 4080 3020 4136 qua:
3052 4063 3302 4134 profecta
3326 4065 3453 4119 sita
3475 4063 3692 4131 maligno
3708 4057 3783 4110 ali~

575 4175 684 4229 quo
741 4160 1037 4217 inventore.
1082 4161 1194 4231 Ego
1242 4173 1424 4218 autem
1465 4163 1613 4234 quod
1666 4164 1870 4220 malitia
1919 4166 2136 4235 quidem
2180 4168 2383 4233 malam
2402 4166 2596 4219 haheat
2614 4172 2887 4226 naturam,
2913 4175 3012 4214 nec
3055 4160 3297 4230 alicujus
3362 4159 3495 4215 boni
3523 4172 3638 4214 esse
3674 4152 3787 4223 agri-

572 4253 692 4309 cola
720 4271 958 4325 unquam
1001 4258 1195 4326 possit,
1230 4260 1285 4312 in
1331 4258 1416 4312 his
1462 4258 1593 4313 totis
1632 4259 1916 4313 ostendam
1948 4260 2126 4324 libris,
2166 4261 2260 4332 qui
2300 4260 2554 4316 dicuntur
2584 4258 2949 4331 Στρωματεῖς,
2989 4255 3041 4309 id
3090 4256 3261 4313 etiam
3312 4255 3650 4326 significans,
3676 4245 3786 4318 quod

571 4350 770 4406 divina:
799 4351 1202 4423 quodammodo
1240 4351 1598 4422 providentiae
1632 4368 1771 4423 Opus
1799 4352 1871 4407 sit
1898 4354 2264 4426 philosophia.
3311 4344 3319 4352 ’

645 4514 703 4572 θ
740 4505 801 4561 P.
832 4506 937 4562 326
959 4506 1067 4562 ΕΙ).
1097 4506 1393 4574 POTTER,
1421 4508 1528 4564 278
1552 4508 1659 4563 Εἰ).
1682 4509 1899 4567 PARIS.

646 4671 759 4737 (59)
791 4672 914 4726 οὐκ
940 4672 1142 4738 εὐθύς.
1179 4672 1290 4729 Nec
1310 4674 1423 4744 phis
1469 4674 1682 4739 verbis,
1710 4684 1873 4743 prout
1918 4674 2030 4742 jam
2052 4743 2057 4744 ί
2078 4689 2135 4726 se

2244 4672 2465 4744 σπέρμα
2495 4670 2940 4744 καταϐάλλουσιν,
2974 4660 3122 4727 οὕτω.
3144 4669 3211 4744 δὴ
3264 4666 3368 4728 καὶ
3414 4664 3581 4743 ἡμεῖς
3691 4660 3790 4715 Stt-

573 4742 795 4805 habent,
823 4757 1017 4796 sensus
1041 4753 1274 4799 constat.
1308 4742 1538 4800 Restitui
1566 4741 1725 4799 debet
1754 4754 1871 4811 post
1896 4741 2140 4797 ἐπιτελεῖ
2240 4741 2400 4797 nunc.
2424 4772 2495 4783 --
2522 4744 2676 4809 Quod
2709 4743 2761 4795 in
2799 4741 2990 4812 Latina
3017 4742 3278 4812 versione
3298 4741 3641 4812 expressum
3664 4744 3750 4787 est.

572 4799 825 4885 negativa
865 4812 1162 4885 particula,
1215 4829 1337 4882 quae
1382 4823 1606 4885 propter
1655 4799 2136 4885 duplicemyquze

2313 4813 2424 4885 (6|)
2458 4799 2621 4866 mira
2651 4812 2889 4885 ἐξωθεῖ-ι
2926 4809 3249 4885 Ρνξεείρὶιιιιο
3278 4799 3580 4885 (ῖοιὶξιίιηι.
3608 4799 3790 4885 cpqstol.

572 4872 879 4953 praecessit,
906 4872 1246 4950 negationem
1276 4872 1764 4952 per‘lib'rariorum
1807 4872 2133 4953 imperitiam

2243 4872 2333 4937 lib:
2369 4872 2418 4947 ι,’
2438 4898 2557 4950 cap.
2583 4886 2615 4937 6
2645 4899 2657 4935 :
2684 4872 2802 4935 Τῶν
2835 4879 3059 4953 ἐθνικῶν
3094 4872 3326 4953 βιϐλίων
3346 4880 3585 4953 ,πάντων

574 4947 844 5040 escidisse
870 4947 1102 5040 videtur.
1136 4947 1326 5040 .Scrili‘e
1349 4954 1552 5040 igitur:
1587 4955 1702 5040 ρὺκ
1721 4947 1958 5040 εὺιθὺς’δ’
1984 4953 2038 5006 εἴ
2053 4970 2137 5040 τις
2247 4973 2266 5005 ι
2306 4952 2388 5040 Ab
2422 4947 2678 5040 omnibus
2707 4952 2988 5040 gentilium
3022 4947 3659 5040 librisIa‘l‘istipe.La_Qua
3682 4948 3740 4995 de
3760 4954 3790 4990 τε

575 5023 651 5093 μὴ
685 5022 1107 5093 προηγουμένως
1137 5023 1391 5087 ἐπιτελεῖ,
1426 5027 1475 5077 εί
1498 5023 1639 5078 κατὰ
1661 5024 1980 5103 περίστασιν
2008 5022 2139 5104 αὐτὸ
2240 5022 2385 5080 conf.
2415 5039 2536 5093 qua:
2559 5024 2624 5076 ad
2653 5018 2722 5103 ea
2741 5023 2899 5075 verba
2923 5020 3199 5102 adnotavit
3225 5018 3569 5101 Cotelerius.
3643 5084 3654 5095 .

575 5096 733 5145 ποιεῖ’
769 5111 788 5143 ι
819 5091 935 5146 Non
963 5103 1147 5147 autem
1199 5097 1382 5148 statim
1435 5096 1713 5162 sequitur,
1748 5094 1891 5162 quod
1938 5108 1985 5147 ει
2014 5107 2138 5161 quis
2312 5092 2424 5162 (62)
2452 5096 2746 5160 Πονηρου.
2774 5090 2976 5162 Nempe
3009 5090 3265 5162 diabolo,
3316 5106 3415 5162 cui
3448 5096 3659 5162 auctori
3689 5095 3790 5162 non.

574 5162 778 5235 aliquid
811 5177 905 5230 per
932 5178 998 5235 se
1020 5163 1155 5235 nolit
1189 5163 1386 5228 facere,
1423 5157 1600 5235 ipsum
1632 5180 1740 5218 non
1767 5157 1893 5235 esse
1913 5157 2141 5232 urgente
2242 5157 2376 5217 nulli
2403 5157 2449 5235 ς
2470 5157 2745 5217 veteribus
2770 5157 3556 5235 Christianisyhilosophiam
3604 5157 3785 5235 impulit

575 5232 760 5301 aliquo
787 5247 917 5286 casu
950 5232 1004 5286 id
1050 5232 1353 5300 facturum;
1405 5232 1591 5289 verum
1627 5243 1757 5289 tunc
1784 5233 1968 5287 divina
2003 5246 2140 5301 quo-

574 5303 866 5373 dammodo
909 5312 1033 5357 arte
1085 5303 1303 5373 aliquod
1354 5304 1590 5358 medium
1644 5304 1898 5368 inveniet,
1930 5311 1995 5373 et
2020 5317 2142 5356 sese

575 5372 932 5442 praesentibus
960 5370 1401 5437 accommodans,
1437 5374 1686 5429 eﬂ'ectum
1713 5374 1880 5442 dabit.
1919 5392 1938 5424 ι
1965 5370 2140 5442 Quem

575 5441 798 5497 sensum
838 5458 965 5512 qua:
1015 5454 1357 5512 sequuntur,
1400 5446 1743 5499 confirmant.
1794 5441 1932 5497 Hinc
1973 5441 2140 5512 paulo

574 5512 738 5567 etiam
771 5521 904 5584 post
945 5512 1039 5584 ait,
1086 5511 1484 5584 philosophiam
1526 5528 1637 5568 non
1680 5512 1850 5584 fuisse
1877 5512 2016 5566 κατὰ
2048 5511 2140 5566 τὸν

574 5580 984 5656 προηγούμενον
1017 5580 1192 5653 λόγον,
1217 5580 1321 5639 hoc
1351 5594 1437 5640 est
1461 5603 1482 5638 ι
1514 5598 1611 5654 per
1640 5599 1719 5647 se,
1757 5602 1775 5635 ι
1812 5583 2138 5652 ingressam,

574 5654 670 5709 sed
699 5654 842 5709 quod
871 5654 1161 5708 suadenda:
1184 5656 1394 5708 veritati
1421 5653 1727 5709 inserviret.

644 5662 670 5706 u
699 5662 842 5777 quod
871 5662 1161 5708 suadenda:
1184 5662 1394 5708 veritati
1421 5662 1727 5736 inserviret.

644 5722 702 5794 (ὕ
742 5729 761 5792 )
789 5722 1084 5791 Καθάπερ.
1124 5722 1432 5794 Legendum
1460 5726 1707 5782 videtur,
1747 5720 1997 5794 καθάπερ
2028 5718 2100 5787 γὰ

570 5790 629 5848 ot
655 5788 901 5864 ’γεωργοὶ
941 5788 1404 5865 προαρδεύῖταντες
1440 5796 1538 5865 τὴν
1583 5794 1715 5864 γῆν,
1765 5788 1862 5844 εἷθ’
1907 5788 2046 5843 οὕτω
2080 5788 2109 5841 τ

3786 5233 3790 5247 ι

2241 5244 2391 5288 runt.
2411 5230 2608 5288 Strom.
2627 5246 2703 5296 vr,
2729 5247 2851 5302 pag.
2880 5231 2984 5302 693
3007 5248 3021 5284 :
3046 5219 3169 5293 Πῶς
3195 5226 3311 5302 Δοὖν
3342 5219 3450 5283 οὐκ
3489 5219 3786 5302 ἄτοπον,

2203 5336 2211 5347 .
2243 5302 2465 5374 ἀταξίαν
2498 5302 2592 5357 καὶ
2620 5290 2966 5374 τὴῖἀδίκίαν
3010 5290 3439 5374 προσνέμοντας
3592 5290 3790 5374 διξδόὶιψ

2243 5364 2494 5444 ἐναρέτου
2525 5364 2845 5445 πράγματος
2875 5364 3081 5434 τοῦτον,
3105 5364 3232 5445 ’τῆς
3256 5364 3611 5445 φιλοσοφίας,

2245 5431 2448 5508 ποιὲῖν;
2474 5462 2493 5495 ι
2523 5431 2809 5509 Quomodo
2826 5431 2938 5494 non
2969 5451 3051 5495 est
3069 5431 3417 5508 absurdum,
3460 5431 3524 5495 ut
3556 5450 3675 5492 cum
3713 5431 3789 5483 dia

2243 5514 2368 5568 bolo
2393 5512 2764 5567 confusionem
2790 5521 2845 5566 et
2871 5509 3189 5581 injustitiam
3227 5511 3579 5581 tribuamus,
3610 5518 3725 5581 rut}!
3750 5508 3790 5551 Ν

2243 5578 2940 5653 praeclaraphilosophiae‘
2954 5580 3179 5643 scilicet,
3218 5579 3493 5653 datorem
3537 5578 3790 5653 constitue

2244 5645 2337 5708 re?
2371 5673 2390 5705 ι
2422 5645 2585 5720 conf:
2616 5645 3017 5707 etiam’Strom.
3044 5665 3096 5714 v,
3138 5664 3275 5719 pag.
3310 5645 3448 5716 550,
3486 5660 3542 5706 et
3569 5645 3790 5703 Strom.1

2242 5738 2365 5794 pag.
2389 5722 2516 5786 510,
2552 5736 2780 5793 quasque
2808 5722 2881 5775 ibi
2908 5722 3270 5775 adnotantur.
