3878 6332
114 448 206 502 ’ῖΠ

1339 445 1765 504 STROMATUM
1801 447 1929 502 LIB.
1955 449 1996 502 1.

3233 451 3336 506 718

114 571 212 632 τὸν,
255 569 588 640 ὲνπιτηδείους
643 570 778 638 σφᾶς
833 569 1028 632 αὐτοὺς
1081 571 1530 641 παραστήσαντες
1563 587 1574 598 ο
1627 571 1678 622 οἱ

1786 586 1840 626 se
1873 570 2022 639 ipsos
2069 569 2296 626 idoneos
2339 569 2721 626 exhibuerunt.
2777 568 2880 636 Qui
2935 579 3338 640 persequuntur

119 661 204 733 μὲν
232 659 336 731 γὰρ
375 659 475 722 τὰς
517 657 816 728 βαναύσους
859 659 1133 728 μετιόντες
1187 659 1381 728 τέχνας
1417 657 1510 710 τοῦ
1550 659 1676 730 περὶ

113 753 202 816 τὰς
253 751 532 822 αἰσθήσεις
594 751 925 804 ἀπολαύουσι
991 750 1294 824 περιττοῦ·
1361 752 1528 820 ἀκοῆς
1581 751 1676 820 μὲν

114 846 140 900 6
196 843 380 908 κοινῶς
434 845 722 916 λεγόμενος
776 845 1052 916 μουσικὸς,
1097 845 1238 916 ἁφῆς
1279 843 1334 897 δὲ
1378 845 1406 896 6
1451 842 1674 895 πλαστι-

116 936 366 1005 κὸς(95),
437 937 530 988 καὶ
591 934 773 1006 φωνῆς
843 937 872 992 6
927 935 1160 1006 ᾠδικὸς,
1213 935 1529 1005 ὀσφρήσεως
1563 973 1576 996 ,
1649 935 1678 986 6

117 1025 416 1098 μυρεψικὺς,
473 1027 644 1097 ὄφεως
686 1029 714 1080 6
753 1027 860 1082 τῶν
913 1029 972 1082 ὲν
1009 1030 1128 1091 ταῖς
1182 1029 1475 1098 σφραγῖσιν
1523 1027 1676 1079 ὲντυ-

115 1119 370 1188 πωμάτων
435 1119 747 1190 τορευτικὸς
774 1160 788 1184 ,
853 1119 902 1172 oi
970 1118 1026 1172 δὲ
1088 1119 1231 1188 ἀμφὶ
1279 1117 1376 1188 τὴν
1429 1115 1675 1168 παιδείαν

113 1209 460 1280 διατρίϐοντες
509 1212 608 1281 τὴν
655 1211 1026 1286 συναίσθησιν
1061 1209 1415 1282 χορηγοῦνται
1465 1227 1478 1240 ο
1553 1199 1674 1262 καθ’

115 1301 170 1370 ἣν
229 1300 332 1352 τῶν
399 1301 616 1372 μέτρων
682 1305 730 1356 οἱ
799 1302 1020 1372 ποιηταὶ
1091 1301 1202 1372 (94)
1271 1301 1364 1354 καὶ
1424 1301 1524 1372 τῆς
1591 1299 1677 1352 λέ-

117 1391 232 1456 ξεως
257 1394 302 1444 οί
343 1394 632 1462 σοφισταὶ,
663 1395 756 1446 καὶ
795 1393 903 1446 τῶν
935 1391 1306 1462 συλλογισμῶν
1332 1393 1379 1444 oi
1411 1390 1678 1444 διαλεκτι-

117 1485 206 1542 κοὶ,
246 1485 336 1538 καὶ
366 1487 416 1538 oi
446 1485 724 1556 φιλόσοφοι
753 1487 852 1557 τῆς
880 1487 996 1539 κατ’
1035 1485 1233 1548 αὐτοὺς
1270 1483 1500 1556 Θεωρίας
1527 1483 1674 1536 ἀντι-

119 1571 478 1646 λαμϐάνονται.
505 1579 796 1650 Εὑρετικὸν
819 1579 926 1650 γὰρ
949 1578 1042 1631 καὶ
1063 1576 1404 1648 ἐπινοητικὸν
1436 1577 1468 1646 ἡ
1495 1575 1676 1629 συναί-

123 1663 306 1734 σθησις,
341 1665 654 1720 ἐπιϐάλλειν
691 1665 931 1730 πιθανῶς
975 1666 1338 1721 ἀναπείθουσα
1361 1683 1374 1695 ·
1427 1665 1674 1732 συναύξει

119 1755 166 1808 δὲ
193 1755 283 1825 τὴν
312 1754 572 1828 ἐπιϐολὴν
604 1759 636 1826 ἠ
679 1757 757 1820 εἰς
788 1743 1098 1828 ἐπιστήμην
1137 1755 1484 1828 συνάσκησις.
1518 1757 1672 1810 Εἰκό-

122 1865 210 1910 τως
251 1847 424 1900 τοίνυν
479 1851 508 1901 6
564 1849 881 1912 Ἀπόστολος
932 1869 948 1900 ι
1007 1847 1386 1902 πολυποίκιλον
1427 1867 1444 1898 ι
1485 1848 1672 1918 εἴρηκε

1776 660 1920 714 enim
1949 672 2094 714 artes
2121 659 2374 716 sordidas
2395 699 2410 724 ,
2441 661 2694 716 sensibus
2719 659 3190 716 excellentissimis
3218 659 3336 714 fru-

1775 761 1944 836 untur
1969 767 1984 804 :
2013 752 2198 808 auditu
2223 753 2462 822 quidem,
2495 754 2588 824 qui
2615 754 2816 808 dicitur
2842 755 3204 808 communiter
3227 769 3340 808 mu-

1775 843 1941 908 sicus,
1973 853 2116 899 tactu
2148 859 2295 910 vero,
2331 845 2558 916 figulus;
2587 855 2642 900 et
2665 860 2818 909 voce,
2845 853 3066 912 cantor;
3113 843 3340 910 olfactu,

1778 936 2208 1006 unguentarius;
2249 937 2370 992 visu
2391 979 2404 1002 ,
2443 937 2536 1007 qui
2566 953 2650 1004 ea,
2689 953 2810 1008 quae
2849 937 2904 992 in
2933 937 3126 1006 sigillis
3153 936 3338 1006 expri-

1777 1035 2019 1090 muntur,
2051 1036 2134 1081 est
2164 1027 2390 1082 caalandi
2425 1025 2680 1082 facultate
2705 1027 2986 1096 praeditus.
3027 1025 3132 1093 Qui
3157 1037 3340 1082 autem

1778 1115 1834 1170 in
1861 1115 2106 1170 doctrina
2151 1125 2461 1182 versantur,
2513 1117 2912 1186 suppeditatam
2961 1117 3164 1172 habent
3205 1131 3340 1174 con-

1777 1208 2125 1276 sensionem,
2181 1225 2278 1280 per
2325 1225 2487 1278 quam
2541 1219 2712 1280 poeta:
2765 1207 2996 1276 modos,
3047 1209 3338 1266 dictionem

1729 1325 1738 1334 -
1777 1299 2045 1368 rhetores,
2093 1309 2146 1354 et
2199 1301 2542 1372 syllogismos
2595 1301 2887 1366 dialectici,
2933 1309 2988 1358 et
3031 1299 3340 1372 philosophi

1776 1392 2188 1460 apprehendunt
2227 1409 2367 1460 eam,
2413 1409 2532 1464 quae
2584 1395 2652 1450 ad
2693 1411 2750 1452 se
2793 1396 3048 1466 pertinet,
3098 1406 3343 1452 contem-

1777 1483 2090 1554 plationem.
2122 1485 2201 1541 Ad
2233 1487 2616 1544 inveniendum
2657 1489 2802 1542 enim
2839 1497 2892 1544 et
2917 1488 3340 1559 excogitandum

1777 1589 1864 1629 res
1895 1585 1977 1632 est
2003 1587 2126 1647 apta
2149 1581 2464 1633 consensio:
2491 1583 2550 1641 >14
2579 1579 2690 1632 haec
2713 1578 2856 1634 enim
2879 1579 3072 1635 studiis
3097 1580 3341 1634 animum

1775 1667 2048 1737 applicare
2069 1657 2382 1738 persuadet:
2405 1685 2570 1739 quam
2589 1671 3006 1740 applicationem
3028 1663 3344 1728 exercitatio

1776 1759 1830 1812 in
1865 1761 2150 1816 scientiam
2189 1769 2376 1829 postea
2411 1773 2574 1832 auget
2615 1771 2670 1816 et
2699 1763 2950 1820 intendit.
2997 1762 3188 1820 Merito
3211 1781 3343 1836 ergo

1775 1849 2066 1920 Apostolus
2101 1871 2118 1902 ι
2143 1851 2525 1908 multiformem
2553 1872 2570 1904 ι
2601 1853 2737 1908 dixit
2763 1853 2888 1910 «Dei
2915 1855 3236 1925 sapientiam
3255 1869 3338 1923 ⁸,»

128 1959 142 1992 ι
173 1941 259 2012 τὴν
285 1941 475 2010 σοφίαν
491 1942 586 1995 τοῦ
602 1942 758 2006 Θεοῦ,
793 1942 1114 2015 πολυμερῶς
1132 1945 1224 1997 καὶ
1255 1943 1624 2014 πολυτρόπως,
1651 1963 1670 1994 ι

1786 1951 1838 1998 ιιι
1875 1957 1996 2012 quae
2048 1961 2066 1994 ι
2105 1943 2458 1999 multilariam
2518 1947 2812 2016 multisque
2859 1949 3036 2003 modis
3073 1949 3124 2016 δ,
3173 1969 3194 2002 ι
3249 1965 3344 2020 per

123 2035 195 2086 διὰ
225 2034 442 2106 τέχνης,
473 2035 564 2088 διὰ
594 2037 922 2108 ἐπιστήμης,
954 2037 1040 2090 διὰ
1079 2037 1330 2102 πίστεως,
1360 2037 1449 2091 διὰ
1475 2055 1676 2110 προφη-

123 2123 265 2187 τείας,
307 2125 402 2194 τὴν
457 2126 660 2196 ἑαυτῆς
719 2127 1132 2198 ἐνδεικνυμένην
1189 2128 1414 2198 δύναμιν
1455 2129 1533 2190 εἰς
1581 2128 1675 2198 τὴν

123 2216 367 2288 ἡμετέραν
397 2217 753 2288 εὐεργεσίαν*
797 2239 814 2270 ι
860 2221 978 2272 Ὅτι
1015 2219 1124 2290 (95)
1159 2222 1304 2272 πᾶσα
1339 2219 1498 2287 σοφία
1527 2217 1677 2289 παρὰ

125 2311 318 2380 Κυρίου,
354 2311 446 2364 καί⁵
483 2312 602 2382 μετ’
626 2311 790 2364 αὐτού
813 2313 960 2364 ἐστιν
993 2313 1072 2375 είς
1101 2311 1192 2366 τὸν
1215 2311 1406 2365 αἰῶνα⁶
1433 2303 1498 2380 »ἦ
1515 2325 1676 2379 φησιν

127 2401 254 2470 ἡτοῦ
291 2401 462 2473 Ἰησοῦ
499 2404 684 2472 σοφία.
728 2423 745 2454 ι
791 2403 914 2456 Ἐὰν
947 2403 1056 2474 γὰρ
1078 2403 1174 2474 τὴν
1205 2403 1458 2474 φρόνησιν
1492 2405 1590 2473 τήν
1616 2417 1674 2454 τε

127 2493 345 2566 αίσθησιν
390 2495 694 2568 ὲπικαλέσῃ
727 2495 939 2568 μεγάλῃ
965 2499 1031 2566 τῇ
1069 2498 1252 2566 φωνῇ,
1303 2495 1398 2548 καὶ
1437 2493 1678 2566 ζητήσῃς

130 2587 268 2658 αὐτὴν
305 2586 491 2662 ὥσπερ
525 2587 792 2660 ἀργυρίου
845 2587 1183 2659 θησαυροὺς,
1241 2588 1335 2640 καὶ
1383 2585 1676 2657 προθύμως

132 2679 422 2752 ἐξιχνιάσῃς,
461 2673 684 2752 ¹νοήσεις
722 2677 1053 2742 θεοσέϐειαν,
1098 2679 1192 2731 καὶ
1235 2677 1487 2749 αἴσθησιν
1527 2676 1675 2729 θείαν

133 2771 366 2842 εὑρήσεις.
407 2789 426 2822 ι
463 2771 616 2842 Πρὸς
637 2771 1038 2842 ἁντιδιαστολὴν
1065 2771 1164 2841 τῆς
1193 2769 1334 2824 κατὰ
1363 2768 1678 2838 φιλοσοφίαν

135 2864 397 2936 αίσθήσεως
423 2865 652 2937 εἴρηκεν
683 2865 712 2916 6
757 2865 1060 2934 προφήτης,
1108 2862 1174 2932 ἦν
1209 2861 1560 2932 μεγαλοφυιῖκ
1587 2863 1680 2916 καὶ

139 2953 534 3029 μεγαλοπρεπῶς
579 2955 866 3026 ὲξερευνᾷν
894 2955 1166 3018 διδάσκει,
1201 2955 1280 3018 είς
1321 2955 1420 3026 τὴν
1457 2954 1549 3006 ἐπὶ
1581 2955 1679 3025 τὴν

138 3043 402 3099 θεοσέἦειαν
438 3047 746 3118 προκοπήν.
801 3045 1118 3116 Ἀντέθηκεν
1161 3039 1251 3098 οὖν
1295 3044 1434 3114 αὐτῇ
1478 3043 1575 3114 τὴν
1621 3045 1679 3096 ἐν

140 3135 376 3212 θεοσεϐείᾳ
411 3139 704 3211 αἴσθησιν,
749 3139 846 3210 τὴν
898 3137 1099 3206 γνῶσιν
1147 3137 1538 3207 αἰνισσόμενος,
1587 3137 1682 3190 καὶ

1777 2045 1972 2100 artem,
2017 2049 2113 2104 per
2152 2037 2464 2104 scientiam,
2511 2053 2606 2107 per
2633 2039 2815 2107 ﬁdem,
2857 2055 2954 2109 per
2979 2041 3342 2110 prophetiam,

1781 2143 1936 2182 suam
1980 2136 2216 2183 ostentat
2259 2131 2554 2199 potentiam
2601 2129 2668 2184 ad
2707 2143 2956 2186 nostrum
2997 2129 3340 2188 benelici'um.

1783 2238 1802 2270 ι
1833 2218 2096 2285 Quoniam
2127 2221 2306 2276 omnis
2335 2222 2599 2291 sapientia
2637 2237 2668 2277 a
2701 2221 2952 2288 Domino,
2985 2232 3040 2278 et
3067 2239 3190 2278 cum
3227 2225 3345 2294 ipso

1776 2321 1858 2366 est
1887 2311 1940 2366 in
1969 2313 2188 2376 sarcula.
2215 2331 2234 2364 ι
2271 2323 2328 2368 ιιι
2353 2314 2484 2370 dicit
2509 2313 2636 2370 Jesu
2675 2313 2973 2385 Sapientia.
3007 2325 3030 2354 ο
3063 2334 3080 2367 ι
3111 2315 3168 2370 Si
3197 2318 3344 2372 enim

1775 2403 2119 2474 prudentiam
2170 2415 2224 2460 ct
2269 2421 2490 2462 sensum
2539 2422 2736 2478 magna
2779 2421 2916 2463 voce
2965 2408 3344 2472 invocaveris,

1777 2504 1832 2551 et
1881 2511 2000 2550 eam
2065 2496 2348 2566 quaesieris
2376 2537 2392 2564 ,
2445 2497 2588 2551 sicut
2649 2498 2854 2568 argenti
2909 2498 3197 2554 thesauros
3223 2541 3238 2564 ,
3293 2507 3348 2553 et

1779 2595 2031 2658 prompto
2078 2595 2133 2642 et
2181 2587 2350 2644 alacri
2405 2588 2590 2642 animo
2641 2587 3026 2659 investigaris,
3079 2589 3346 2662 intelliges

1779 2677 1874 2734 Dei
1903 2677 2130 2744 cultum,
2163 2689 2216 2734 et
2243 2693 2466 2734 sensum
2502 2679 2744 2734 divinum
2785 2680 3028 2735 invenies
3051 2679 3102 2734 ἀ.
3135 2699 3154 2732 ι
3189 2679 3346 2748 Quod

1777 2766 1913 2822 dixit
1939 2769 2220 2836 propheta,
2249 2777 2308 2820 ut
2339 2767 2484 2822 hunc
2508 2767 2867 2838 distingueret
2891 2785 2924 2824 a
2951 2785 3138 2838 sensu,
3163 2773 3258 2841 qui
3293 2773 3346 2826 in

1778 2857 2120 2928 philosophia
2147 2867 2412 2922 versatur,
2444 2873 2606 2928 quem
2631 2859 2891 2928 praeclare
2915 2876 2979 2916 ac
3003 2865 3350 2932 magnanime

1780 2951 2108 3020 investigare
2147 2949 2335 3021 jubet,
2403 2959 2590 3019 utpote
2627 2951 2694 3004 ad
2737 2951 3012 3021 profectus
3053 2954 3108 3006 in
3149 2955 3350 3024 pietate

1783 3041 2064 3098 faciendos
2108 3041 2316 3096 utilem.
2369 3039 2508 3096 Huic
2541 3042 2726 3111 itaque
2753 3057 2900 3108 eum,
2926 3043 3020 3112 qui
3063 3047 3116 3098 in
3151 3045 3350 3113 pietate

1781 3143 2052 3202 versatur,
2076 3151 2300 3191 sensum
2329 3137 2602 3206 opposuit,
2627 3152 2738 3206 quo
2768 3135 3042 3208 religionis
3057 3140 3348 3194 scientiam
3407 3151 3422 3172 θ

140 3231 238 3284 τάδε
275 3232 436 3302 λέγων
461 3250 474 3262 ·
533 3251 554 3282 ι
605 3232 664 3283 '0
709 3229 818 3302 γὰρ
867 3229 1000 3294 Θεὸς
1043 3229 1224 3282 δίδωσι
1259 3229 1446 3298 σοφίαν
1475 3231 1540 3282 ὲκ
1584 3227 1678 3282 τοῦ

1786 3227 1990 3290 innuit,
2021 3227 2108 3284 his
2136 3226 2314 3282 verbis
2341 3245 2354 3280 :
2421 3246 2439 3278 ι
2467 3225 2612 3284 Deus
2639 3227 2784 3284 enim
2809 3227 2900 3283 dat
2923 3230 3242 3299 sapientiam
3282 3249 3350 3287 ex

143 3321 298 3375 ἑαυτοῦ
331 3323 618 3395 στόματος,
651 3321 898 3392 αἴσθησίν
926 3339 986 3374 τε
1023 3321 1137 3393 ἅμα
1167 3321 1258 3374 καὶ
1281 3321 1560 3393 φρόνησιν,
1587 3324 1678 3376 καὶ

1786 3333 1878 3374 ore
1905 3335 2028 3382 suo,
2057 3327 2112 3372 et
2139 3334 2360 3374 sensum
2405 3319 2566 3374 simul
2616 3328 2670 3374 et
2709 3297 3074 3388 prudentiam,
3117 3331 3169 3377 et
3187 3324 3350 3394 justis

145 3411 416 3486 θησαυρίζει
459 3415 694 3478 δικαίοις
738 3415 985 3486 βοήθειαν
1009 3431 1020 3443 ·
1059 3433 1078 3466 ι
1115 3417 1229 3476 τοῖς
1261 3413 1368 3484 γὰρ
1395 3413 1500 3468 ὑπὸ
1533 3413 1680 3483 φιλο-

145 3507 296 3576 σοφίας
339 3509 778 3580 δεδικαιωμένοις
829 3507 1050 3578 βοήθεια
1095 3506 1478 3578 θησαυρίζεται
1505 3509 1597 3560 καὶ
1641 3511 1674 3562 ἢ

145 3602 207 3664 είς
229 3601 510 3656 θεοσέϐειαν
547 3600 916 3671 συναίσθησις.
1631 3601 1636 3605 ’

1786 3411 1958 3466 instar
2000 3411 2241 3466 thesauri
2280 3411 2526 3466 recondit
2551 3411 2836 3467 auxilium.
2873 3431 2894 3464 ι
2953 3413 3024 3469 lis
3062 3415 3230 3482 enim,
3255 3417 3350 3486 qui

1783 3516 1817 3558 a
1845 3499 2190 3572 philoSOpiiia
2217 3501 2367 3558 fuere
2395 3503 2696 3572 iustiﬁcati,
2743 3504 3006 3560 auxilium
3036 3508 3352 3564 reconditur

1785 3610 1850 3650 ea
1890 3609 2108 3664 quoque
2163 3595 2483 3662 consensio,
2528 3611 2650 3665 qua:
2695 3595 2848 3652 ducit
2895 3598 2960 3652 ad
2999 3598 3250 3669 pietatem
3295 3602 3352 3656 in

1789 3685 1979 3740 Deum.

1529 3783 1756 3841 CAPUT
1805 3783 1866 3838 V.

233 3902 614 3978 Philosophiam
660 3905 932 3976 theologia
969 3903 1248 3965 ancillari;
1281 3905 1418 3976 quod
1458 3905 1696 3960 illustrat
1715 3903 2000 3976 allegorica
2037 3905 2466 3972 interpretatione
2505 3905 2742 3959 historiae
2777 3903 2927 3961 Sarae
2964 3917 3010 3961 et
3033 3909 3246 3980 Agaris.
3307 3891 3310 3894 I

205 4017 293 4078 Ἦν
330 4030 420 4098 μὲν
447 4025 539 4082 οὖν
580 4027 688 4100 (96)
736 4027 841 4101 πρὸ
867 4027 967 4098 τῆς
1004 4025 1097 4079 τοῦ
1132 4027 1336 4100 Κυρίου
1384 4029 1685 4101 παρουσίας

156 4117 214 4178 εἰς
240 4117 563 4190 δικαιοσύνην
607 4120 860 4192 Ἕλλησιν
893 4119 1162 4188 ἀναγκαία
1205 4120 1488 4191 φιλοσοφία
1519 4138 1532 4150 ·
1568 4123 1686 4176 νυνὶ

157 4203 198 4257 δὲ
221 4211 437 4284 χρησίμη
475 4213 618 4286 πρὸς
651 4213 962 4266 θεοσέὸειαν
989 4215 1215 4283 γίνεται,
1257 4213 1580 4286 προπαιδεία
1601 4231 1687 4276 τις

157 4291 262 4352 οὖσα
283 4306 384 4366 τοῖς
415 4305 512 4376 τὴν
543 4305 730 4356 πίστιν
769 4303 835 4357 δι’
869 4303 1194 4368 ἀποδείξεως
1241 4302 1640 4375 καρπουμένοις
1667 4317 1679 4331 ·

160 4388 222 4442 ὅτι
251 4411 266 4442 ι
300 4395 326 4446 6
369 4397 496 4460 ποῦς
542 4414 662 4460 σου,
724 4416 742 4448 ›
783 4398 978 4468 φησὶν,
1041 4417 1059 4448 ι
1115 4398 1174 4450 οὑ
1209 4397 1281 4467 μὴ
1316 4395 1617 4468 προσκέψῃ,
1659 4412 1677 4445 ³

1861 4029 2038 4096 Atque
2071 4035 2190 4080 erat
2217 4025 2436 4096 quidem
2467 4036 2593 4080 ante
2621 4024 2832 4080 Domini
2861 4027 3150 4082 adventum
3181 4029 3358 4098 philo-

1793 4119 1984 4189 sOpliia
2019 4117 2222 4172 Graecis
2275 4117 2582 4172 necessaria
2627 4116 2695 4170 ad
2727 4117 2990 4186 justitiam
3021 4133 3036 4169 :
3069 4133 3216 4174 nunc
3254 4135 3355 4174 au-

1791 4219 1895 4265 tem
1929 4219 2012 4266 est
2045 4210 2196 4266 utilis
2229 4209 2296 4263 ad
2327 4209 2608 4280 pietatem,
2654 4210 2741 4264 cui
2771 4213 3081 4266 necessario
3115 4215 3356 4284 puemit—

1786 4303 1952 4357 tenda
1983 4311 2068 4358 est
2098 4302 2166 4356 ab
2199 4301 2287 4368 iis,
2319 4301 2412 4371 qui
2451 4301 2610 4355 tidem
2643 4315 2708 4356 ex
2735 4301 3200 4360 demonstratione
3233 4321 3359 4374 per-

1789 4395 2019 4465 cipiunt.
2069 4393 2338 4460 Quoniam
2377 4411 2396 4444 ι
2419 4408 2538 4462 pes,
2559 4412 2577 4444 ι
2627 4393 2822 4462 inquit,
2858 4403 3022 4448 «tuus
3051 4411 3158 4448 non
3187 4397 3359 4452 oden-

159 4479 232 4532 ἐπὶ
255 4483 338 4556 τὴν
363 4489 614 4560 πρόνοιαν
649 4487 716 4541 τὰ
744 4488 882 4542 καλὰ
911 4489 1270 4560 ἀναφέροντος
1295 4529 1308 4552 ,
1345 4487 1438 4541 ὲάν
1469 4505 1528 4540 τε
1571 4487 1678 4540 Ἐλ-

1787 4488 1927 4542 derit
1955 4498 2002 4552 ε,
2038 4505 2055 4537 ι
2113 4487 2160 4540 si
2214 4499 2334 4554 qua:
2367 4487 2502 4539 bona
2536 4499 2694 4550 sunt,
2736 4486 2802 4540 ad
2839 4485 2930 4540 Dei
2963 4487 3355 4556 providentiam

163 4569 319 4644 ληνικὰ
357 4575 408 4652 ᾗ,
442 4582 534 4634 ἐάν
585 4598 642 4634 τε
679 4581 939 4653 ἡμέτερα.
977 4581 1196 4634 Πάντων
1235 4579 1330 4650 μὲν
1375 4577 1484 4650 γὰρ
1515 4581 1685 4644 αἴτιος

163 4665 249 4720 τῶν
283 4671 442 4726 καλῶν
473 4677 501 4727 6
541 4673 675 4736 Θεός
701 4691 712 4702 ·
761 4670 896 4724 ἀλλὰ
923 4671 1030 4724 τῶν
1065 4673 1190 4741 μὲν,
1229 4672 1369 4724 κατὰ
1416 4672 1686 4744 προηγού-

173 4775 312 4826 μενον,
351 4765 418 4828 ὼς
457 4767 554 4836 τῆς
595 4781 654 4817 τε
685 4764 960 4834 Διαθήκης
992 4764 1094 4832 τῆς
1139 4763 1399 4827 Παλαιᾶςν
1449 4763 1542 4816 καὶ
1587 4764 1686 4834 τῆς

171 4849 298 4920 Νέας,
339 4857 437 4911 τῶν
477 4859 532 4912 δὲ
581 4857 698 4912 κατ’
750 4855 1186 4928 ἐπακολούθημα,
1244 4855 1318 4918 ὡς
1356 4855 1454 4926 τῆς
1487 4854 1690 4924 φιλοσο-

175 4945 288 5011 φίας.
316 4951 454 5021 Τάχα
472 4952 528 5004 δὲ
549 4953 642 5006 καὶ
675 4947 1096 5021 προηγουμένως
1124 4949 1234 5010 τοῖς
1262 4946 1512 5017 Ἕλλησιν
1533 4945 1686 5016 ἐδόθη

175 5035 285 5103 τότε,
315 5043 429 5112 πρὶν
459 5045 491 5114 ἢ
523 5045 614 5098 τὸν
643 5045 848 5114 Κύριον
873 5041 1100 5097 καλέσαι
1119 5041 1212 5093 καὶ
1241 5041 1365 5101 τοὺς
1389 5039 1652 5107 Ἕλληνας
1671 5055 1684 5068 ο

183 5145 198 5178 t
225 5131 548 5208 ὲπαιδαγῴγει
585 5157 603 5188 ι
638 5137 745 5208 γὰρ
777 5137 870 5190 καὶ
898 5135 1036 5206 αὑτὴ
1065 5133 1125 5186 τὸ
1161 5131 1486 5201 Ἑλληνικὸν,
1515 5130 1589 5193 ὡς
1611 5149 1628 5180 ι
1664 5132 1692 5182 6

180 5221 306 5292 νόμος
340 5247 356 5280 ι
387 5231 505 5294 τοὺς
547 5229 846 5302 Ἐϐραίους,
887 5247 904 5280 ι
946 5229 1026 5290 εἰς
1053 5225 1302 5296 Χριστόν.
1345 5244 1364 5276 ι
1398 5225 1692 5296 Προπαρα-

189 5421 234 5478 ιι,
248 5413 351 5472 3-5.

243 5529 334 5596 (95)
367 5533 416 5585 ’0
444 5538 787 5602 πλαστικός.
820 5531 976 5589 Conl‘.
1031 5531 1296 5586 Tatianus
1339 5529 1468 5602 edit.
1510 5525 1686 5581 Oxon.

446 5431 470 5458 ⁸
493 5419 648 5476 Prov.
673 5421 753 5486 ιιι,
787 5421 876 5475 25.

239 5351 288 5408 »Β
317 5347 368 5404 Ρ.
395 5351 482 5404 ’551
537 5351 639 5405 ED.
671 5347 968 5412 POTTER,
1008 5345 1114 5402 282
1152 5341 1261 5397 ΕΙ).
1305 5339 1528 5394 PARIS.
1607 5341 1678 5394 αἱ

1786 5355 1853 5396 es.
1887 5355 1971 5406 ιιι,
1999 5339 2084 5394 10.

1791 4579 2023 4644 referas,
2079 4579 2192 4632 sive
2241 4577 2428 4632 Grazca
2493 4579 2621 4642 sint,
2677 4578 2793 4632 sive
2845 4577 3356 4642 nostra.,0mnium

1787 4674 1936 4728 enim
1971 4673 2236 4726 bonorum
2269 4669 2412 4724 Deus
2451 4679 2534 4724 est
2567 4685 2735 4724 causa
2781 4689 2793 4723 :
2847 4671 2940 4725 sed
2975 4671 3202 4725 aliorum
3237 4674 3362 4741 qui-

1791 4763 1913 4818 dem
1969 4761 2358 4834 priucipaliter,
2415 4769 2474 4815 ut
2509 4759 2844 4815 Testamcnti
2879 4761 3036 4832 122
3065 4761 3276 4818 Veteris
3309 4773 3362 4818 et

1791 4855 1980 4910 Novi:
2035 4855 2266 4909 aliorum
2323 4863 2503 4909 autem
2552 4869 2648 4923 per
2701 4857 3169 4925 consequentiam,
3221 4855 3363 4910 sicut

1793 4949 2170 5021 phi1050phias.
2223 4947 2397 5014 Quam
2447 4957 2624 5002 tamen
2673 4949 2968 5003 verisimile
3016 4957 3132 5010 est,
3183 4949 3361 5018 ipsum

1795 5039 1998 5096 Graecis
2031 5055 2126 5107 per
2153 5055 2212 5094 se
2244 5039 2480 5101 dedisse,
2510 5039 2824 5109 priusquam
2853 5039 3115 5094 Dominus
3143 5037 3363 5095 Griecos

1799 5145 2016 5200 quoque
2057 5139 2324 5184 vocasset.
2357 5127 2492 5184 Nam
2529 5132 2644 5200 ipsa
2677 5146 2896 5202 quoque
2925 5129 3144 5188 Graecos
3197 5153 3216 5186 ι
3245 5132 3362 5188 Pa:-

1797 5221 1990 5292 dagogi
2025 5237 2176 5277 more
2199 5222 2446 5286 docebat,
2482 5241 2502 5274 ι
2549 5222 2692 5276 sicut
2739 5241 2757 5272 ι
2788 5223 2870 5277 lex
2903 5241 2922 5274 ι
2959 5221 3214 5280 Hebraeos
3253 5245 3274 5278 ι
3299 5227 3364 5282 ad

2197 5339 2224 5378 δ
2257 5337 2418 5402 Hebr.
2449 5355 2489 5404 1,
2517 5339 2568 5393 1.
2663 5349 2684 5376 ε
2713 5337 2879 5394 Eccli.
2918 5357 2956 5406 ι,
3001 5339 3049 5394 1.
3149 5339 3176 5379 ἀ
3201 5339 3362 5396 Prov.

1801 5525 2030 5594 μνήμης
2051 5522 2300 5594 recitavit
2327 5529 2540 5594 auctor.

1870 5583 2118 5658 (δϐίἮν
2142 5591 2258 5660 μὲν
2291 5585 2422 5643 οὖν.
2459 5589 2552 5642 Sic
2583 5587 2724 5660 infra
2759 5583 2958 5660 Strom.
2993 5605 3034 5660 ι,
3064 5605 3187 5659 pag,
3217 5586 3366 5660 ὄψι

1795 5665 1934 5719 Καθ’
1960 5659 2160 5734 ἑαυτὴν
2201 5659 2434 5713 ἐδικαίου
2480 5659 2610 5712 ποτε
2641 5659 2734 5734 καὶ
2765 5659 3069 5734 φιλοσοφία-
3091 5661 3217 5734 τοὺς
3245 5659 3372 5734 Ἕλο

1795 5735 1982 5806 ληνας.
2037 5753 2054 5784 ι
2085 5729 2184 5806 Per
2237 5747 2294 5806 se
2349 5745 2567 5806 quinque
2609 5729 3006 5806 olim_G_r:ecrs
3053 5731 3372 5806 justiticavit

1795 5797 2213 5876 philoSOpliia,_i
2249 5797 2377 5866 Qua
2423 5797 2495 5854 de
2529 5815 2586 5854 re
2632 5800 2776 5876 conf.
2825 5797 3066 5876 Vossius
3111 5797 3368 5854 Historia!

1797 5867 2100 5946 Pelagiana:
2125 5873 2216 5927 lib.
2249 5887 2331 5938 ιιι,
2363 5879 2504 5940 part.
2545 5867 2788 5939 m,thes.
2815 5875 2902 5932 ll.

189 5603 416 5674 VERO,
453 5619 562 5661 net.
593 5607 654 5672 ‘2;
687 5599 1064 5674 Athenagoras
1093 5619 1148 5674 p.
1181 5602 1272 5666 59,
1299 5609 1410 5674 not.
1443 5599 1492 5654 l.

249 5669 694 5746 (εὔθριποιηταί.
729 5669 954 5746 Ποιητᾶἰ
993 5675 1046 5728 in
1077 5669 1228 5746 Flor.
1276 5671 1408 5726 edit.
1461 5669 1692 5722 articqu

195 5750 326 5794 caret.
353 5741 444 5798 Sed
476 5741 773 5802 addendum
799 5741 920 5801 esse
965 5747 1100 5800 satis
1115 5743 1394 5799 declarant
1423 5748 1691 5793 commata

199 5817 444 5874 sequentia.
475 5817 731 5872 SYLBUBG.

253 5881 344 5950 (ῦὸ)
370 5885 493 5941 Ὅτι.
537 5887 654 5944 Haec
695 5903 726 5944 e
769 5886 1026 5943 Proverb.
1079 5901 1116 5940 ιι
1165 5881 1476 5954 imperfecte
1515 5887 1567 5936 et
1602 5877 1691 5932 διὰ
