3878 6332
477 318 577 376 73!

474 616 618 671 trina
654 617 881 671 inultum
925 617 1142 687 quidem
1193 617 1369 686 juvat,
1396 618 1626 671 multum
1664 627 1848 671 autem
1899 617 2045 671 laedit

1644 318 2035 374 CLEMENTIS
2073 318 2539 378 ALEXANDRINI
3614 319 3705 372 ’ἵΞὲ

380 474 381 479 η
473 433 997 505 opiniones.'llecte
1053 434 1296 506 profecto
1347 450 1412 491 ac
1463 434 1646 490 divine
1686 435 2041 491 Anaxarchus

2149 452 2267 489 ναι·
2316 436 2508 508 σοφίης
2536 434 2644 506 γὰρ
2670 426 2822 496 οὗτος
2849 433 2991 505 ὅρος·
3012 432 3128 485 ὅσοι
3154 429 3211 484 δὲ
3248 430 3345 484 καὶ
3372 427 3590 503 Θύρῃσιν
3612 430 3704 499 (δι)

380 523 384 527 ⁴
472 526 666 585 scribit
714 526 769 581 in
818 526 957 580 libro
1010 524 1083 580 De
1132 542 1285 598 regno
1317 545 1337 582 :
1371 544 1390 577 ι
1431 524 1595 581 Multa
1634 542 1697 581 ac
1743 526 1892 580 varia
1948 527 2047 581 do-

2153 528 2439 591 ἁείδουσιν,
2477 527 2509 598 ἢ
2534 526 2595 597 ἦν
2626 543 2700 596 πη
2737 521 3055 594 πεπνύμένα
3079 521 3355 586 ἀείδωσιν,
3378 520 3438 574 ού
3463 519 3707 591 τιθέμενοι

2154 619 2211 671 ὲν
2245 617 2423 692 σοφίῃ,
2455 616 2681 687 γνώμην
2722 614 2764 668 δ’
2805 613 2984 685 ἔχουσι
3031 613 3298 683 μωρίης.»
3323 612 3431 665 Καὶ
3459 611 3704 674 Ἡσίοδος·

473 722 621 773 eum,
669 709 761 778 qui
808 723 927 765 eam
977 710 1235 779 possidet.
1287 708 1448 764 Juvat
1496 711 1714 780 quidem
1756 727 1904 775 enni,
1944 710 2035 781 qui
2085 711 2280 782 dignus
2338 722 2420 767 est
2457 730 2469 764 :
2503 711 2648 765 laedit
2678 722 2857 763 autem
2893 724 3041 771 eum,
3099 706 3191 776 qui
3232 705 3449 776 quidvis
3503 704 3641 768 dicit,
3666 716 3712 760 et

475 814 663 856 coram
721 803 975 857 universo
1016 803 1234 873 populo.
1290 800 1510 872 Oportet
1562 812 1745 857 autem
1784 803 1925 857 scire
1968 818 2279 858 mensuram
2310 803 2585 873 temporis.
2623 799 2722 856 llic
2767 810 2850 854 est
2877 807 3056 852 autem
3092 798 3217 852 linis
3279 796 3574 867 sapientiae.
3600 792 3714 862 Qui-

476 911 690 964 cunque
724 904 903 948 autem
928 898 1130 950 canunt
1185 911 1294 964 prae
1352 895 1583 957 foribus,
1644 895 1855 949 etiamsi
1893 894 2021 964 quid
2083 895 2357 963 sapienter
2410 910 2472 948 ae
2517 897 2686 964 perite
2740 890 3062 953 cecineriut,
3109 904 3215 943 non
3279 896 3593 957 reputantur
3634 902 3712 940 sa-

472 987 702 1060 pientes,
754 987 846 1040 sed
878 987 1188 1055 opinionem
1220 986 1453 1041 subeunt
1484 986 1745 1040 stultitiae.
1772 1005 1790 1036 ι
1836 983 1901 1038 Ει
1939 982 2209 1039 Hesiodus
2243 1004 2254 1038 :
2752 1004 2757 1007 ν

617 1100 778 1173 124
832 1100 1130 1168 Musarum,
1168 1101 1391 1156 reddunt
1435 1102 1694 1156 hominem
1712 1117 1841 1173 qua:
1876 1100 2045 1154 multa

1711 1170 2046 1242 [loquentem

620 1242 889 1308 Divinum,
920 1241 1167 1296 vocalem.

481 1363 540 1418 ln
576 1364 757 1419 verbis
786 1364 931 1418 enim
959 1364 1242 1433 copiosum
1262 1364 1395 1418 dicit
1428 1382 1445 1415 ‹
1471 1363 1638 1417 multa
1662 1363 1993 1433 loquentem;
2022 1379 2042 1412 ι

476 1471 656 1511 acrem
684 1466 864 1511 autem
892 1472 959 1511 ac
983 1456 1377 1522 vehementem,
1416 1476 1435 1508 ι
1476 1456 1749 1521 vocalem;
1785 1475 1802 1508 ι
1828 1464 1883 1509 et
1913 1474 1932 1506 ι
1964 1454 2048 1509 di-

2222 1100 2548 1163 Μουσάων,
2570 1100 2633 1153 αἵ
2670 1101 2719 1152 τ’
2744 1097 2931 1166 ἄνδρα
2964 1093 3465 1165 πολυφραδέοντα
3487 1093 3708 1148 τιθεῖσαι

2226 1237 2507 1298 Θέσπιον,
2542 1234 2844 1299 αὐδήεντα
2863 1249 2876 1263 ·

2154 1360 2383 1432 εὔπορον
2429 1357 2527 1430 μὲν
2573 1357 2682 1428 γὰρ
2728 1356 2785 1408 ὲν
2824 1353 3030 1421 λόγοις,
3078 1371 3096 1402 ι
3132 1353 3225 1405 τὸν
3272 1349 3703 1422 πολυφράδμοναι

2154 1453 2319 1521 λέγει·
2347 1450 2512 1505 δεινὸν
2536 1450 2612 1513 δὲ,
2638 1467 2655 1499 ι
2678 1447 2768 1502 τὸν
2798 1446 3059 1518 αὐδήεντα
3077 1443 3247 1527 (ᾷὸγι
3284 1444 3382 1496 καὶ
3409 1462 3427 1493 ι
3452 1442 3668 1508 θέσπιον,
3687 1462 3704 1495 ι

474 1549 686 1614 viuum,
716 1567 736 1599 ι
775 1565 920 1613 eum,
957 1550 1049 1619 qui
1080 1557 1162 1604 est
1200 1550 1428 1619 peritus,
1468 1559 1522 1604 et
1566 1547 1946 1619 philosophus,
1995 1553 2041 1600 cl

2155 1546 2246 1599 τὸν
2275 1545 2559 1615 ἔμπειρον,
2592 1540 2685 1595 καὶ
2716 1539 3021 1611 φιλόσοφον,
3059 1537 3151 1591 καὶ
3187 1536 3291 1607 τῆς
3318 1533 3568 1607 ἀληθείας
3608 1538 3708 1590 ἐπι-

476 1639 657 1696 sciens
686 1640 951 1696 veritatis.

2168 1638 2430 1708 στήμονα.

1915 1777 2142 1834 CAPUT
2183 1776 2294 1832 Vll.

531 1899 929 1972 Philosophiam
960 1901 1028 1955 ad
1059 1902 1289 1956 divinant
1316 1902 1559 1956 virtutem
1589 1902 1726 1955 viam
1760 1902 1983 1972 aperire,
2019 1917 2234 1972 eamque
2262 1918 2365 1953 non
2392 1899 2734 1969 particularis
2757 1897 2986 1967 alicujus
3012 1907 3200 1961 sectae,
3236 1894 3332 1950 sed
3368 1893 3663 1948 «lecticam.

543 2018 780 2088 Apparet
803 2018 1006 2088 itaque,
1033 2020 1419 2088 praecedaneas
1454 2018 1575 2072 illas
1614 2017 1868 2073 liberales
1895 2010 2045 2073 Grat-

472 2123 665 2164 corum
688 2108 1027 2180 disciplinas,
1056 2125 1162 2164 una
1186 2125 1310 2163 cum
1339 2110 1455 2179 ipsa
1472 2108 1842 2179 philos0phia,
1864 2108 2051 2163 venire

473 2202 733 2258 divinitus
792 2202 859 2257 ad
950 2202 1233 2267 homines,
1300 2217 1407 2255 non
1480 2200 1875 2271 principaliter,
1957 2201 2048 2257 sed

472 2292 932 2362 quemadmodum
962 2291 1165 2346 imbres
1188 2300 1481 2361 erumpunt
1508 2291 1563 2344 in
1590 2299 1790 2346 terram
1824 2291 2047 2351 bonam.

472 2392 526 2438 et
583 2384 638 2437 in
688 2383 896 2448 timum,
942 2392 999 2438 et
1056 2399 1222 2453 super
1273 2384 1489 2440 domos.
1555 2383 1820 2440 Similiter
1866 2394 2046 2439 autem

474 2476 747 2546 germinat
772 2487 825 2531 et
848 2474 1015 2530 herba
1050 2485 1103 2531 et
1132 2475 1491 2542 frumentum,
1529 2486 1581 2532 et
1611 2480 1858 2533 nascitur
1880 2477 2045 2532 etiam

476 2567 611 2622 tlcus
642 2566 697 2621 in
723 2565 1096 2632 monimentis,
1128 2575 1182 2621 et
1218 2567 1263 2621 si
1303 2583 1410 2637 qua
1442 2578 1526 2623 est
1560 2569 1724 2623 arbor
1751 2567 2045 2637 impuden-

473 2659 601 2737 tipr.
639 2658 705 2714 Et
736 2675 859 2730 quae
893 2669 1095 2715 temere
1129 2670 1452 2726 nascuntur,
1495 2661 1549 2715 in
1594 2661 1776 2730 specie
1825 2661 2043 2732 quidem

472 2766 639 2821 supra
690 2766 776 2817 ea,
831 2766 955 2821 qua:
1003 2766 1132 2805 vera
1197 2759 1348 2815 sunt,
1411 2760 1718 2824 emergunt,
1782 2754 2043 2824 quoniam

471 2841 718 2896 eamdem
740 2842 939 2911 pluvia:
962 2842 1071 2896 vim
1103 2853 1503 2912 assequuntur;
1536 2845 1630 2899 sed
1658 2860 1764 2899 non
1798 2844 2042 2900 eamdem

471 2932 675 2987 habent
732 2934 986 3004 gratiam,
1036 2950 1200 3004 quam
1258 2951 1344 3000 ea,
1395 2952 1517 3006 qua:
1565 2938 1619 2989 in
1675 2937 1793 2992 solo
1859 2938 2044 3009 pingui

471 3030 599 3078 nata
633 3033 780 3092 sunt,
809 3033 868 3079 ut
897 3040 1020 3095 quae
1050 3026 1232 3081 statim
1264 3027 1531 3091 exsiccari
1561 3028 1645 3082 vel
1666 3029 1789 3083 velli
1813 3030 2041 3084 soleant.

469 3113 644 3170 Porro
677 3123 860 3171 autem
911 3116 1040 3171 huic
1080 3131 1298 3186 quoque
1330 3117 1454 3173 loco
1485 3127 1569 3173 est
1600 3119 1753 3173 utilis
1780 3119 2040 3189 parabola

477 3226 496 3260 ι
527 3208 788 3263 sementis
813 3220 862 3275 ι,
905 3226 925 3261 ι
965 3224 1131 3278 quam
1186 3206 1450 3265 Dominus
1498 3219 1582 3265 est
1634 3210 2039 3280 interpretatus.

2222 2015 2625 2085 Καταφαίνεται
2693 2014 2873 2067 τοίνυν
2930 2010 3261 2084 προπαιδεία
3322 2011 3357 2081 ἡ
3419 2005 3705 2077 Ἑλληνικὴ,

2155 2111 2250 2171 σὺν
2300 2110 2395 2163 καὶ
2436 2108 2573 2178 αὐτῇ
2639 2106 2927 2176 φιλοσοφίᾳ
2963 2105 3148 2158 Θεὸοεν
3212 2105 3376 2174 ἥκειν
3410 2102 3489 2164 εἰς
3528 2098 3707 2170 ἀνθρὼο

2151 2219 2284 2264 nou;
2307 2242 2322 2263 ,
2372 2200 2432 2253 οὐ
2484 2198 2626 2253 κατὰ
2683 2196 3122 2270 προηγούμενον,
3168 2194 3289 2247 ἀλλ’
3336 2193 3396 2248 ὃν
3447 2190 3629 2264 τρόπον
3665 2190 3706 2241 οἱ

2151 2294 2296 2347 ὑετοὶ
2320 2310 2457 2346 κατα
2468 2293 2758 2363 ρήγνυνται
2790 2293 2871 2354 εἰς
2893 2289 2991 2361 τὴν
3018 2289 3120 2359 γῆν
3149 2288 3249 2359 τὴν
3274 2284 3505 2355 ἀγαθὴν,
3534 2283 3617 2336 καὶ
3642 2283 3707 2346 εἰς

2146 2388 2245 2459 τὴν
2270 2387 2526 2459 κοπρίαν,
2552 2386 2645 2439 καὶ
2668 2384 2758 2438 ἐπὶ
2786 2383 2855 2436 τὰ
2875 2381 3118 2454 δώματα.
3145 2378 3451 2433 Βλαστάνει
3473 2376 3515 2430 δ’
3536 2374 3704 2446 ὁμοίως

2147 2481 2241 2534 καὶ
2282 2480 2384 2532 πόα
2418 2480 2514 2532 καὶ
2548 2477 2716 2548 πυρός
2737 2494 2751 2506 ·
2796 2474 2988 2545 φύεταί
3031 2490 3089 2527 τε
3124 2473 3221 2526 καὶ
3259 2471 3354 2525 ἐπὶ
3385 2469 3492 2522 τῶν
3521 2466 3705 2539 μνημά-

2145 2589 2253 2626 των
2286 2571 2447 2642 συκῆ,
2478 2572 2570 2625 καὶ
2602 2569 2655 2623 εἴ
2682 2586 2733 2622 τι
2765 2567 2872 2621 τῶν
2905 2564 3307 2637 ἁναιδεστέρων
3343 2561 3595 2634 δένδρων·
3626 2558 3703 2609 καὶ

2145 2663 2214 2717 τὰ
2238 2663 2478 2735 φυόμενα
2507 2665 2563 2716 ὲν
2588 2660 2743 2732 τύπῳ
2772 2658 3072 2732 προκύπτει
3105 2657 3217 2712 τῶν
3248 2655 3464 2726 ἀληθῶν
3482 2671 3494 2684 υ
3522 2653 3597 2705 ὅτι
3621 2650 3703 2719 τῆς

2146 2755 2322 2825 αὐτῆς
2352 2755 2446 2808 τοῦ
2490 2753 2646 2807 ὑετοῦ
2685 2752 2960 2806 ἀπέλαυσε
3007 2751 3327 2822 δυνάμεωςο
3386 2745 3496 2800 ἀλλ’
3526 2745 3582 2798 ού
3621 2743 3700 2814 τὴν

2146 2844 2313 2916 αὐτὴν
2345 2844 2545 2916 ἔσχηκε
2583 2842 2743 2913 χάριν
2787 2844 2900 2906 τοῖς
2942 2844 2999 2894 ὲν
3052 2839 3129 2911 τῷ
3164 2840 3314 2904 πίονι
3343 2840 3577 2909 φυείσιν,
3604 2835 3699 2905 ἦτοι

2147 2935 2501 3008 ξηρανθέντα,
2527 2936 2561 3006 ἦ
2590 2932 2967 2988 ἁποτιλΘέντα.
2989 2934 3100 2988 Καὶ
3122 2932 3185 3003 δὴ
3230 2920 3504 2986 κάνταῦθα
3539 2943 3699 2999 χρησι-

2148 3031 2302 3102 μεύει
2362 3032 2396 3101 ἡ
2455 3049 2472 3081 ι
2505 3030 2599 3084 τοῦ
2649 3029 2851 3101 σπόρου
2893 3046 2910 3079 ι
2961 3025 3288 3099 παραϐολὴ,
3338 3022 3405 3095 ἢν
3459 3024 3487 3075 ό
3526 3019 3699 3091 Κύριος

2146 3124 2507 3195 ἡρμήνευσεν.
2542 3116 2639 3187 Εἷς
2665 3121 2772 3194 γὰρ
2794 3120 2956 3195 ὁτῆς
2990 3121 3048 3173 ὲν
3084 3116 3397 3188 ἀνθρώποις
3430 3115 3526 3184 γῆς
3551 3127 3695 3182 γεωρ-

2143 3194 2240 3287 γὸς
2261 3251 2274 3273 ,
2326 3214 2354 3264 ὀ
2396 3210 2600 3265 ἄνωθεν
2658 3194 2894 3281 σπείρων
2949 3209 3013 3261 ἐκ
3058 3205 3370 3277 καταϐολῆς
3421 3203 3611 3272 κόσμου
3641 3197 3697 3251 τὰ

474 3297 628 3355 Unus
658 3300 802 3354 enim
832 3308 918 3356 est
949 3301 1185 3370 agricola
1230 3308 1406 3365 terrae,
1439 3317 1562 3373 quae
1600 3312 1689 3375 est,
1717 3304 1772 3357 in
1805 3304 2041 3360 homini-

2149 3302 2413 3374 θρεπτικὰ
2470 3301 2790 3374 σπέρματα,
2837 3302 2866 3353 ὁ
2918 3298 3009 3352 τὸν
3062 3297 3268 3368 Κύριον
3324 3294 3446 3350 καθ’
3500 3293 3693 3346 ἕκαστον

470 3388 596 3454 bus,
620 3390 713 3458 qui
748 3405 781 3445 a
810 3390 1083 3461 principio
1116 3391 1350 3447 seminat
1379 3407 1407 3446 a
1433 3392 1824 3450 constitutione
1857 3394 2044 3450 mundi

470 3483 693 3540 nutritia
732 3484 962 3549 semina,
997 3484 1091 3553 qui
1127 3484 1233 3539 illis
1263 3498 1597 3555 unoquoque
1638 3495 1883 3555 tempore
1933 3484 2044 3541 Do-

470 3572 679 3626 minum
708 3570 895 3643 Logon
924 3574 1161 3643 impluit;
1194 3584 1436 3644 tempora
1471 3585 1653 3630 autem
1678 3584 1732 3631 et
1758 3576 1896 3642 loca,
1924 3593 2047 3647 qua:

470 3673 849 3731 susceperunt,
880 3678 1114 3735 genuere
1146 3663 1527 3721 diﬂ'erentiam.
1561 3665 1625 3721 Et
1654 3668 1860 3738 alioqui
1896 3670 2043 3739 agri-

468 3753 590 3810 cola
659 3768 769 3808 non
816 3756 991 3810 solum
1048 3755 1380 3812 frumentum
1420 3760 1559 3825 (etsi
1620 3759 1782 3828 hujus
1827 3777 2045 3831 quoque

469 3844 656 3917 plures
707 3845 817 3901 sint
872 3846 1245 3918 dill‘erentize),
1300 3849 1395 3904 sed
1449 3851 1614 3905 etiam
1670 3850 1778 3905 alia
1834 3852 2044 3906 semina

376 3950 389 3957 “
470 3940 723 4005 seminat,
752 3945 810 4003 ᾖ(
840 3924 1129 4008 hordeum,
1165 3940 1338 4008 fabas,
1374 3943 1514 4011 pisa,
1556 3944 1723 4010 cicer,
1757 3952 1812 3999 et
1833 3946 2043 4000 semina

469 4046 592 4100 qua:
623 4031 771 4085 olera
800 4032 852 4086 in
900 4031 1074 4088 hortis
1103 4035 1431 4103 producunt,
1464 4045 1519 4091 et
1564 4035 1748 4092 ﬂores.
1787 4035 2043 4106 Ejusdem

466 4129 553 4176 est
596 4129 777 4176 autem
834 4123 1198 4191 agriculturae,
1252 4133 1309 4179 et
1358 4125 1636 4195 plantandi
1688 4126 1947 4192 olIicium,
1989 4136 2044 4183 et

468 4212 731 4288 operandi
777 4228 1119 4285 quaecunque
1160 4217 1432 4285 pertinent
1476 4219 1541 4273 ad
1579 4219 1694 4288 ipsa
1747 4219 2039 4289 plantaria,

470 4306 679 4369 hortos,
707 4315 763 4361 et
789 4306 1054 4375 pomaria,
1085 4316 1140 4361 et
1164 4309 1217 4363 in
1250 4324 1488 4376 summa,
1521 4311 1588 4365 ad
1621 4311 1802 4367 omnis
1828 4312 2043 4384 generis

468 4397 692 4453 arbores
736 4399 1117 4469 producendas
1155 4409 1208 4455 et
1257 4400 1501 4457 alendas.
1552 4401 1816 4458 Similiter
1859 4414 2039 4459 autem

468 4503 577 4543 non
622 4490 738 4544 sola
788 4506 878 4545 ars
926 4492 1322 4561 pascendarum
1372 4493 1594 4557 ovium,
1629 4495 1723 4549 sed
1772 4505 1828 4550 et
1876 4496 2039 4551 boum

466 4595 847 4653 equorumque
878 4592 933 4637 et
971 4598 1170 4638 canum
1208 4584 1529 4639 alendorum
1576 4591 1629 4641 et
1672 4585 2038 4641 curandarnm

2149 3396 2341 3468 καιρὸν
2374 3394 2944 3466 έπομδρίσαςΛόγον·
2978 3393 3027 3445 οἱ
3055 3391 3244 3463 καιροὶ
3277 3390 3334 3443 δὲ
3377 3389 3467 3441 καὶ
3493 3389 3539 3439 οἱ
3565 3383 3693 3437 τόποι

2147 3490 2195 3541 οἱ
2229 3488 2466 3541 δεκτικοὶ
2523 3486 2621 3550 τὰς
2666 3482 2931 3557 διαφορὰς
2980 3483 3299 3556 ἐγέννησαν.
3351 3479 3550 3543 Ἀλλως
3588 3474 3692 3528 τεὸ

2146 3580 2389 3651 γεωργὸς
2418 3578 2478 3632 οὗ
2502 3578 2709 3649 πυροὺς
2736 3576 2913 3648 μόνον,
2939 3576 3137 3645 (καίτοι
3160 3575 3256 3628 καὶ
3279 3573 3480 3627 τούτων
3509 3569 3691 3629 πλείους

2146 3672 2252 3725 εἰσὶ
2306 3670 2629 3741 διαφοραί·)
2662 3670 2870 3742 σπείρει
2894 3669 2948 3721 δὲ
3002 3668 3094 3722 καὶ
3123 3667 3192 3719 τὰ
3234 3665 3371 3720 ἄλλα
3412 3663 3686 3733 σπέρματα,

2145 3762 2338 3835 κριθάς
2375 3779 2434 3815 τε
2492 3764 2584 3815 καὶ
2613 3763 2884 3832 κυάμους,
2920 3761 3012 3814 καὶ
3043 3760 3220 3816 πίσον.
3263 3759 3357 3811 καὶ
3390 3757 3584 3827 ἄρακα,
3613 3749 3690 3803 καὶ

2144 3853 2214 3907 τὰ
2242 3852 2592 3925 κηπευόμενα
2618 3891 2632 3914 ,
2692 3851 2786 3904 καὶ
2834 3850 2902 3903 τὰ
2945 3847 3238 3903 ἁνθευτικὰ
3283 3845 3574 3916 σπέρματα.
3599 3837 3687 3906 Τῆς

2145 3945 2314 4015 αὐτῆς
2369 3944 2425 3998 δὲ
2483 3943 2755 4016 γεωργίας
2815 3943 2910 3995 καὶ
2964 3940 2997 4008 ἡ
3051 3939 3376 4011 φυτουργία,
3426 3935 3514 3987 καὶ
3549 3927 3686 4000 ἐργά-

2146 4038 2336 4104 ζεσθαι
2369 4039 2469 4091 ὅσα
2512 4037 2592 4099 εἰς
2618 4035 2757 4089 αὑτά
2788 4051 2848 4086 τε
2887 4034 2956 4087 τὰ
2985 4033 3229 4105 φυτώρια
3252 4072 3266 4095 ,
3299 4029 3392 4083 καὶ
3432 4028 3509 4089 εἰς
3538 4038 3684 4093 παρα-

2142 4133 2373 4194 δείσους,
2416 4131 2509 4183 καί
2539 4128 2607 4181 τὰ
2656 4128 2852 4200 ὡραῖα,
2904 4127 2996 4180 καὶ
3024 4126 3159 4189 ὅλως
3191 4122 3455 4178 παντοίων
3486 4116 3682 4186 δένδρων

2146 4223 2307 4294 φύσιν
2361 4222 2453 4275 καὶ
2499 4221 2727 4292 τροφήν.
2768 4217 3041 4282 Ὡσαύτως
3071 4217 3127 4270 δὲ
3167 4216 3269 4288 οὐχ
3338 4216 3369 4285 ἡ
3428 4201 3680 4281 ποιμενικὴ

2148 4317 2306 4390 μόνη.
2334 4314 2477 4368 ἀλλὰ
2517 4315 2613 4368 καὶ
2660 4315 2694 4385 ἡ
2733 4310 3054 4384 βουκολικὴ,
3111 4305 3472 4382 ἱπποτροφική
3516 4317 3567 4353 τε
3604 4295 3679 4350 καὶ

2143 4408 2506 4481 κυνοτροφικὴ
2531 4448 2545 4471 ,
2610 4408 2704 4461 καὶ
2764 4402 3184 4478 μελισσουργικὴ
3208 4445 3225 4470 ,
3279 4402 3457 4471 τέχναι
3503 4394 3675 4447 πᾶσαν

2145 4501 2417 4558 συνελόντι
2440 4500 2486 4554 δ’
2506 4502 2703 4563 εἰπεῖν,
2740 4497 3110 4568 ἀγελοκομική
3144 4513 3205 4549 τε
3257 4495 3348 4548 καὶ
3375 4481 3674 4559 ζωοτροφικὴ

2143 4590 2387 4665 ἀλλήλων
2420 4594 2516 4664 μὲν
2544 4591 2622 4663 τῷ
2653 4591 2852 4663 μᾶλλον
2879 4590 2974 4642 καὶ¹
3010 4584 3173 4661 ἦττον
3197 4586 3523 4657 διαφέρουσι,
3561 4574 3673 4644 πλὴν

467 4687 628 4743 apum
655 4683 799 4731 artes
831 4689 1044 4741 omnes,
1067 4685 1139 4738 et,
1172 4686 1227 4732 ut
1262 4678 1579 4733 summatim
1603 4677 1806 4745 dicam,
1840 4695 1963 4749 qua:
1986 4678 2039 4733 in

2149 4685 2200 4736 αἱ
2232 4686 2402 4738 πᾶσαι
2448 4682 2748 4754 βιωφελείς.
2782 4680 3101 4750 Φιλοσοφίαν
3138 4679 3216 4742 δὲ,
3248 4680 3310 4732 οὐ
3343 4677 3435 4746 τὴν
3465 4668 3670 4738 Στωϊκήν

464 4762 722 4817 curandis
744 4763 995 4833 gregibus
1019 4766 1456 4837 animalibusque
1480 4767 1784 4823 nutriendis
1814 4784 2037 4823 versan-

462 4860 576 4916 tur,
618 4855 758 4909 inter
793 4870 851 4910 se
892 4856 1113 4926 quidem
1168 4859 1466 4914 secundum
1524 4859 1698 4929 magis
1750 4869 1804 4913 et
1854 4861 2037 4915 minus

462 4941 742 5010 differunt,
765 4944 856 5000 sed
882 4957 1010 5001 sunt
1043 4961 1235 5002 omnes
1268 4949 1392 5002 vitm
1415 4949 1595 5004 utiles.
1626 4948 2034 5018 Philosophiam

461 5043 666 5098 autem,
692 5052 799 5090 non
829 5036 952 5092 dico
976 5038 1239 5106 Stoicam,
1274 5056 1373 5096 nec
1402 5040 1759 5104 Platonicam,
1789 5051 1882 5095 aut
1909 5041 2035 5111 Epi-

463 5141 710 5191 cuream,
752 5136 808 5181 et
854 5128 1280 5198 A-ristotelicam,
1320 5134 1412 5187 sed
1459 5148 1797 5203 quaecunque
1838 5133 1906 5187 ab
1954 5134 2037 5189 his

463 5218 627 5272 sectis
659 5229 803 5275 recte
828 5221 973 5276 dicta
1011 5232 1160 5289 sunt,
1203 5240 1325 5294 quae
1362 5225 1556 5279 docent
1599 5225 1871 5294 justitiam
1907 5242 2033 5281 cum

460 5308 549 5379 pia
611 5308 862 5377 scientia,
917 5313 1022 5370 hoc
1071 5322 1242 5370 totum
1298 5317 1579 5381 selectum,
1620 5316 1744 5371 dico
1796 5318 2035 5387 philoso-

2137 4774 2303 4843 λέγω,
2340 4775 2459 4829 οὐδὲ
2500 4774 2597 4845 τὴν
2640 4772 3012 4843 Πλατωνικὴν,
3035 4771 3069 4843 ἢ
3092 4772 3191 4842 τὴν
3228 4762 3573 4837 Ἐπικούρειόν
3603 4775 3667 4819 τε,

2138 4866 2235 4921 καὶ
2280 4865 2741 4937 Ἀριστοτελικήν·
2772 4863 2889 4918 ἀλλ’
2930 4864 3032 4917 ὅσα
3077 4861 3291 4934 εἴρηται
3337 4858 3458 4927 παρ’
3497 4850 3667 4937 ἑκάστῃ

2138 4958 2246 5012 τῶν
2295 4956 2560 5028 αἱρέσεων
2614 4955 2822 5010 τούτων
2895 4954 3077 5018 καλῶς
3102 4995 3117 5019 ,
3178 4948 3507 5017 δικαιοσύνην
3553 4935 3668 5028 tm?

2139 5027 2397 5107 εὐσεϐοῦς
2429 5046 2738 5116 ἐπιστήμης
2777 5044 3180 5107 ὲκδιδάσκοντα,
3221 5042 3374 5096 τοῦτο
3400 5037 3595 5107 σύμπαν
3614 5027 3663 5078 τὸ

2141 5136 2456 5190 ἐκλεκτικὺν
2500 5136 2609 5207 (56)
2648 5136 2969 5206 φιλοσοφίαν
3000 5133 3156 5206 φημί.
3216 5135 3351 5187 Ὅσα
3394 5128 3446 5181 δὲ
3489 5121 3661 5191 ἀνθρω-

2144 5230 2311 5284 πίνων
2340 5229 2614 5301 λογισμῶν
2654 5229 3051 5301 ἀποτεμόμενοι
3095 5220 3484 5299 παρεχάραξαν,
3518 5213 3657 5267 ταῦτα

2140 5318 2237 5372 oin!
2274 5317 2340 5372 ἄν
2383 5333 2511 5370 ποτε
2542 5316 2659 5372 θεῖα
2704 5317 2909 5388 εἴποιμ’
2942 5317 3025 5371 ἄν.
3060 5316 3197 5388 Ἤδη
3225 5315 3280 5368 δὲ
3322 5311 3520 5367 κάκεῖνο
3556 5316 3660 5356 σκῦο

540 5450 598 5509 is
633 5443 694 5501 P.
730 5444 835 5500 558
870 5445 980 5502 ED.
1020 5446 1314 5515 POTTER,
1346 5451 1452 5505 288
1485 5450 1592 5505 EI).
1625 5450 1848 5507 PABIS.
1922 5458 1948 5487 ⁸
1979 5451 2168 5509 Matth.
2200 5470 2295 5507 xm
2317 5492 2331 5515 ,
2364 5453 2528 5508 Marc.
2567 5471 2638 5509 Iv.

533 5561 849 5643 (ξιξ-Ὅσοι
883 5562 963 5643 ’δὲ
1013 5567 1207 5643 καὶῌθ.
1263 5567 1501 5636 Epitome
1538 5586 1660 5643 ιηξ..
1689 5570 1818 5643 ὅσοι-
1848 5570 1903 5623 δὲ
1938 5571 2032 5625 καὶ⁹

460 5633 785 5756 ἓεοὲἵρἦιν
809 5634 1094 5690 ἀείδουσιν.
1122 5640 1220 5691 "Av
1361 5633 1683 5713 πεπνυμένα
1716 5641 2026 5694 ἀείδωσιν...

516 5742 528 5755 .
632 5720 820 5760 ωιιιισ.

533 5793 647 5867 (55)
682 5797 886 5853 Δεινὸν
917 5798 984 5853 δὲ
1010 5799 1447 5867 τὸνηὺδήεντα.
1469 5801 1790 5872 Respexisse
1819 5802 2031 5857 videtur

2141 5570 2358 5626 Homeri
2384 5572 2450 5625 de
2481 5571 2637 5625 (Iirce
2662 5570 2889 5634 dictum,
2918 5569 3109 5640 Odyss.
3134 5572 3185 5625 Κ
3205 5610 3219 5634 ,
3243 5582 3378 5623 vers.
3405 5560 3494 5617 156
3520 5578 3533 5613 :

2244 5664 2429 5730 Κίρκη
2461 5662 2860 5731 ἐϋπλόκαμος,
2888 5660 3054 5729 δεινὴ
3093 5662 3227 5728 θεὸς
3248 5656 3546 5723 αὐδήεσσα.

2244 5732 2394 5786 Circe
2418 5731 2775 5801 pulcltriconta
2800 5735 2939 5787 acris
2959 5735 3055 5785 dea
3088 5733 3299 5786 vocalis.

2211 5825 2322 5894 (313)
2357 5822 2424 5877 Τὸ
2455 5823 2829 5878 ἐκλεκτικῶν.
2862 5823 3061 5880 Probat
3101 5825 3188 5881 hic
3230 5822 3459 5879 Clemens
3485 5818 3637 5869 eorum
