3810 6332
497 324 602 379 735

1634 276 2048 380 ‘CLEMENTIS
2082 321 2555 379 ALEXANDRINI
3569 294 3659 390 mi

492 448 595 505 est,
649 437 703 491 in
756 450 925 507 quam
963 433 1109 490 beati
1156 449 1346 492 omnes
1395 436 1490 507 qui
1531 436 1826 503 intrarunt,
1863 445 1917 492 et
1962 436 2050 493 iter

2164 438 2502 510 Ἐπιστολῇ,‹
2524 435 2667 490 κατὰ
2706 436 2849 505 λέξιν
2880 438 3034 509 φησι,
3084 438 3183 503 τὰς
3214 438 3451 514 διαφορὰς
3489 444 3657 506 ὶκτιθέ.

491 544 651 584 suum
685 528 1002 584 direxerant
1044 526 1098 580 in
1146 527 1391 597 gnostica
1431 529 1738 585 sanctitate.
1779 526 1897 583 Jam
1927 528 2052 583 Cle-

489 634 646 674 mens
684 619 739 672 in
779 617 1021 687 Epistola
1060 619 1130 673 ad
1166 617 1489 685 Corinthios,
1530 620 1617 675 bis
1642 618 1822 674 verbis
1853 618 2051 686 inquit,

486 725 766 781 exponens
794 711 1151 767 differentiam
1200 726 1413 778 eorum,
1455 711 1545 781 qui
1583 715 1717 766 sunt
1753 710 1963 781 probati
1998 710 2054 763 in

2163 544 2320 598 μενος
2348 527 2456 582 τῶν
2486 527 2625 582 κατὰ
2650 528 2747 601 τὴν
2786 528 3110 601 Ἐκκλησίαν
3136 529 3384 600 δοκίμων·
3407 552 3424 584 ι
3444 535 3572 592 Ἠτω
3591 557 3655 607 τις

2159 619 2373 684 πιστός·
2404 620 2518 691 ῆτω
2545 619 2765 683 δυνατός
2788 638 2872 684 τις
2900 618 3099 689 γνῶσιν
3126 618 3350 684 ἐξειπεῖν
3368 640 3380 652 ο
3402 624 3503 696 ῆτω
3533 631 3659 698 σοφὸς

2159 713 2216 764 ὲν
2237 710 2502 781 διακρίσει
2525 710 2698 781 λόγων
2720 711 2832 783 (ΛΞ)
2847 729 2859 742 ·
2892 712 3005 784 ῆτω
3024 711 3219 784 γοργὸς
3242 714 3295 765 ὲν
3325 713 3486 786 ἔργοις
3505 718 3612 788 (45).
3641 742 3656 774 ι

487 799 769 859 Ecclesia:
799 823 819 855 ι
860 802 942 858 Sit
972 804 1172 874 aliquis
1220 805 1414 869 lidelis,
1444 805 1516 859 sit
1559 814 1751 874 potens
1791 804 1844 858 in
1883 803 2203 874 explicanda
2254 805 2580 878 cognitione,
2647 805 2718 861 sit
2775 806 2996 878 sapiens
3055 805 3112 861 in
3142 798 3451 864 discretione
3494 826 3663 869 sermo—

489 916 644 967 num,
672 900 742 956 sit
767 900 1069 972 stupendus
1094 902 1148 956 in
1173 901 1452 973 operibus.
1486 920 1503 952 ι

1909 969 2137 1026 CAPUT
2182 966 2312 1023 Vlll.

698 1067 879 1122 Artem
909 1067 1270 1138 sophisticam,
1308 1067 1543 1139 aliasque
1565 1084 1682 1138 qua:
1705 1068 1760 1121 in
1785 1067 1950 1122 verbis
1981 1076 2192 1121 tantum
2214 1072 2503 1126 versentur,
2540 1078 2642 1117 non
2668 1063 2879 1132 perinde
2906 1063 3062 1119 utiles
3088 1079 3198 1119 esse
3230 1064 3496 1120 habendas.

555 1180 661 1236 Ars
688 1189 867 1236 autem
899 1182 1219 1252 sophistica,
1248 1197 1411 1252 quam
1461 1183 1653 1239 sectati
1695 1192 1825 1239 sunt
1853 1181 2049 1249 Graeci,

2242 1179 2306 1233 Ἦ
2337 1179 2394 1232 δὲ
2424 1178 2708 1250 σοφιστικὴ
2743 1178 2906 1251 τέχνη
2927 1219 2942 1244 ,
2979 1179 3047 1251 ἢν
3079 1178 3409 1251 ἐζηλώκασιν
3439 1181 3664 1253 Ἕλληνες,

488 1280 749 1343 tanquam
783 1290 895 1329 rem
940 1275 1255 1345 praeclaram
1294 1283 1347 1330 et
1382 1276 1566 1345 magni
1610 1274 1938 1340 faciendam,
1971 1283 2050 1331 est

2159 1272 2383 1344 δύναμίς
2414 1273 2528 1346 ἐστι
2572 1271 2928 1342 φανταστικὴ,
2967 1272 3055 1325 διὰ
3097 1270 3268 1341 λόγων
3300 1272 3456 1340 δοξῶν
3482 1276 3668 1346 ἐμποιηο

487 1374 729 1436 potestas
777 1366 1149 1437 imaginativa,
1189 1366 1370 1422 verbis
1401 1365 1568 1422 falsas
1616 1367 1905 1437 opiniones
1933 1376 2055 1422 tan-

487 1472 652 1527 quam
680 1472 836 1512 veras
852 1452 1201 1528 'iugencrans.
1222 1456 1435 1513 Praebet
1457 1459 1601 1513 enim
1627 1459 1693 1513 ad
1725 1458 2054 1529 persuaden-

485 1548 614 1603 dum
645 1551 863 1620 quidem
883 1560 1052 1605 artem
1077 1550 1317 1615 dicendi,
1349 1551 1414 1604 ad
1441 1551 1877 1606 contendendum
1901 1566 2053 1617 vero,

485 1641 731 1712 litigandi
780 1659 845 1699 ac
893 1642 1229 1697 decertandi.
1276 1642 1369 1697 Hae
1415 1652 1597 1697 autem
1645 1652 1812 1708 artes,
1850 1642 1893 1699 si
1926 1659 2052 1699 cum

484 1734 830 1806 philosophia
860 1735 1167 1804 conjuncta:
1193 1752 1300 1791 non
1330 1735 1552 1802 fuerint,
1584 1735 1815 1791 cuilibet
1857 1736 2055 1790 exitia-

485 1824 565 1879 les
605 1835 785 1882 erunt.
834 1827 1033 1897 Aperte
1083 1828 1270 1898 itaque
1313 1827 1467 1882 Plato
1524 1847 1543 1879 ί
1582 1828 1779 1881 malam
1827 1835 1997 1882 artem
2030 1846 2048 1878 ι

412 1917 418 1923 ’
487 1917 778 1988 appellavit
793 1920 1145 1990 sophisticam
1176 1941 1189 1977 :
1218 1929 1272 1975 et
1302 1936 1427 1976 eum
1454 1935 1689 1991 sequens
1714 1919 2055 1986 Aristoteles,

485 2024 606 2064 eam
637 2012 930 2080 quamdam
963 2012 1266 2082 decipiendi
1290 2021 1462 2067 artem
1488 2012 1825 2082 pronuntiat,
1855 2022 1913 2067 ut
1936 2027 2058 2082 qua

484 2102 659 2151 totum
699 2098 978 2167 sapientia:
1012 2099 1247 2155 cilicium
1291 2100 1647 2171 probabiliter
1692 2102 1971 2171 surripiat,
2001 2109 2057 2156 et

483 2187 802 2257 proﬁteatur
839 2192 1181 2261 sapientiam,
1216 2193 1271 2247 in
1299 2209 1405 2263 qua
1439 2208 1547 2247 non
1582 2202 1665 2248 est
1688 2200 1927 2259 versata,
1957 2207 2057 2247 nec

484 2278 541 2334 in
594 2294 659 2334 ea
716 2283 955 2337 studium
1014 2285 1217 2354 posuit.
1275 2283 1345 2339 Ut
1389 2285 1581 2355 paucis
1631 2293 1814 2340 autem
1854 2286 2053 2349 dicam,

483 2373 953 2442 quemadmodum
1014 2377 1149 2432 artis
1187 2376 1409 2447 quidem
1464 2377 1679 2433 dicendi
1729 2378 2054 2457 principium

481 2472 569 2518 est
615 2463 668 2518 id
723 2464 866 2534 quod
913 2467 1216 2536 probabile,
1265 2484 1404 2539 opus
1449 2476 1600 2534 vero,
1645 2478 2048 2540 argumentum,

481 2562 538 2608 et
577 2552 722 2618 linis,
756 2558 1042 2625 persuasio
1075 2577 1088 2612 :
1117 2559 1191 2613 ita
1246 2560 1381 2615 artis
1425 2560 1693 2632 litigandi,
1728 2562 2052 2632 principium

481 2653 584 2711 est,
636 2644 713 2709 id,
752 2648 896 2716 quod
945 2660 1200 2718 apparet;
1247 2667 1384 2721 opus
1432 2668 1582 2717 vero,
1634 2654 1955 2709 contentio:
2003 2666 2057 2710 et

481 2735 629 2801 ﬁnis,
662 2738 911 2793 victoria.
941 2739 1144 2796 Eodem
1182 2744 1327 2797 enim
1370 2744 1534 2800 modo
1569 2745 1883 2816 SOphisticaa
1916 2762 2055 2815 quo-

481 2841 590 2895 que
612 2827 746 2883 artis
773 2829 1101 2899 principium
1136 2833 1356 2902 quidem
1390 2844 1476 2890 est
1505 2835 1580 2902 id,
1610 2835 1756 2906 quod
1795 2846 2049 2908 apparet;

2157 1363 2283 1435 τικὴ
2329 1344 2538 1433 eadem
2583 1363 2658 1427 ὡς
2702 1362 2916 1434 ἀληθῶν
2938 1381 2951 1393 ·
3012 1364 3239 1436 παρέχει
3293 1364 3396 1437 γὰρ
3436 1344 3555 1438 πρδς

2161 1455 2330 1509 πειθὼ
2360 1455 2457 1528 τὴν
2492 1454 2805 1527 ῥητορικὴν,
2840 1455 2976 1527 πρὸς
3018 1456 3078 1509 τὸ
3124 1457 3469 1525 ἀγωνιστικὸν
3511 1458 3559 1512 δὲ
3595 1458 3671 1531 τὴν

2159 1548 2457 1620 ὲριστικήν.
2489 1548 2555 1599 Αἱ
2590 1546 2769 1599 τοίνυν
2802 1546 3006 1618 τέχναι,
3036 1549 3084 1600 εί
3119 1548 3192 1619 μὴ
3243 1548 3375 1619 μετὰ
3410 1550 3673 1621 φιλοσοφίας

2156 1639 2440 1709 γένωνται,
2466 1636 2864 1711 βλασερώτεραι
2890 1638 3050 1691 παντί
3074 1656 3175 1692 που
3202 1635 3309 1693 εἷεν
3331 1625 3673 1713 ἄν.’”Αντικρυς

2156 1730 2265 1802 γὰρ
2316 1726 2408 1784 οὖν
2447 1731 2477 1782 ὁ
2525 1729 2751 1783 Πλάτων
2803 1749 2821 1780 ι
2848 1731 3208 1801 κακοτεχνίαν
3247 1752 3265 1784 ι
3320 1736 3561 1805 προσεῖπε
3598 1734 3675 1805 τὴν

2159 1823 2472 1893 σοφιστικήν
2491 1839 2503 1851 ·
2537 1822 2565 1875 ὅ
2589 1839 2647 1874 τε
2685 1822 3059 1894 Ἀριστοτέλης
3090 1823 3203 1895 (44)
3225 1823 3475 1895 ἑπόμενος
3499 1825 3677 1878 κλεπτι-

2158 1915 2259 1985 κήν
2290 1930 2411 1967 τινα
2444 1911 2611 1983 αὐτὴν
2637 1904 3019 1982 ἀποφαίνεται,
3059 1913 3155 1968 ἆτε
3183 1914 3244 1968 τὸ
3263 1914 3379 1968 ὅλον
3405 1915 3497 1986 τῆς
3523 1916 3677 1986 σοφίας

2156 2007 2314 2079 ἔργον
2366 2005 2605 2069 πιθανῶς
2650 2006 3086 2078 ὑφαιρουμένην,
3127 2008 3222 2061 καὶ
3261 2006 3678 2079 ἐπαγγελλομένην

2159 2100 2367 2169 σοφίαν,
2410 2100 2476 2169 ἢν
2514 2099 2612 2152 οὐκ
2654 2098 3001 2172 ὲμελέτησεν.
3061 2100 3147 2152 Ἐν
3195 2100 3383 2172 βραχεῖ
3420 2100 3473 2153 δὲ
3519 2102 3679 2165 είπεῖν,

2158 2192 2404 2263 καθάπερ
2437 2192 2534 2262 τῆς
2564 2192 2858 2264 ῥητορικῆς
2886 2191 3027 2264 ἁρχὴ
3059 2192 3157 2263 μὲν
3188 2193 3251 2246 τὸ
3282 2191 3515 2257 πιθανὸν,
3553 2192 3679 2273 ἔργον

2157 2286 2213 2341 δὲ
2238 2285 2298 2339 τὸ
2323 2285 2655 2356 ἐπιχείρημα
2680 2283 2813 2354 (45),
2843 2284 2937 2336 κα).
2963 2282 3115 2347 τέλος
3153 2285 3188 2354 ἡ
3217 2283 3429 2337 πειθὼ·“
3458 2283 3584 2336 οὓτω
3606 2284 3681 2356 τῆς

2157 2378 2437 2453 ἐριστικῆς
2463 2378 2605 2450 ἀρχὴ
2634 2377 2732 2448 μὲν
2758 2377 2821 2431 τὺ
2845 2376 3003 2442 δόξαν
3019 2417 3034 2440 ,
3057 2376 3217 2449 ἔργον
3242 2377 3300 2431 δὲ
3324 2376 3383 2429 τὸ
3407 2375 3679 2447 ἀγώνισμα,

2157 2472 2251 2524 καὶ
2300 2470 2450 2534 τέλος
2504 2469 2714 2542 ἠνίκη.
2770 2469 2874 2522 Τὸν
2906 2469 3066 2522 αὐτὸν
3094 2469 3204 2541 γὰρ
3251 2470 3447 2541 τρόπον
3491 2468 3682 2539 καὶτῆς

2159 2562 2477 2633 σοφιστικῆς
2512 2560 2653 2633 ἀρχὴ
2687 2561 2784 2632 μὲν
2806 2561 2867 2615 τὸ
2888 2561 3234 2632 φαινόμενον,
3258 2561 3412 2633 ἔργον
3432 2560 3491 2614 δὲ
3511 2560 3679 2637 διττόνς

2156 2655 2217 2707 τὺ
2247 2655 2343 2725 μὲν
2384 2656 2447 2708 ὲκ
2483 2654 2799 2726 ῥητορικῆς,
2828 2652 3121 2719 διεξοδικὸν
3156 2654 3474 2724 φαινόμενον
3503 2652 3617 2723 (46),
3638 2650 3686 2706 τὸ

2155 2747 2212 2800 δὲ
2259 2748 2324 2799 ὲκ
2361 2744 2727 2815 διαλεκτικῆς,
2774 2746 3133 2817 ὲρωτητικόν·
3188 2746 3342 2810 τέλος
3386 2746 3439 2800 δὲ
3490 2744 3684 2814 αὐτῆςή

2157 2836 2432 2908 ἔκπληξις.
2460 2838 2533 2890 ’Ἡ
2562 2855 2620 2889 τε
2650 2833 2717 2891 αὖ
2753 2835 3121 2909 θρυλλουμένη
3159 2837 3304 2892 κατὰ
3334 2835 3432 2899 τὰς
3448 2832 3686 2907 διατριϐὰς

481 2930 621 2985 opus
651 2933 780 2972 vero
815 2920 1032 2990 duplex,
1062 2939 1228 2978 unum
1255 2925 1473 2994 quidem
1495 2941 1561 2981 ex
1585 2927 1878 2995 rhetorica,
1904 2928 2047 2998 quod

2159 2928 2462 3000 διαλεκτικὴ
2511 2928 2810 3000 γύμνασμα
2869 2929 3158 3001 φιλοσόφου
3218 2930 3344 3002 περὶ
3390 2928 3450 2981 τὸ
3516 2926 3686 2992 ἔνδοξον

480 3017 741 3078 perpetua
790 3011 1034 3067 oratione
1067 3029 1179 3068 rem
1211 3018 1556 3085 persequitur
1585 3034 1600 3084 ;
1649 3018 1884 3073 alterum
1922 3034 2050 3074 vero

479 3111 548 3152 ex
579 3098 877 3164 dialectica,
914 3100 1293 3174 interrogans;
1323 3105 1443 3175 ejus
1473 3121 1604 3160 vero
1630 3107 1756 3162 linis
1778 3121 1861 3163 est
1884 3109 2053 3163 admi-

479 3188 646 3244 ratio.
679 3189 746 3244 Et
773 3208 895 3262 qua:
929 3210 1123 3250 rursus
1156 3196 1210 3250 in
1250 3197 1456 3252 scholis
1490 3198 1653 3270 vulgo
1678 3199 1917 3269 jactatur
1940 3200 2052 3255 dia—

479 3280 696 3348 lectica,
727 3294 809 3339 est
853 3286 1165 3357 philosophi
1209 3289 1526 3344 exercitatio
1577 3291 1633 3345 in
1679 3306 1767 3356 eo,
1789 3292 1935 3362 quod
1964 3301 2050 3347 est

480 3372 772 3443 opinabile,
832 3377 1239 3433 contradicendi
1287 3378 1565 3435 facultatis
1611 3383 1805 3452 gratia.
1862 3381 1918 3436 ιιι
1965 3383 2051 3439 his

479 3473 662 3520 autem
702 3484 971 3537 nusquam
1019 3456 1351 3526 est'veritas.
1397 3472 1586 3529 Merito
1620 3490 1749 3546 ergo
1798 3475 2051 3547 egregius

478 3557 774 3626 Apostolus
809 3574 1242 3630 supervacaneas
1274 3565 1391 3630 has,
1423 3582 1545 3636 quae
1568 3567 1624 3620 in
1659 3567 1884 3622 vocibus
1921 3581 2053 3622 con-

481 3648 705 3715 sistunt,
738 3660 884 3706 artes
925 3652 1286 3723 vilipendeus,
1322 3674 1340 3707 ι
1372 3656 1430 3710 Si
1462 3658 1587 3727 quis
1619 3671 1726 3711 non
1764 3658 1993 3720 accedit,
2026 3676 2044 3709 ι

482 3739 681 3810 inquit,
706 3761 726 3792 ι
749 3743 814 3797 ad
832 3758 997 3798 sanos
1012 3753 1380 3814 sermones,>B
1401 3748 1645 3802 doctrina
1664 3756 1848 3803 autem
1866 3748 2049 3818 aliqua

478 3844 565 3888 est
587 3832 826 3901 inﬂatus,
843 3836 977 3889 nihil
995 3837 1196 3904 sciens,
1218 3838 1311 3892 sed
1340 3839 1596 3895 laborans
1619 3840 1764 3896 circa
1795 3841 2052 3911 quaestio-

478 3941 578 3981 nes
611 3936 664 3981 et
708 3944 918 3999 pugnas
956 3929 1113 4007 125
1167 3932 1481 3999 verborum,
1511 3948 1577 3987 ex
1619 3935 1820 4004 quibus
1851 3934 1909 3988 lit
1960 3935 2048 4002 lis,

482 4017 709 4085 invidia,
761 4021 1132 4086 maledictum,
1169 4023 1511 4093 suspiciones
1554 4026 1728 4088 malae,
1766 4034 2050 4080 concerta-

482 4107 660 4164 tiones
690 4110 970 4165 hnminum
995 4121 1175 4167 mente
1204 4123 1607 4184 corruptorum,
1638 4124 1692 4170 et
1711 4114 2048 4185 privatorum

479 4202 710 4256 veritate
735 4214 784 4256 ι.
818 4221 836 4254 ι
877 4202 1042 4259 Vides
1081 4192 1363 4274 quo'modo
1409 4206 1463 4260 in
1506 4222 1601 4261 eos
1651 4207 1897 4262 invectus
1953 4207 2045 4275 sit,

2151 3025 2457 3085 δείκνυται,
2509 3022 2851 3094 ἀντιλογικῆς
2896 3022 3082 3076 ἕνεκεν
3135 3021 3437 3093 δυνάμεως.
3473 3015 3686 3088 Οὑδαμοῦ

2150 3114 2195 3167 δ’
2216 3116 2273 3167 ὲν
2299 3112 2508 3177 τούτοις
2528 3114 2560 3183 ἡ
2583 3112 3071 3184 ἁλήθεια.Είκότως
3090 3111 3272 3165 τοίνυν
3296 3115 3325 3166 ό
3341 3112 3570 3180 γενναῖος
3581 3107 3689 3161 ἁπόο

2153 3205 2353 3268 στολος,
2382 3203 2722 3274 ἐκφαυλίζων
2754 3203 2852 3267 τὰς
2879 3203 3136 3274 περιττὰς
3169 3202 3378 3266 ταύτας
3402 3200 3503 3254 τῶν
3526 3198 3687 3266 λέξεων

2150 3297 2363 3367 τέχνας,
2399 3315 2417 3347 ι
2443 3295 2510 3348 Εἰ
2532 3313 2614 3358 τις
2645 3295 2718 3370 μῂ
2747 3295 3106 3367 προσέρχεται
3140 3295 3443 3363 ὑγιαίνουσι
3471 3293 3643 3361 λόγοις,
3667 3309 3682 3339 ι

2153 3390 2304 3460 φησὶ,
2336 3408 2354 3439 ι
2384 3387 2700 3459 διδασκαλίᾳ
2735 3386 2791 3440 δέ
2822 3404 2927 3439 τινι
2952 3385 3283 3454 τετύφωται,
3320 3382 3689 3457 μηδὲν,ὲπιστά-

2155 3495 2342 3550 μενος,
2378 3476 2513 3531 ἀλλὰ
2541 3477 2711 3529 νοσῶν
2760 3478 2890 3547 περὶ
2935 3474 3191 3548 ζητήσεις
3226 3477 3322 3530 καὶ
3366 3474 3687 3546 λογομαχίας,

2151 3565 2317 3642 eam
2353 3571 2562 3639 γίνεται
2601 3570 2717 3640 ἔρις
2739 3609 2753 3632 ,
2817 3568 3042 3638 φθόνος,
3096 3566 3414 3639 βλασφημία
3436 3607 3450 3631 ,
3483 3565 3689 3618 ὑπόνοιαι

2152 3664 2404 3735 πονηραὶ,
2421 3659 2844 3733 διαπαρατριϐαὶ
2866 3660 2976 3729 (47)
2996 3659 3406 3731 διεφθαρμένων
3427 3655 3689 3729 ἀνθ

2148 3754 2238 3808 τὸν
2263 3752 2408 3817 νοῦν,
2433 3753 2529 3807 καὶ
2567 3751 3023 3823 ἀπεστερημένων
3056 3751 3155 3822 τῆς
3200 3750 3476 3822 ἀληθείας.
3504 3768 3520 3801 ι
3558 3746 3689 3818 Ὁρᾷς

2149 3847 2296 3911 ὅπως
2322 3847 2457 3919 πρὸς
2490 3847 2684 3910 αὐτοὺς
2708 3845 3011 3915 κεκίνηται,
3041 3862 3060 3894 ι
3092 3844 3250 3897 νόσον
3277 3840 3588 3914 »ὀνομάζων
3610 3838 3690 3906 τὴν

2148 3936 2370 4008 λογικὴν
2413 3937 2606 4009 τέχνην
2652 3935 2853 3999 αὐτῶν,
2881 3935 2964 4004 ἐφ’
3075 3935 3452 4005 σεμνύνονται,
3486 3927 3561 3995 οἷς
3586 3928 3690 3999 φίλη

2147 4031 2180 4100 ὴ
2226 4028 2503 4098 στωμύλος
2546 4028 2681 4101 αὕτη
2721 4029 3083 4098 κακοτεχνία,
3128 4027 3242 4080 εἴτε
3293 4027 3543 4098 ’Έλληνες
3581 4018 3690 4081 εἷεν,

2149 4117 2258 4171 εἴτε
2286 4118 2378 4172 καὶ
2400 4118 2661 4191 βάρϐαροι
2685 4119 2955 4188 σοφισταί.
2979 4116 3287 4187 Παγκὰλως
3305 4113 3399 4171 οὖν
3422 4117 3449 4168 ὁ
3469 4108 3692 4187 τραγικὸς

2150 4211 2446 4282 Εὐριπίδης
2474 4213 2531 4264 ἐν
2563 4213 2682 4273 ταῖς
2733 4212 3084 4271 Φοινίσσαις
3134 4208 3285 4279 λέγει
3305 4226 3319 4239 ⁸

478 4297 710 4368 logicatn
773 4311 963 4353 eorum
1016 4309 1188 4352 artem
1257 4317 1275 4349 ι
1326 4299 1576 4353 morbum
1628 4317 1646 4350 ι
1717 4298 2034 4369 appellans,
2076 4311 2295 4373 propter
2334 4317 2496 4371 quam
2566 4318 2625 4356 se
2681 4302 2933 4368 eﬂ‘e’runt,
2971 4301 3172 4371 quibus
3201 4300 3354 4356 cordi
3387 4310 3468 4355 est
3494 4300 3598 4353 hzec
3621 4309 3694 4350 ars

478 4392 698 4461 garrula
746 4400 801 4447 et
841 4392 1108 4462 improba,
1160 4393 1275 4448 sive
1326 4393 1436 4449 sint
1482 4392 1677 4461 Graeci,
1725 4395 1840 4451 sive
1885 4395 2048 4450 etiam
2090 4395 2309 4451 barbari
2346 4396 2621 4467 sophistae.
2691 4396 3065 4453 Pulcherrime
3132 4413 3267 4468 ergo
3320 4396 3450 4452 dicit
3489 4395 3695 4465 tragicus

478 4480 766 4552 Euripides
798 4484 851 4537 in
877 4483 1166 4539 Phoenissis
1190 4501 1210 4538 :

688 4577 881 4650 Iniqua
905 4597 1021 4634 vero
1046 4583 1240 4639 oratio.

696 4649 759 4704 In
791 4649 844 4704 δε
864 4668 1026 4721 (egra,
1051 4652 1352 4720 pltamtacis
1380 4662 1489 4724 eget
1521 4654 1870 4724 sapientibus.

550 4773 609 4831 iis
646 4766 709 4822 P.
744 4768 850 4822 340
881 4767 991 4825 ΕΙ).
1026 4767 1322 4837 POTTER,
1355 4771 1462 4827 290
1490 4770 1601 4827 El).
1644 4769 1869 4825 PARIS.

546 4882 797 4958 (δελ-Ἐν
829 4881 1121 4958 διακρίσει
1143 4884 1365 4958 ..ρόγωιιπ
1411 4886 1500 4940 Ἐν
1533 4885 1718 4958 δικαίᾳ
1748 4885 1926 4958 κρίσει
1960 4884 2047 4938 λό-

513 4971 588 5007 ων
638 4952 890 5008 Clemens
938 4953 1094 5009 Rom.
1142 4952 1335 5007 Verum
1388 4972 1512 5010 cum
1566 4952 1817 5011 Clemens
1862 4966 2049 5009 noster

521 5036 676 5078 trum.
710 5040 784 5082 γι.
812 5039 931 5093 pag.
966 5023 1090 5088 647,
1115 5024 1660 5096 διακρίσειίιθριίιιοοι,
1693 5028 1778 5080 vix
1809 5026 2046 5079 dubitari

532 5103 675 5158 itest,
698 5096 829 5163 quin
854 5112 916 5147 ea
941 5111 1063 5147 vera
1092 5095 1254 5149 lectio,
1275 5095 1496 5162 sit.Quo
1526 5097 1655 5150 lauit
1684 5098 1868 5160 etiam,
1899 5100 2046 5164 quod

532 5111 675 5158 iteSt,
698 5111 829 5163 quin
854 5112 916 5147 ea
941 5111 1063 5147 vera
1092 5111 1246 5149 lt'Cth
1275 5111 1496 5162 snt.uuo
1526 5111 1655 5150 lactt
1684 5111 1868 5160 etiam,
1899 5111 2046 5164 quou

473 5111 744 5235 δῖακρίσει
769 5166 908 5233 apud
948 5166 1009 5221 S.
1037 5164 1264 5219 Paulum
1307 5178 1502 5232 exstet,
1539 5167 1697 5235 cujus
1721 5166 1892 5237 Epist.
1927 5166 1946 5219 l
1978 5165 2046 5219 ad

475 5236 728 5289 Corinth.
752 5251 848 5300 xu,
874 5236 929 5297 8,
960 5239 1014 5301 9,
1060 5234 1146 5298 10,
1195 5251 1305 5305 [me
1335 5238 1509 5292 oculis
1543 5237 1798 5293 habuisse
1836 5237 2049 5290 videtur

476 5307 750 5363 Clemens.
777 5306 905 5358 dum
937 5307 1050 5361 lucc
1075 5306 1356 5360 scriberet.

547 5375 660 5445 (45)
694 5375 842 5446 Ἤξω
868 5376 1075 5444 γοργὸς
1094 5376 1164 5428 ἐν·
1189 5375 1400 5446 ἔργοις.
1425 5377 1575 5429 Ἤτω
1594 5377 1755 5445 ἁγνὸς
1781 5380 1837 5431 ὲν
1864 5375 2044 5446 ἔργοις

475 5443 726 5515 Clemens
752 5443 913 5499 Boni.
952 5446 1055 5501 Sed
1091 5443 1271 5501 noster
1304 5445 1501 5500 Strom.
1533 5463 1583 5500 vt
1618 5443 1813 5501 :"Hrw
1848 5443 2045 5515 γοργὸς

476 5517 532 5589 εν
575 5514 777 5589 ἔργοις,
804 5515 918 5589 ῆτω
957 5516 1140 5584 ἁγνός.
1187 5522 1318 5583 Quae
1366 5517 1562 5580 lectio,
1610 5527 1666 5571 ut
1697 5514 1935 5587 plenior,
1967 5517 2046 5570 sic

478 5586 708 5641 fortasse
737 5587 916 5639 verior
940 5596 1042 5641 est.

548 5657 660 5723 (Id)
692 5656 754 5707 "0
780 5672 840 5709 τε
883 5656 1093 5727 Ἀριστ,
1127 5655 1305 5711 Malim
1333 5651 1378 5725 ᾧ
1406 5674 1462 5709 τε
1511 5657 1711 5727 Ἀριστ.

550 5726 662 5796 (45)
697 5728 907 5797 Ἔργον
933 5725 1011 5798 ,δὲ
1040 5726 1105 5780 τὸ
1136 5728 1505 5797 ἐπιχείρημα.
1541 5748 1557 5778 ι
1577 5725 1745 5798 Ὀριιδ
1769 5742 1895 5781 vero
1927 5726 2046 5795 epi—

2556 4580 2611 4633 Ὀ
2641 4579 2693 4633 δ’
2721 4579 2926 4645 ἄδικος
2946 4578 3063 4649 (48)
3097 4580 3302 4649 λόγος,

2225 4648 2439 4705 Νοσῶν
2461 4651 2532 4703 ἐν
2553 4649 2731 4717 αὐτῷ,
2756 4648 3079 4720 φαρμάκων
3106 4648 3293 4703 δεῖται
3319 4648 3542 4720 σοφῶν.

1950 4782 1973 4810 ⁸
2004 4770 2018 4824 l
2057 4768 2199 4824 Tim.
2234 4784 2307 4832 Vl,
2340 4768 2395 4831 3,
2426 4767 2481 4834 4,
2512 4766 2564 4821 5.

2151 4882 2425 4936 cherema.
2462 4900 2481 4933 ›
2508 4880 2662 4946 Quod
2694 4881 2760 4935 ad
2806 4882 3076 4936 rhetorem
3110 4880 3391 4950 quomodo
3437 4877 3691 4950 pertineat,

2150 4952 2302 5007 disce
2328 4967 2391 5005 ex
2424 4950 2593 5006 Fabio
2617 4952 2713 5006 lib.
2742 4966 2935 5021 v,rcap.
2962 4951 3049 5006 l0.
3080 4953 3355 5006 Couscr.

2221 5020 2333 5092 (46)
2363 5022 2745 5090 Φαινόμενον.
2779 5020 2905 5075 Haec
2941 5037 3043 5075 vox
3075 5036 3104 5075 e
3136 5021 3468 5092 praecedenti
3507 5025 3692 5092 senten-

2221 5038 2333 5092 (οο)
2363 5038 2745 5090 φαινομενον.
2779 5038 2905 5075 mec
2941 5038 3043 5075 vox
3075 5038 3104 5075 e
3180 5038 3468 5076 raeceuenu
3507 5038 3690 5072 senten-

2150 5091 2238 5145 tiae
2264 5093 2508 5147 membro
2544 5093 2831 5160 irrepsisse
2856 5091 3086 5146 videtur.
3122 5038 3255 5157 ἇυω
3286 5106 3403 5160 seq.
3429 5089 3539 5145 exi
3568 5084 3690 5140 Tim.

2151 5177 2237 5232 vi,
2257 5159 2344 5232 διὰ
2380 5164 2601 5232 μνήμης
2630 5159 2875 5232 recitavit
2904 5173 3115 5216 auctor.

2220 5231 2332 5300 (47)
2361 5228 2832 5303 Διαέἰαρατριϐαί.
2866 5228 3319 5303 Παραδιατριὸαί,
3344 5228 3364 5281 1
3388 5228 3528 5303 Tim.
3555 5242 3619 5287 tu,
3644 5230 3692 5303 ut

2151 5292 2521 5374 signiﬁcentur
2544 5292 2840 5374 διατριϐαί,
2863 5292 2984 5373 ειυώ
3005 5292 3158 5374 παρᾶ
3181 5318 3241 5353 τε
3269 5292 3588 5370 τδνέκαιρὸν,
3616 5292 3694 5348 καὶ

2150 5370 2299 5442 παρὰ
2324 5372 2385 5424 τὸ
2415 5371 2552 5442 δέον.
2590 5370 2852 5442 Sisenna.

2222 5435 2335 5512 (48)
2352 5443 2405 5495 Ὁ
2417 5441 2572 5514 (Sirio.
2585 5441 2625 5494 ιι
2633 5445 2851 5514 iversus
2865 5450 3162 5514 occurrunt
3181 5442 3243 5514 in_
3258 5437 3533 5514 Euripidis
3559 5435 3691 5514 Plut;-

2151 5510 2280 5565 niss.
2336 5527 2388 5565 ν.
2422 5511 2527 5565 474
2555 5520 2608 5566 et
2638 5512 2766 5578 475,
2803 5530 2833 5583 e
2854 5528 2964 5582 quo
2989 5528 3084 5583 pro
3105 5511 3255 5583 αυτῷ
3279 5510 3620 5583 scribendum
3646 5510 3691 5583 in

2150 5596 2317 5665 versu
2369 5585 2668 5665 posteriore
2699 5575 2925 5665 adripff
2957 5575 3034 5637 se.
3070 5601 3089 5632 ι
3134 5575 3413 5665 Ιιιιόιὶειρι
3448 5577 3613 5665 schol.

2152 5647 2542 5723 ἑαυτῷκακῶς
2589 5653 2748 5723 ἔχων.
2794 5647 2993 5723 Eadem
3047 5651 3331 5723 correctio
3368 5647 3602 5723 facienda
3642 5647 3692 5723 in

2156 5719 2485 5846 “eamea
2563 5719 2726 5778 ser-tu.
2788 5724 2812 5778 1
2862 5722 2937 5777 De
2972 5723 3218 5777 curandis
3287 5719 3458 5775 Graec.
3507 5721 3690 5783 cnect,

2157 5807 2278 5846 una.
2414 5832 2428 5846 .

2157 5807 2428 5863 pag.ata.
