3878 6332
481 341 584 397 ἨΞ

1648 334 2040 395 CLEMENTIS
2080 331 2551 390 ALEXANDRINI
3596 337 3687 397 τη

477 465 647 510 metu.
688 453 827 515 Num
873 455 1037 511 etiam
1086 455 1179 525 qui
1225 459 1496 509 vocantur
1559 452 1877 519 orthodoxi,
1911 451 2049 506 bona

2155 446 2212 499 δὲ
2258 446 2350 499 καὶ
2393 446 2441 498 οἱ
2479 442 2866 517 όρθοδοξασταὶ
2905 441 3231 514 καλούμενοι
3271 440 3443 514 ἔργοις
3476 446 3690 516 προσφέ-

477 563 641 618 opera
673 549 1084 621 aggrediuntur,
1118 546 1425 602 nescientes
1468 559 1591 615 qua:
1628 543 1879 600 faciunt?

2073 616 2081 623 ο
2162 556 2342 613 ρονται
2371 537 2576 601 καλοῖς,
2608 538 2707 590 οὐκ
2734 536 2934 599 εἰδότες
2953 536 2988 591 ἃ
3020 534 3298 593 ποιοῦσινε

1931 699 2162 758 CAPUT
2199 700 2238 753 Χ
2251 741 2265 754 .

1126 823 1383 894 Hajorem
1407 823 1531 877 bene
1563 822 1815 891 faciendi,
1845 839 2003 893 quam
2048 820 2173 876 bene
2221 819 2456 881 dicendi,
2501 835 2685 871 curam
2716 834 2826 872 esse
2850 815 3160 871 habendam.

546 941 839 1013 Propterea
868 953 1001 1010 ergo
1030 935 1315 1003 Servatur,
1346 952 1470 992 cum
1492 951 1688 1006 panem
1720 936 2051 1006 accepisset,

477 1030 711 1102 primum
763 1028 984 1083 locutus
1016 1035 1120 1093 est,
1151 1035 1205 1080 et
1236 1025 1348 1096 egit
1385 1025 1621 1095 gratias;
1666 1025 1883 1092 deinde,
1927 1041 2052 1080 cum

475 1137 667 1194 panem
686 1119 955 1190 fregisset,
979 1118 1254 1188 apposuit,
1277 1126 1337 1172 ut
1358 1118 1711 1174 comedamus
1730 1134 1796 1174 ex
1820 1119 2051 1185 ratione,

475 1222 681 1269 etcum
719 1210 1031 1281 Scripturas
1070 1209 1484 1283 agnoverimus,
1501 1209 1674 1262 vitam
1699 1210 2052 1264 instituamus

475 1320 572 1375 per
605 1302 989 1359 obedientiam.
1036 1299 1508 1366 Quemadmodum
1561 1308 1744 1354 autem
1784 1301 1878 1370 qui
1907 1298 2049 1354 mala

477 1404 706 1450 utuntur
752 1393 1019 1457 oratione,
1076 1390 1214 1445 nihil
1247 1390 1503 1445 diﬁ‘erunt
1540 1391 1609 1445 ab
1651 1390 1720 1446 iis
1761 1392 1855 1461 qui
1907 1392 2051 1445 malo

475 1485 621 1541 facto
650 1494 878 1540 utuntur
908 1464 1205 1552 (calumnia
1236 1482 1382 1537 enim
1416 1491 1500 1536 est
1547 1481 1794 1536 ministra
1845 1481 2047 1553 gladii,

474 1586 531 1632 et
561 1577 716 1632 aﬁ'ert
756 1576 1001 1630 dolorem
1038 1571 1422 1635 maledictum,
1456 1586 1523 1626 ex
1567 1571 1769 1641 quibus
1817 1581 1900 1627 est
1929 1572 2051 1626 vitae

473 1669 727 1725 eversio:
766 1669 881 1722 haec
936 1674 1117 1720 autem
1186 1663 1391 1719 fuerint
1434 1678 1597 1734 opera
1637 1664 1897 1734 improbae
1928 1680 2051 1718 ora-

477 1762 701 1831 tionis);
728 1761 804 1814 ita
833 1759 996 1813 etiam
1031 1757 1125 1828 qui
1160 1756 1300 1811 bona
1336 1764 1565 1810 utuntur
1592 1756 1860 1823 oratione,
1884 1771 2052 1827 prope

433 1868 439 1878 '
476 1862 743 1909 accedunt
773 1852 839 1907 ad
872 1865 967 1905 eos
1001 1850 1095 1920 qui
1148 1850 1309 1904 bonis
1340 1848 1500 1904 factis
1545 1858 1793 1904 utuntur.
1822 1847 2053 1905 Recreat

475 1948 659 2016 itaque
700 1945 939 1998 animam
991 1944 1203 2008 oratio,
1235 1953 1288 1998 et
1314 1944 1561 1998 hortatur
1588 1942 1655 1998 ad
1687 1943 2048 1997 honestatem.

474 2040 673 2093 Beatus
699 2046 781 2092 est
816 2045 1020 2100 autem,
1051 2035 1144 2105 qui
1174 2044 1405 2104 utraque
1438 2050 1603 2089 manu
1638 2035 1833 2088 utitur.
1863 2032 2052 2105 Neque

472 2146 602 2199 ergo
636 2131 730 2200 qui
772 2129 908 2183 bene
938 2136 1116 2197 potest
1163 2125 1365 2193 facere,
1411 2136 1494 2182 est
1534 2127 1842 2181 maledictis
1872 2126 2052 2182 inces-

474 2224 676 2279 sendus
700 2222 768 2277 ab
793 2237 859 2276 eo
888 2221 982 2291 qui
1016 2220 1149 2274 bene
1204 2227 1382 2289 potest
1414 2218 1624 2284 dicere,
1651 2233 1827 2288 neque
1852 2226 1936 2272 est
1969 2216 2051 2271 vi-

479 2314 814 2386 tuperandus
838 2314 932 2383 qui
949 2313 1085 2366 bene
1109 2320 1283 2381 potest
1306 2310 1506 2376 dicere,
1526 2310 1596 2364 ab
1617 2325 1683 2364 eo
1721 2310 1816 2379 qui
1833 2310 1964 2364 bene
1980 2307 2052 2363 fa-

476 2423 602 2464 cere
619 2414 819 2478 potest.
838 2405 1027 2459 Faciat
1050 2412 1231 2458 autem
1265 2411 1496 2472 uterque
1512 2402 1564 2457 id
1594 2402 1661 2457 ad
1684 2401 1828 2473 quod
1856 2411 2049 2456 natura

473 2511 559 2556 est
584 2511 764 2569 aptus.
804 2497 959 2565 Quod
1006 2507 1187 2552 autem
1224 2497 1361 2551 alter
1389 2494 1592 2551 factum
1642 2494 1915 2561 ostendit,
1945 2494 2052 2548 hoc

408 2662 413 2665 _
475 2592 612 2646 alter
646 2588 909 2659 loquitur,
935 2586 1306 2643 beneﬁcentiae
1331 2584 1499 2640 veluti
1527 2585 1669 2639 viam
1696 2600 2013 2655 praeparans
2032 2623 2048 2650 ,

484 2690 540 2737 et
566 2680 843 2736 deducens
866 2679 1176 2743 auditores,
1205 2687 1267 2733 ut.
1286 2678 1422 2732 bene
1444 2686 1757 2748 operentur.
1780 2675 1877 2732 Est
1903 2675 2050 2732 enim

474 2775 638 2829 etiam
684 2771 942 2829 salutaris
1000 2771 1178 2825 oratio
1199 2812 1214 2837 ,
1244 2770 1389 2824 sicut
1416 2783 1555 2839 opus
1581 2769 1839 2824 salutare.
1872 2768 2052 2839 Atque

404 2891 417 2907 ν
473 2868 680 2940 iustitia
712 2866 931 2937 quidem
963 2876 1108 2920 certe
1138 2879 1248 2918 non
1272 2862 1526 2919 consistit
1548 2862 1756 2932 absque
1779 2860 2047 2917 oratione.

2225 933 2322 987 Διά
2379 931 2536 985 τοῦτο
2586 927 2680 986 οὖν
2722 934 2752 985 6
2796 932 3022 1003 Σωτὴρ,
3058 931 3221 1003 ἄρτον
3261 930 3439 986 λαϐὼν
3463 967 3480 995 ,
3509 935 3696 1005 πρῶτον

2153 1022 2414 1094 ἐλάλησεν
2452 1022 2545 1075 καὶ
2590 1020 2986 1094 εὐχαρίστησεν
3010 1037 3025 1050 ·
3073 1012 3192 1073 εἷτα
3225 1020 3432 1087 κλάσας
3450 1023 3534 1077 τὸν
3561 1027 3697 1098 ἄρτον

2152 1112 2458 1186 προέθηκεν
2500 1113 2633 1185 (75),
2671 1114 2759 1167 ἵνα
2807 1112 2872 1184 δὴ
2905 1112 3166 1183 φάγωμεν
3196 1112 3464 1182 λογικῶς,
3496 1118 3584 1170 καὶ
3618 1118 3698 1184 τὰς

2152 1204 2374 1275 Γραφὰς
2425 1204 2772 1272 ἐπιγνόντες,
2807 1194 3261 1275 πολιτευσώμεθα
3308 1204 3430 1258 καθ’
3463 1208 3693 1280 ὑπακοήν.

2152 1297 2419 1368 Καθάπερ
2477 1296 2533 1349 δὲ
2587 1298 2635 1349 οἱ
2689 1295 2831 1366 λόγῳ
2857 1294 3126 1368 χρώμενοι
3156 1296 3382 1369 πονηρῷ
3404 1337 3420 1362 ,
3442 1299 3581 1351 οὐδὲν
3612 1301 3699 1354 τῶν

2156 1390 2303 1461 ἔργῳ
2335 1391 2632 1462 χρωμένων
2677 1389 2899 1460 πονηρῷ
2948 1389 3320 1463 διαφέρουσινο
3371 1394 3403 1463 ή
3466 1393 3568 1463 γὰρ
3603 1393 3697 1449 δισ-

2157 1482 2286 1554 6ολὴ
2312 1481 2495 1551 ξίφους
2525 1481 2786 1548 διάκονος,
2824 1481 2916 1535 καὶ
2948 1481 3123 1553 λύπην
3156 1486 3380 1554 ἐμποιεῖ
3400 1483 3697 1556 βλασφημία·

2156 1573 2216 1640 ἐξ
2248 1567 2322 1626 ὧν
2354 1575 2412 1627 αἱ
2456 1573 2549 1627 τοῦ
2578 1572 2693 1643 βίου
2722 1574 3023 1645 ἀνατροπαί
3045 1592 3058 1603 ·
3105 1573 3245 1647 ἔργα
3261 1575 3354 1629 τοῦ
3387 1577 3608 1649 πονηροῦ
3633 1579 3701 1632 λό-

2157 1682 2255 1734 γου
2275 1660 2386 1719 εἶεν
2417 1665 2483 1718 ἂν
2503 1662 2676 1719 ταῦτα
2695 1681 2708 1695 ·
2737 1665 2878 1718 οὕτω
2895 1668 3055 1720 καὶοὶ
3072 1664 3223 1738 λόγῳ
3239 1668 3432 1740 ἁγαθῷ
3465 1672 3702 1743 κεχρημέ.

2085 1798 2127 1857 Β
2159 1776 2239 1811 νοι
2272 1757 2651 1826 συνεγγίζουσι
2691 1761 2803 1822 τοῖς
2838 1758 2906 1812 τὰ
2938 1759 3080 1814 καλὰ
3124 1760 3234 1813 τῶν
3265 1760 3442 1834 ἔργων
3464 1763 3701 1818 ἐπιτελοῦ-

2156 1869 2258 1906 σιν.
2296 1852 2619 1906 Ἀνακτόῑται
2648 1852 2777 1921 γοῦν
2815 1853 2907 1907 κα)⁵
2935 1854 2964 1905 6
2988 1853 3145 1922 λόγος
3165 1855 3269 1926 τὴν
3298 1854 3496 1926 ψυχὴν,
3521 1858 3605 1910 καὶ
3625 1858 3703 1911 ἐπὶ

2152 1941 2559 2011 καλοκάγαθίαν
2590 1943 2892 2016 προτρέπει
2911 1962 2924 1973 ·
2960 1946 3233 2016 μακάριος
3273 1946 3330 2000 δὲ
3360 1950 3389 2002 ό
3420 1948 3697 2019 περιδέξιος.

2151 2032 2275 2086 Ούτ’
2290 2029 2382 2086 οὖν
2396 2033 2606 2107 βλασφη
2616 2034 2814 2105 μητέος
2826 2037 2854 2087 6
2870 2035 3217 2107 εὐποιητικὸς
3231 2038 3368 2110 πρὸς
3380 2038 3470 2091 τοῦ
3483 2035 3537 2092 εὖ
3551 2039 3700 2107 λέγειν

2149 2126 2469 2196 δυναμένου,
2487 2125 2607 2180 οὐδὲ
2627 2127 2731 2199 μὴν
2748 2127 3039 2192 κακιστέος
3055 2130 3083 2180 6
3106 2124 3221 2193 οἷός
3235 2147 3294 2184 τε
3310 2126 3370 2185 εὖ
3386 2130 3573 2199 λέγειν,
3589 2132 3699 2204 πρὸς

2150 2216 2243 2270 τοῦ
2264 2214 2321 2272 εὖ
2354 2221 2525 2273 ποιεῖν
2542 2219 2872 2291 ἐπιτηδείου⁸
2900 2221 3037 2293 πρὸς
3063 2221 3120 2275 δὲ
3134 2215 3179 2291 ᾧ
3208 2223 3320 2295 (74)
3356 2224 3600 2296 ἑκάτερος
3619 2226 3701 2279 πέ-

2151 2325 2342 2377 φυκεν,
2370 2309 2756 2382 ἐνεργούντων.
2803 2311 2861 2365 '0
2918 2310 2962 2364 δ’
3008 2307 3101 2365 οὖν
3138 2313 3201 2366 τὸ
3244 2313 3408 2387 ἔργον
3452 2315 3696 2382 δείκνυσι,

2150 2399 2308 2453 τοῦτο
2343 2401 2528 2472 ἕτερος
2572 2401 2754 2466 λαλεῖ,
2796 2397 2906 2457 οἷον
2953 2405 3259 2477 ἐτοιμάςων
3293 2409 3361 2478 τῇ
3403 2407 3603 2480 εὐποιία
3622 2409 3700 2481 τὴν

2148 2490 2265 2545 ὁδὸν
2286 2530 2301 2554 ,
2324 2493 2422 2545 ’καὶ
2462 2492 2555 2545 ἐπὶ
2587 2492 2685 2565 τὴν
2709 2495 3027 2567 εὐεργεσίαν
3070 2496 3219 2565 ἄγων
3258 2498 3387 2562 τοὺς
3419 2498 3697 2565 ἀκούοντας.

2154 2583 2309 2637 Ἔστι
2358 2583 2465 2656 γὰρ
2504 2585 2597 2638 καὶ
2658 2588 2921 2659 σωτήριος
2954 2587 3129 2657 λόγος,
3161 2589 3241 2653 ὡς
3292 2591 3388 2644 καὶ
3440 2591 3587 2664 ἔργον
3615 2609 3701 2646 cte-

2149 2675 2355 2747 τήριον.
2410 2676 2472 2729 Ἦ
2503 2676 2820 2749 δικαιοσύνη
2876 2680 2928 2748 γ’
2961 2675 3053 2733 οὖν
3101 2680 3161 2733 οὐ
3198 2684 3372 2754 χωρὶς
3412 2682 3560 2752 λόγου
3599 2700 3699 2737 συν-

2154 2764 2386 2821 ίσταται.
2458 2767 2547 2831 Ὠς
2615 2767 2672 2821 δὲ
2741 2768 2803 2822 τὸ
2871 2764 2930 2824 εὖ
3018 2770 3252 2843 πάσχειν
3328 2777 3697 2850 περιαιρεῖται,

2152 2854 2247 2913 ἐὰν
2298 2858 2360 2911 τὸ
2419 2852 2478 2912 εὖ
2552 2854 2741 2914 ποιεῖν’
2798 2860 3136 2933 ἀφελοῦμεν’
3181 2864 3360 2928 οὕτως
3424 2867 3456 2938 ἡ
3518 2865 3699 2937 ὑπακοὴ

475 2957 943 3028 Quemadmodum
968 2965 1149 3010 autem
1181 2954 1447 3009 beneﬁcio
1477 2953 1613 3009 allici
1643 2968 1803 3008 nemo
1834 2960 2046 3023 potest,

2155 2950 2248 3005 καὶ
2266 2950 2447 3014 πίστις
2465 2952 2766 3023 ἀναιρεῖται
2796 2954 2933 3024 μήτε
2964 2954 3062 3024 τῆς
3086 2955 3332 3028 ἐντολῆς,
3363 2959 3496 3030 μήτε
3514 2957 3598 3010 τοῦ
3618 2958 3698 3028 τὴν

476 3054 523 3110 si
552 3066 716 3109 nemo
738 3051 877 3106 bene
901 3048 1067 3104 faciat
1091 3066 1106 3116 ;
1135 3048 1208 3102 ita
1239 3047 1450 3101 tollitur
1479 3046 1786 3103 obedientia
1808 3054 1864 3100 et
1894 3044 2048 3114 ﬁdes,

2155 3042 2376 3114 ἐντολὴν
2393 3044 2782 3116 σαφηνιοῦντος
2798 3063 2860 3098 συ
2869 3048 3511 3120 μπαραλαμϐανομένων.
3524 3049 3700 3109 Νυνὶδζ

476 3146 584 3202 nisi
611 3154 726 3200 tum
768 3150 1097 3215 praceptum
1120 3181 1136 3208 ,
1167 3150 1282 3193 tum
1320 3139 1485 3194 etiam
1515 3138 1608 3208 qui
1632 3145 1719 3192 est
1748 3136 1929 3207 ipsum
1952 3151 2049 3192 ex-

2155 3135 2400 3207 ἀλλήλων
2424 3136 2584 3189 ἕνεκα
2600 3136 2962 3210 εὐποροῦμεν,
2992 3139 3084 3191 καὶ
3100 3139 3277 3208 λόγων
3290 3139 3386 3195 καὶ
3401 3139 3585 3213 ἔργων.
3608 3144 3697 3213 Τὴν

476 3238 776 3309 plicaturus
796 3277 811 3301 ,
838 3234 1006 3290 simul
1051 3238 1428 3287 assumantur.
1472 3227 1630 3284 Nunc
1666 3238 1852 3283 autem
1878 3229 2049 3284 altero

2155 3227 2212 3280 δὲ
2241 3229 2519 3301 ὲριστικήν
2556 3245 2617 3281 τε
2652 3228 2743 3282 καὶ
2787 3232 3104 3302 σοφιστικὴν
3140 3232 3343 3305 τέχνην
3373 3234 3699 3306 παραιτητέον

479 3330 706 3386 alterius
738 3328 933 3398 gratia,
966 3334 1021 3381 et
1049 3323 1232 3380 verbis
1261 3331 1315 3378 et
1344 3320 1524 3389 factis,
1557 3321 1921 3378 abundamus.
1950 3321 2049 3376 Ars

2155 3318 2460 3383 παντελῶςυ
2492 3321 2613 3373 ἐπεὶ
2637 3319 2730 3373 καὶ
2764 3322 2818 3373 αί
2859 3320 3224 3388 λέξειςάύταὶ
3249 3324 3358 3378 τῶν
3394 3324 3696 3395 σοφιστῶνοὺ

478 3434 660 3478 autem
719 3418 1060 3476 contentiosa
1092 3426 1146 3470 et
1184 3414 1481 3484 s0phistica
1511 3422 1596 3469 est
1635 3412 1854 3483 penitus
1892 3427 2049 3482 repu-

2157 3410 2314 3482 μόνον
2346 3411 2690 3480 γοητεύουσι,
2727 3412 3016 3466 κλέπτουσι
3042 3415 3155 3487 (75)
3181 3417 3312 3482 τοὺς
3334 3417 3579 3482 πολλοὺς,
3602 3416 3698 3487 βια-

476 3512 676 3567 dianda
695 3552 711 3573 ,
745 3506 1186 3580 quandoquidem
1222 3505 1353 3575 ipsa:
1383 3503 1755 3574 sophistarum
1786 3501 2051 3557 dictiones

479 3618 588 3657 non
619 3601 795 3656 solum
844 3598 1143 3653 multorum
1184 3594 1375 3650 oculos
1413 3593 1839 3665 praestringunt,
1867 3600 1921 3647 et
1956 3607 2052 3647 eos

477 3694 766 3757 seducunt,
798 3691 893 3747 sed
923 3702 1318 3758 nonnunquam
1350 3686 1515 3742 etiam
1568 3687 1679 3742 vim
1723 3685 2047 3750 aﬂerentes,

478 3788 767 3844 Cadmeam
788 3790 847 3849 »14
870 3783 1111 3839 referunt
1137 3782 1447 3840 victoriam.
1472 3780 1569 3837 Est
1607 3782 1751 3838 enim
1779 3782 1941 3853 longe
1959 3797 2053 3838 ve-

478 3879 734 3936 rissimus
757 3878 846 3932 ille
872 3877 1155 3946 psalmus:
1186 3894 1205 3927 (
1234 3874 1426 3933 Justus
1446 3872 1593 3931 vivet
1620 3876 1674 3931 in
1704 3876 1888 3941 ﬁnem,
1912 3890 2051 3946 quo-

480 3972 626 4027 niam
661 3984 766 4024 non
799 3969 1001 4024 videbit
1027 3969 1328 4034 interitum,
1360 3966 1584 4038 quando
1608 3967 1808 4023 viderit
1827 3967 2052 4036 sapien-

479 4080 562 4119 tes
599 4061 894 4117 morientes
916 4072 964 4114 ιι.
1014 4079 1032 4112 ›
1084 4058 1367 4126 Quosnam
1428 4067 1611 4113 autem
1647 4058 1780 4114 dicit
1834 4057 2051 4128 sapien-

481 4166 563 4211 tes
583 4195 599 4220 ,
660 4152 787 4207 audi
842 4168 905 4207 ex
954 4149 1083 4206 Jesu
1110 4150 1388 4221 Sapientia
1421 4169 1434 4204 :
1476 4169 1495 4202 ι
1521 4148 1640 4204 Νοη
1666 4159 1750 4205 est
1785 4148 2049 4219 sapientia

481 4244 847 4318 improbitatis
880 4243 1105 4299 scientia
1135 4244 1185 4297 ιι.
1220 4261 1240 4294 ι
1272 4241 1406 4296 Eam
1456 4250 1636 4297 autem
1684 4241 1818 4296 dicit
1839 4280 1854 4302 ,
1885 4255 2048 4311 quam

2155 4243 2425 4312 εὑρήσεις.
2463 4262 2481 4293 ι
2513 4240 2631 4295 Κᾶν
2672 4240 2817 4315 πύθῃ
2853 4243 3013 4297 πάλιν
3042 4244 3202 4298 ποίαν
3236 4242 3461 4315 ταύτην,
3490 4262 3507 4294 ι
3538 4240 3690 4310 Στόμα

478 4338 857 4409 excogitaruut
907 4343 1054 4389 artes
1079 4374 1093 4398 ,
1127 4348 1249 4404 quae
1277 4334 1332 4388 in
1385 4332 1616 4389 dicendo
1647 4342 1703 4387 et
1728 4331 2049 4387 disserendo

2155 4336 2379 4399 δικαίου,
2418 4354 2434 4385 ι
2458 4336 2618 4405 φήσει
2659 4351 2761 4400 σοι,
2800 4354 2818 4384 ι
2860 4335 3156 4399 ἀποστάξει
3179 4335 3292 4407 (78)
3326 4335 3536 4404 σοφίαν·
3576 4351 3593 4384 ι
3621 4347 3691 4384 σο-

478 4438 785 4509 versantur.
812 4446 830 4479 ι
853 4427 1075 4493 Quaeres
1117 4440 1248 4496 ergo
1279 4425 1421 4495 apud
1463 4424 1638 4479 malos
1683 4422 2002 4493 sapientiam
2029 4462 2045 4487 ,

2155 4428 2248 4496 τρία
2309 4426 2364 4479 δὲ
2411 4425 2717 4497 ὁμωνύμως
2751 4429 2820 4495 τῇ
2851 4425 3078 4498 ἀληθείᾳ
3119 4427 3152 4497 ἡ
3190 4424 3473 4507 σριριστικὴ
3508 4423 3689 4491 λέγεται

478 4536 533 4581 et
562 4539 669 4580 non
704 4520 946 4576 invenies
969 4531 1016 4573 ε.
1043 4537 1061 4570 ι
1094 4516 1161 4571 Et
1189 4518 1233 4572 si
1277 4533 1469 4573 rursus
1497 4532 1677 4588 roges,
1709 4530 1961 4586 quamam
1986 4530 2048 4570 ea

2155 4516 2336 4587 τέχνη.
2372 4515 2527 4586 Ἐμοὶ
2552 4515 2609 4569 δὲ
2632 4515 2875 4578 εἰκότως,
2902 4510 3074 4586 οἶμαι,
3104 4516 3412 4589 πρόκειται,
3446 4513 3583 4586 βιοῦν
3608 4512 3688 4583 μὲν

478 4617 603 4675 est?
634 4634 652 4668 ι
690 4613 764 4669 Os
782 4612 939 4684 justi,
973 4631 991 4662 ι
1027 4609 1236 4680 inquiet
1288 4609 1414 4676 tibi,
1447 4628 1466 4660 ε
1499 4608 1783 4664 distillabit
1827 4607 2042 4677 sapien-

2155 4610 2291 4665 κατὰ
2318 4609 2409 4662 τὸν
2433 4608 2624 4677 Λόγον,
2663 4607 2755 4660 καὶ
2778 4611 2917 4660 νοεῖν
2946 4606 3015 4660 τὰ
3041 4608 3412 4680 σημαινόμενα
3429 4624 3442 4637 ·
3487 4604 3686 4673 εὐγλωτ-

555 4756 613 4815 νῙα
649 4748 712 4804 P.
743 4748 846 4802 5M
884 4745 993 4800 ΕΙ).
1022 4743 1319 4813 POTTER,
1347 4745 1583 4801 395.294
1608 4744 1718 4800 ΕΙ).
1747 4742 1972 4800 PARIS.

2155 4747 2261 4804 ’sal.
2286 4763 2473 4839 XLVIIl,
2496 4743 2585 4811 10,
2613 4745 2703 4800 H.
2742 4743 2768 4784 δ
2796 4744 2963 4802 Eccli.
2991 4763 3106 4814 nx,
3142 4747 3234 4803 22.
3263 4760 3286 4788 ε
3321 4747 3475 4802 Prov.
3508 4762 3606 4810 xiv,
3639 4741 3684 4796 ϐ.

552 4864 667 4938 (75)
696 4861 951 4938 Kleian
970 4859 1097 4938 _rdr
1133 4859 1326 4938 ἄρτον.
1349 4859 1719 4938 προέθηκεν..
1742 4879 1761 4911 ι
1793 4859 1994 4915 Panem
2021 4880 2041 4913 ›

483 4931 669 5008 igiiur,
699 4950 822 4989 cum
853 4932 1120 5008 fregisset,
1158 4933 1424 5008 edendum
1464 4931 1770 5008 proposuit,
1807 4947 1914 4985 non
1933 4939 2050 4985 tan-

485 5000 596 5064 tum
621 5007 739 5075 ejus
771 5000 1221 5075 specie_m._Conf.
1252 5001 1440 5057 Matth.
1464 5000 1629 5075 fxxvr,
1660 5002 1887 5075 πίει-ς.

553 5065 668 5147 (74)
720 5065 877 5141 Πρῖὔς
899 5072 977 5147 δέ
1013 5065 1080 5137 ᾧ.
1148 5072 1307 5126 Forte
1346 5074 1548 5127 rectius
1579 5073 1714 5144 πρὸς
1739 5072 1795 5124 δὲ
1827 5072 1890 5135 ὅ,
1927 5089 1945 5121 ‹
1985 5071 2053 5126 ad

480 5142 624 5219 quod
646 5142 854 5219 autem.
888 5164 911 5219 ι
946 5142 1209 5219 Svtnunc.

551 5215 663 5287 (75)
691 5216 1082 5281 Γοητεύουσι,
1130 5213 1484 5268 κλέπτουσι.
1502 5210 1867 5287 Γοητεύουσαι
1883 5209 2054 5287 κλέπ-

481 5282 1145 5342 τουσιεοηιιηεηιιιιοηιη
1182 5294 1402 5338 scentus
1434 5282 1649 5351 scripsi,
1694 5283 1786 5337 sed
1832 5282 2052 5335 mallem

483 5356 770 5426 reliquisse
809 5355 955 5425 vulg.
993 5356 1280 5426 lectionem
1330 5353 1676 5426 γοητεύουσι,
1712 5351 2047 5426 κλέπτουσιὲ·

481 5423 617 5497 quia
657 5435 783 5495 post
802 5423 971 5497 intra
994 5425 1245 5497 isimilrm
1268 5423 1502 5497 copulae
1552 5423 1784 5493 ellipsim
1815 5424 2050 5478 animad-

481 5494 614 5556 verti
637 5494 746 5569 [ρ.
767 5495 893 5569 1'65,
913 5495 1045 5569 _l53,
1070 5496 1194 5569 184,
1224 5495 1346 5550 185.
1370 5494 1629 5569 ξγιεθυιιο.

551 5569 662 5695 (76)
682 5564 999 5637 ’Καδμείαν
1049 5566 1245 5635 νίκην.
1308 5585 1327 5617 ι
1360 5565 1652 5621 Cadmeam
1700 5564 1984 5619 victoriam
2025 5581 2043 5615 ι

556 5644 636 5695 uel
662 5650 777 5695 ant.
807 5652 930 5695 alia:
958 5636 1148 5691 victori
1192 5637 1414 5695 perinde
1447 5651 1514 5690 ac
1553 5636 1696 5689 vieto
1748 5635 2043 5695 perntciem

480 5635 777 5711 appellant,
807 5635 931 5711 quae
958 5636 1148 5711 victori
1191 5637 1414 5706 perinde
1447 5651 1514 5711 ac
1553 5636 1696 5711 vieto
1748 5635 2045 5706 pern2ciem

480 5706 655 5775 alfett.
684 5728 714 5767 a
744 5706 933 5766 Cadmi
955 5708 1418 5781 terrigenis,quos
1441 5706 1754 5781 fabulantur
1774 5721 1894 5759 sese
1924 5720 2046 5781 mu-

480 5796 577 5841 tuo
602 5789 671 5845 ad
721 5795 891 5838 unum
921 5776 1115 5835 omnes
1145 5778 1435 5833 occidisse.
1470 5776 1576 5830 Alii
1628 5778 1829 5832 dictam
1859 5776 2044 5825 existi-

2153 3502 2377 3575 ζόμεναι
2400 3502 2444 3555 δ’
2478 3502 2589 3556 ἔσθ’
2621 3504 2731 3568 ὅτε,
2755 3504 3036 3577 Καδμείαν
3066 3506 3224 3579 νίκην
3257 3509 3365 3580 (76)
3393 3509 3697 3580 ἀπηνέγκαν-

2151 3611 2230 3647 τοο
2266 3594 2473 3658 Παντὸς
2512 3594 2623 3667 γὰρ
2679 3593 2879 3667 μᾶλλον
2920 3595 3128 3669 ἀληθὴς
3160 3602 3189 3653 6
3217 3600 3435 3671 ψαλμὸς
3483 3580 3692 3661 ἐκεῖνος·

2157 3704 2177 3737 ι
2226 3685 2282 3740 ’0
2314 3686 2516 3751 δίκαιος
2549 3686 2659 3759 (77)
2691 3686 2913 3762 ζήσεται
2956 3693 3038 3755 εἰς
3085 3691 3236 3756 τέλος
3256 3733 3271 3756 ,
3296 3694 3379 3746 ὃτι
3412 3694 3510 3747 οὐκ
3536 3692 3696 3761 ὄψεται

2151 3778 2500 3853 καταφθορὰν
2521 3820 2536 3843 ,
2571 3780 2647 3834 ὅτ’
2675 3781 2740 3835 ἂν
2765 3782 2846 3854 ίδῃ
2882 3784 3078 3853 σοφοὺς
3098 3785 3552 3859 ἀποθνήσκοντας.
3580 3803 3597 3835 ι
3622 3783 3697 3836 Τί-

2151 3886 2249 3934 νας
2266 3871 2331 3943 δὴ
2362 3876 2560 3941 σοφοὺς
2587 3871 2733 3941 λέγει
2759 3889 2776 3938 ;
2806 3875 3037 3929 ἄκουσον
3076 3877 3141 3929 ὲκ
3166 3879 3267 3948 τῆς
3297 3877 3484 3947 σοφίας
3512 3874 3690 3946 Ἰησοῦο

2158 3986 2177 4018 ι
2204 3967 2316 4021 Οὐκ
2352 3965 2467 4020 ἔστι
2511 3965 2671 4036 σοφία
2721 3967 2984 4039 πονηρίας
3029 3969 3329 4041 ἐπιστήμη.
3362 3989 3380 4020 ι
3410 3967 3612 4038 Ταύτην
3641 3964 3694 4035 δὴ

2151 4058 2319 4127 λέγει,
2349 4057 2415 4129 ἢν
2447 4058 2744 4128 ἐπενόησαν
2765 4058 2951 4128 τέχναι
2978 4058 3224 4113 λεκτικαί
3257 4078 3316 4114 τε
3340 4062 3434 4114 καὶ
3464 4058 3693 4112 διαλεκτι-

2152 4150 2265 4203 καί.
2319 4171 2337 4201 ι
2369 4151 2632 4223 Ζητήσεις
2667 4146 2760 4203 οὖν
2806 4151 2996 4220 σοφίαν
3044 4152 3195 4222 παρὰ
3240 4154 3451 4216 κακοῖς,
3485 4150 3571 4204 καὶ
3612 4148 3693 4217 οὐχ

2153 4871 2358 4917 manta
2392 4861 2635 4927 victoria,
2689 4877 2794 4931 qua
2826 4859 3106 4930 Thebani,
3139 4865 3362 4919 Cadmei
3402 4863 3591 4918 scilicet
3616 4856 3681 4914 ci-

2155 4949 2271 5004 ves,
2299 4931 2549 5004 Adrasto,
2572 4932 2898 5000 Argivorum
2930 4949 3072 5004 rege,
3096 4937 3327 4996 devicto.
3366 4935 3501 5004 haud
3528 4931 3682 5004 minus

2155 5003 2259 5072 ipsi
2294 5003 2550 5072 damnum
2612 5004 2856 5072 perpessi
2918 5001 3063 5059 sunt.
3115 5004 3437 5066 Pausanias.
3467 5001 3678 5065 Bantia,

2156 5055 2280 5159 prag.
2450 5073 2592 5155 'edit.
2612 5055 2841 5159 'llaiiov.
2884 5091 2896 5125 :
2922 5055 3129 5159 ξξἾΩςέτὸή
3147 5055 3610 5159 ῥέ-ζέῖξίτρρτει

2158 5141 2295 5212 πλὴν
2312 5141 2598 5214 Ἀδράστου
2612 5142 2899 5214 φθαρῆναι.
2922 5144 3166 5212 Ἐγένετο
3187 5141 3242 5198 δὲ
3256 5149 3348 5200 καὶ
3362 5141 3592 5207 αὐτοῖςτὸ
3604 5141 3679 5214 Ep;

2158 5207 2541 5283 yov'66x_'&veu
2576 5207 2760 5266 κακῶν
2781 5207 2791 5213 ’
2814 5207 3099 5283 μεγάλωνο
3137 5217 3230 5269 καὶ
3255 5217 3348 5270 ἀπ’
3383 5216 3591 5283 ἐκείνου,
3619 5207 3675 5263 ἑὰ

2159 5279 2255 5357 συν
2282 5279 2484 5357 όλέθεκρ
2515 5282 2626 5357 τῶν
2644 5279 3051 5354 κρατησάντων,
3087 5286 3364 5357 Καδμείαν
3389 5281 3674 5355 ὀνομάζουσι

2159 5352 2334 5422 νίκην.
2378 5372 2395 5403 ι
2423 5352 2592 5407 Τοιυε
2616 5352 3137 5421 ἰιιιψιεοτειὈὶιυε,
3198 5352 3306 5411 uno
3339 5352 3555 5411 Adrasto
3592 5365 3670 5406 ex-

2158 5433 2334 5491 cepto,
2365 5434 2445 5477 est
2486 5425 2550 5476 ad
2587 5424 3009 5479 internecionem
3041 5443 3232 5483 caesus.
3276 5427 3377 5482 Sed
3397 5443 3454 5480 ea
3490 5423 3670 5478 Theba-

2158 5493 2245 5547 nis
2274 5495 2495 5547 rieturia
2541 5509 2738 5563 magna
2767 5497 2916 5550 stetit
2960 5496 3132 5552 clude.
3170 5497 3247 5551 Ex
3281 5514 3343 5552 eo
3368 5503 3665 5564 usurpatum.

2157 5573 2216 5616 nt
2243 5565 2288 5639 si
2316 5580 2421 5639 qua
2449 5559 2681 5619 victores
2729 5567 2998 5633 pernicies
3030 5570 3318 5639 Opprimat,
3356 5559 3566 5622 Cadniea
3609 5559 3664 5611 \i-

2153 5634 2324 5688 ctoria
2348 5636 2579 5689 dicatur.
2612 5653 2630 5685 ι

2222 5704 2333 5771 (77)
2381 5706 2443 5757 '0
2476 5703 2725 5772 δίκαιος.
2756 5710 2801 5762 Α
2836 5707 3112 5762 Clemente
3169 5709 3422 5764 additum.

2221 5774 2331 5844 (78)
2371 5774 2737 5838 Ἀποστὰξει.
2771 5776 3116 5842 Ἀποστάζει,
3155 5777 3405 5835 Proverb.
