3810 6332
489 297 594 354 717

1661 297 2051 355 CLEMENTIS
2086 297 2558 355 ALEXANDRINI
3591 310 3669 366 ns

492 435 646 486 usus,
686 420 781 490 qui
816 419 1094 474 auditores
1117 418 1292 489 magis
1309 427 1470 488 aptus
1504 427 1590 475 est
1616 419 1887 475 delectare
1903 436 2056 491 quam

2176 419 2453 491 βούλεσθε,
2511 420 2645 492 μηδὲ
2689 414 2774 484 εἴξ
2799 419 2934 492 (88).
2981 419 3193 473 Οῦκουν
3235 417 3490 477 πλατύνειν
3515 425 3677 496 (89)τὰ

485 510 703 581 juvare.
735 509 918 566 Musas
935 511 1253 566 existimare
1278 509 1566 567 Sirenihus
1591 511 1948 581 iucundiores
1971 512 2069 566 ad-

490 600 1066 672 ntoneththagoras,
1090 602 1296 657 docens
1327 618 1435 657 non
1461 619 1584 657 cum
1610 603 1888 672 voluptate
1913 618 2070 658 exer-

489 710 612 750 cere
644 693 976 763 sapientias,
1019 710 1256 764 arguens
1289 704 1472 749 autem
1512 694 1870 765 deccptricem
1907 695 2067 750 aliam

488 786 658 840 animi
681 787 1147 840 oblectationem.
1185 785 1290 852 Qui
1328 787 1634 857 navigando
1679 798 2068 857 praetervectus

487 887 574 933 est
604 878 848 943 Sirenas,
888 893 1031 932 unus
1054 877 1284 943 sullicit;
1320 887 1375 932 et
1400 879 1494 948 qui
1519 876 1744 948 Sphingi
1764 881 2064 950 respondit,

490 988 630 1026 unus
671 971 844 1037 alius,
886 980 978 1025 aut
1014 971 1202 1036 etiam,
1235 975 1281 1026 st
1313 970 1498 1036 vultis,
1535 985 1604 1027 ne
1644 987 1789 1028 unus
1824 974 2066 1043 quidem.

489 1063 603 1118 Non
635 1073 849 1134 Oportet
879 1077 1010 1135 ergo
1043 1079 1286 1134 unquam
1338 1064 1568 1118 dilatare
1595 1064 1948 1136 phylacteria,
1977 1081 2072 1119 va-

2173 509 2518 582 φυλακτήρια
2555 511 2660 581 χρή
2711 526 2866 575 ποτε,
2907 506 3214 573 κενοδοξίαν
3240 506 3532 578 ζηλοῦντας·
3556 517 3678 588 ἀρκεῖ

2167 603 2222 656 δὲ
2239 603 2316 675 τῷ
2335 601 2625 673 γνωστικῷ
2647 601 2749 655 κάν
2785 596 2866 665 εἷς
2889 601 3047 673 μόνος
3075 601 3345 674 ἀκροατὴς
3358 603 3545 677 εὑρεθῇ.
3561 609 3682 663 Ἐστι

2166 703 2218 772 γ’
2255 696 2346 754 οὖν
2375 699 2604 754 ἀκοῦσαι
2623 700 2719 752 καὶ
2738 698 3002 768 Πινδάρου
3023 698 3134 767 (90)
3155 698 3248 752 τοῦ
3266 697 3683 774 Βοιωτίουγράφον.

2165 808 2257 855 τος
2275 808 2287 822 ·
2309 793 2367 845 Μ
2374 790 2406 858 ὴ
2425 789 2576 858 πρὸς
2602 790 2872 856 ἅπαντας
2895 788 3226 859 ἀναρῤἧξαι
3250 789 3351 843 τὸν
3370 791 3584 861 ἀρχαῖον
3605 800 3684 851 λό-

2169 901 2278 955 φοι·
2295 901 2308 914 ’
2333 883 2502 938 Ἔσθ’
2521 881 2621 936 ὅτε
2651 881 3041 948 πιστοτάταις
3065 883 3172 952 (91)
3201 879 3371 952 σιγᾶς
3393 883 3552 952 ὁδοῖς.
3574 887 3683 941 Κένο

2170 993 2315 1046 τρον
2343 975 2412 1028 δὲ
2434 975 2634 1045 μάχας
2675 976 2740 1027 '0
2771 976 3174 1043 κρατιστεύων
3203 976 3396 1046 λόγος.
3418 979 3688 1034 Διατείνεται

2174 1068 2269 1126 οὖν
2299 1067 2374 1125 ἐὖ
2427 1071 2570 1142 μάλα
2601 1070 2630 1122 6
2671 1071 2937 1142 μακάριος
2958 1067 3282 1132 Ἀπόστολος
3317 1070 3569 1140 παραινῶν
3589 1074 3689 1143 ἡμῖν

488 1172 618 1210 num
649 1156 957 1210 aemulando
985 1155 1170 1224 gloriae
1201 1156 1464 1211 studium.
1493 1154 1700 1210 Suﬂicit
1729 1168 1910 1212 autem
1940 1171 2056 1228 gno

2183 1182 2202 1215 ι
2247 1164 2319 1235 μὴ
2345 1162 2670 1233 λογομαχεῖν
2717 1177 2776 1214 τε
2821 1161 2888 1214 δι’
2935 1159 3087 1213 οὐδὲν
3147 1159 3255 1229 (92)
3314 1162 3584 1232 χρήσιμον,
3622 1165 3690 1216 ἐπὶ

485 1247 646 1312 stico,
683 1247 726 1302 si
762 1249 811 1302 ei
849 1247 930 1302 vel
955 1263 1097 1302 unus
1120 1249 1372 1302 inventus
1405 1248 1476 1302 sit
1499 1249 1734 1303 auditor.
1769 1247 1918 1304 Licet
1939 1265 2069 1320 ergo

483 1348 538 1393 et
600 1339 898 1394 Pindarum
957 1339 1228 1395 Boeotium
1269 1340 1480 1406 audire,
1525 1341 1619 1412 qui
1669 1342 1861 1396 scribit
1898 1360 1912 1394 :
1943 1341 2067 1396 Non

484 1436 626 1505 apud
658 1452 836 1490 omnes
869 1435 988 1489 licet
1015 1444 1234 1488 veterem
1286 1435 1490 1504 aperire
1545 1435 1858 1499 orationem,
1925 1451 2064 1505 pra:-

486 1540 726 1600 terquam
768 1529 1091 1600 ﬁdelissimis
1137 1530 1336 1583 silentii
1385 1529 1504 1584 viis.
1567 1527 1828 1583 Stimulus
1883 1541 2059 1584 autem

2178 1257 2530 1326 καταστροφῇ
2574 1253 2682 1306 τῶν
2710 1253 3017 1306 ἀκουόντων
3036 1269 3049 1282 ο
3093 1251 3192 1316 τὰς
3230 1251 3286 1304 δὲ
3315 1251 3551 1322 βεϐήλους
3577 1271 3690 1307 κενοδ

2173 1345 2417 1416 φωνίας,
2489 1342 2910 1416 περιίστασθαι·
2983 1343 3076 1395 ἐπὶ
3139 1341 3322 1395 πλεῖον
3374 1342 3474 1415 γάρ
3533 1347 3693 1417 apati.-

2174 1452 2403 1493 πτουσιν
2439 1434 2716 1499 ἀσεϐείας,
2745 1434 2883 1489 καὶὸ
2909 1433 3067 1504 λόγος
3103 1435 3285 1490 αὐτῶν
3332 1435 3405 1500 ὡς
3439 1435 3694 1508 γάγγραινα

2167 1527 2335 1600 νομὴν
2359 1527 2522 1593 ἕξει.»

483 1638 673 1692 pugna:
722 1630 798 1675 est
856 1621 1138 1674 dominans
1197 1621 1390 1674 oratio.
1449 1619 1760 1674 Admodum
1818 1635 1947 1690 ergo
1989 1630 2133 1675 recte
2187 1636 2288 1676 nos
2341 1619 2690 1674 vehementer
2740 1619 3000 1676 admonet
3036 1619 3228 1676 beatus
3276 1621 3568 1691 Apostolus,
3603 1641 3619 1674 ι
3648 1639 3698 1677 ne

486 1717 664 1772 verbis
705 1717 1098 1772 contendamus
1173 1718 1291 1772 sine
1355 1717 1462 1771 ulla
1502 1717 1752 1784 utilitate,
1788 1719 1854 1773 ad
1913 1720 2252 1774 eversionem
2287 1717 2596 1772 auditorum
2657 1735 2670 1771 :

2737 1717 2995 1789 profanas
3033 1726 3216 1774 autem
3255 1734 3448 1775 vocum
3478 1719 3699 1775 novitates

485 1812 736 1868 vitemus.
770 1813 848 1867 Ad
885 1829 1136 1884 magnam
1171 1814 1316 1868 enim
1355 1813 1648 1884 proﬁciunt
1677 1814 2034 1885 impietatem,
2064 1825 2119 1871 et
2153 1830 2336 1871 sermo
2362 1829 2553 1870 eorum
2583 1814 2753 1885 serpit
2787 1823 2846 1869 ut
2873 1828 3070 1870 cancer
3085 1829 3136 1871 ι.
3179 1834 3201 1869 ι

1929 1957 2160 2014 CAPUT
2218 1959 2314 2014 XI.

908 2048 1167 2114 Quamam
1196 2051 1267 2106 sit
1299 2053 1562 2120 sapientia
1594 2052 1864 2106 mundana
1885 2063 1935 2108 et
1957 2055 2289 2125 philosophia
2319 2070 2479 2125 quam
2505 2052 2740 2106 devitarc
2766 2067 2859 2105 nos
2885 2050 2996 2104 vult
3030 2049 3338 2120 Apostolus.

557 2167 679 2223 lizec
701 2183 831 2238 ergo
871 2186 889 2219 ι
941 2169 1208 2239 sapientia
1252 2170 1477 2234 mundi,
1511 2170 1741 2225 stultitia
1789 2179 1874 2225 est
1917 2172 2056 2242 apud

2231 2171 2378 2243 Αὕτη
2409 2166 2501 2225 οὖν
2535 2189 2554 2222 ι
2581 2171 2615 2241 η
2645 2169 2806 2239 σοφία
2834 2167 2926 2221 τοῦ
2981 2167 3186 2237 κόσμου
3220 2163 3404 2236 μωρία
3446 2162 3584 2234 παρᾶ
3614 2159 3708 2231 Θεῷ

485 2261 674 2316 Deum.
720 2279 738 2312 ι
768 2259 857 2326 Et
895 2261 1092 2315 horum
1125 2279 1146 2314 ‹
1167 2263 1472 2331 sapientum
1497 2263 1780 2334 cognoscit
1804 2263 1946 2320 Deus
1965 2280 2057 2319 co-

481 2356 790 2424 gitationes,
816 2354 961 2424 quod
983 2370 1137 2409 vanae
1159 2364 1288 2409 sunt
1309 2356 1391 2408 1).»
1429 2355 1599 2410 Nemo
1617 2373 1743 2428 ergo
1774 2358 2054 2428 glorietur,

481 2450 718 2503 humana
767 2447 1080 2516 praecellens
1133 2448 1480 2518 cogitatione.
1524 2448 1690 2504 Recte
1723 2452 1867 2504 enim
1916 2453 2057 2506 scri-

480 2550 634 2608 ptum
660 2551 744 2594 est
775 2539 827 2592 in
866 2537 1102 2594 Ieremia
1133 2558 1146 2593 :
1185 2559 1202 2591 ι
1244 2538 1321 2594 Ne
1351 2541 1616 2609 glorietur
1642 2543 1860 2612 sapiens
1887 2544 1940 2597 in
1966 2559 2057 2598 sa-

483 2631 682 2699 pientia
704 2646 825 2694 sua,
847 2640 900 2684 et
930 2646 996 2684 ne
1023 2630 1287 2701 glorietur
1318 2630 1474 2687 fortis
1502 2633 1556 2687 in
1587 2633 1910 2690 fortitudine
1937 2651 2054 2701 sua,

479 2729 533 2776 et
559 2737 627 2776 ne
649 2722 912 2792 glorietur
933 2721 1084 2777 dives
1107 2724 1161 2777 in
1193 2725 1397 2778 divitiis
1419 2726 1568 2792 suis;
1599 2726 1690 2781 sed
1729 2727 1781 2780 in
1814 2727 1918 2782 hoc
1945 2730 2060 2798 glo»

480 2812 670 2878 rietur,
705 2813 797 2882 qui
844 2813 1138 2882 gloriatur,
1168 2815 1321 2883 quod
1367 2816 1636 2885 intelligat
1673 2827 1726 2871 et
1765 2827 2060 2890 cognoscat

479 2905 623 2974 quod
651 2921 749 2975 ego
788 2921 909 2960 sum
934 2904 1077 2959 Deus
1108 2905 1315 2962 faciens
1345 2908 1804 2976 misericordiam,
1839 2921 1891 2965 et
1911 2911 2060 2980 judi-

478 2999 647 3060 ciunt,
681 3007 734 3052 et
783 2997 1053 3067 justitiam
1095 3015 1260 3067 super
1297 3010 1528 3054 terram:
1576 3001 1836 3071 quoniam
1886 3003 1938 3056 in
1971 3003 2057 3059 his

476 3101 559 3147 est
589 3091 842 3146 voluntas
881 3105 1021 3158 mea,
1056 3091 1189 3146 dicit
1221 3090 1484 3147 Dominus
1519 3104 1566 3148 ο.
1605 3114 1623 3145 ι
1662 3125 1728 3136 -
1761 3114 1779 3145 ι
1801 3094 1878 3150 Nc
1923 3111 2056 3150 con-

477 3185 711 3240 fidamus
749 3185 802 3238 in
836 3185 995 3239 nobis
1045 3183 1203 3254 ipsis,
1262 3185 1355 3240 sed
1409 3185 1464 3240 in
1508 3185 1641 3253 Deo,
1693 3189 1784 3257 qni
1830 3189 2058 3242 suscitat

475 3289 744 3346 mortuos,
768 3299 789 3331 ι
827 3279 1007 3349 inquit
1033 3279 1349 3349 Apostolus,
1383 3298 1402 3330 ι
1437 3280 1530 3350 qui
1565 3295 1631 3334 ex
1680 3290 1830 3336 tanta
1884 3293 2057 3336 morte

2163 2267 2308 2319 ἐστιν
2333 2283 2345 2296 ·
2374 2285 2391 2316 ι
2414 2263 2723 2317 καὶτούτων
2744 2281 2761 2313 ι
2787 2261 2894 2315 τῶν
2911 2259 3090 2330 σοφῶν
3113 2257 3319 2330 Κύριος
3354 2255 3704 2326 γινιὶισκειτοϋς

2159 2358 2540 2430 διαλογισμοὺς
2561 2399 2575 2421 ,
2611 2357 2694 2410 ὅτι
2718 2355 2824 2409 εἰσὶ
2853 2354 3091 2426 μάταιοι.
3137 2372 3155 2404 ι
3193 2352 3400 2422 Μηδεὶς
3429 2351 3531 2421 (95)
3566 2348 3709 2401 τοίνυν

2161 2451 2488 2522 καυχάσθω,
2552 2454 2610 2504 ὲν
2658 2449 2974 2522 ἀνθρωπίνῃ
3041 2445 3361 2520 προανέχων
3404 2443 3609 2514 διανοίᾳ.
3652 2438 3710 2496 Εὖ

2160 2544 2270 2615 γάρ
2297 2560 2379 2596 τοι
2410 2545 2468 2596 ἐν
2505 2542 2584 2613 τῷ
2623 2541 2863 2612 Ἱερεμίᾳ
2891 2540 3196 2611 γέγραπται
3219 2555 3233 2569 ·
3279 2555 3301 2588 ι
3348 2536 3439 2608 Μὴ
3463 2531 3714 2606 καυχάσθω

2159 2638 2188 2689 ὁ
2215 2635 2378 2704 σοφὸς
2401 2637 2459 2688 ἐν
2487 2637 2552 2706 τῇ
2585 2635 2747 2706 σοφία
2774 2631 2961 2697 αὑτοῦ,
2991 2633 3086 2686 καὶ
3118 2632 3192 2704 μὴ
3219 2630 3516 2702 καυχάσθω
3540 2632 3566 2682 ὁ
3594 2631 3712 2698 ἰσχυ-

2163 2727 2255 2798 ρὸς
2282 2729 2338 2780 ὲν
2363 2728 2427 2798 τῇ
2462 2725 2606 2797 ίσχύῖ
2631 2725 2794 2781 αὑτοῦ
2815 2742 2828 2754 ·
2873 2726 2967 2778 καὶ
3011 2724 3084 2795 μὴ
3114 2724 3414 2794 καυχάσθω
3438 2725 3465 2776 ὁ
3508 2722 3717 2782 πλούσιος

2163 2821 2219 2872 ὲν
2243 2817 2320 2890 τῷ
2348 2817 2562 2889 πλούτῳ
2589 2816 2785 2870 αὑτοῦ·
2818 2815 2931 2869 ἀλλ’
2961 2817 3020 2868 ἐν
3050 2815 3158 2883 (94)
3190 2815 3370 2886 τούτῳ
3409 2811 3675 2884 καυχάσθω
3693 2815 3718 2864 ὁ

2161 2909 2531 2982 καυχώμενος,
2565 2910 2799 2962 συνιέναι
2817 2908 2912 2962 καὶ
2939 2907 3227 2977 γινώσκειν
3257 2909 3344 2962 ὃτι
3372 2907 3484 2976 ἐγὼ
3506 2908 3612 2976 εἰμι
3632 2905 3722 2958 Κύ-

2165 3018 2277 3073 ριος
2305 3002 2332 3054 ὁ
2358 3001 2524 3054 ποιῶν
2553 3000 2699 3064 ἕλεος
2724 3041 2738 3066 ,
2770 3000 2864 3053 καὶ
2894 3002 3068 3073 κρῖμα
3091 3039 3106 3063 ,
3139 3001 3233 3053 καὶ
3275 2999 3612 3070 δικαιοσύνην
3647 2997 3720 3050 ἐπὶ

2158 3093 2258 3164 τῆς
2285 3092 2412 3162 γῆς·
2432 3092 2515 3144 ὅτι
2539 3095 2595 3146 ὲν
2609 3093 2818 3156 τούτοις
2845 3092 2905 3145 τὸ
2933 3091 3144 3162 θέλημά
3161 3091 3454 3162 μου,λέγει
3483 3090 3682 3162 Κύριος.
3703 3106 3718 3136 ι

2165 3204 2184 3237 ι
2216 3187 2333 3240 Ἴνα
2354 3187 2428 3258 μὴ
2465 3186 2784 3251 πεποιθότες
2817 3181 2966 3258 ὦμεν
2996 3186 3080 3256 ἐφ’
3111 3187 3331 3250 ἑαυτοῖς
3351 3225 3366 3250 ,
3405 3183 3520 3238 ἀλλ’
3555 3183 3636 3236 ἐπὶ
3662 3179 3723 3248 τῷ

2159 3277 2278 3349 Θεῷ
2295 3277 2374 3348 τῷ
2399 3278 2660 3350 ἐγείροντι
2685 3279 2810 3342 τοὺς
2837 3278 3082 3350 νεκροὺς,
3111 3295 3129 3328 ι
3156 3278 3186 3331 ὁ
3210 3274 3540 3338 Ἀπόστολος
3569 3275 3723 3344 φησιν,

473 3388 576 3428 nos
597 3371 794 3442 eripuit
823 3389 838 3437 ;
873 3380 935 3425 ut
966 3370 1101 3425 ﬁdes
1125 3380 1310 3424 nostra
1344 3386 1452 3425 non
1478 3371 1550 3425 sit
1580 3372 1631 3425 in
1663 3373 1928 3442 sapientia
1956 3373 2055 3429 ho-

2175 3388 2183 3421 ι
2219 3369 2277 3433 ὃς
2317 3371 2380 3422 ὲκ
2417 3368 2733 3440 τηλικούτου
2773 3367 3002 3423 θανάτου
3045 3366 3327 3442 ἐρρύσατο
3368 3367 3546 3437 ἡμᾶς,
3593 3364 3723 3430 ἴναή

476 3463 821 3528 minum,sed
845 3464 900 3529 in
919 3463 1119 3518 virtute
1151 3461 1266 3517 Dei.
1302 3462 1576 3533 Spiritalis
1602 3470 1659 3528 »Β
1685 3466 1828 3519 enim
1854 3466 2056 3535 dijudi-

2175 3461 2344 3526 πίστις
2371 3463 2528 3534 ἡμῶν
2559 3463 2632 3534 μὴ
2735 3465 2793 3516 ὲν
2823 3462 2987 3534 σοφίᾳ.
3008 3461 3344 3534 ἀνθρώπων,
3373 3459 3490 3513 ἀλλ’
3516 3460 3571 3511 ὲν
3596 3455 3728 3511 δυνά-

474 3569 566 3614 cat
599 3558 812 3624 omnia,
848 3557 965 3629 ipse
990 3565 1170 3612 autem
1197 3572 1228 3611 a
1265 3557 1418 3612 nullo
1452 3557 1784 3626 dijudicatur
1807 3556 1856 3612 ἀ.
1890 3578 1909 3610 ι
1964 3558 2056 3613 llla

2175 3573 2256 3626 μει
2283 3555 2440 3609 Θεοῦ.
2477 3556 2536 3609 '0
2559 3557 2668 3628 γὰρ
2694 3555 2805 3627 (95)
2837 3554 3208 3626 πνευματικὸς
3235 3553 3529 3625 ἀνακρίνει
3558 3551 3728 3607 πάνταν

475 3665 696 3720 quoque
719 3649 838 3720 ejus
866 3649 1063 3704 audio:
1105 3669 1123 3700 ι
1161 3647 1286 3705 Haec
1321 3659 1502 3706 autem
1539 3649 1682 3714 dico,
1713 3666 1780 3704 ne
1807 3651 1932 3720 quis
1963 3665 2056 3705 vos

2175 3647 2328 3712 αὐτὸς
2356 3648 2412 3701 δὲ
2438 3648 2530 3701 ὑπ’
2567 3648 2781 3712 οὐδενὸς
2818 3648 3190 3719 ἀνακρίνεται.
3232 3665 3254 3698 ι
3319 3646 3532 3698 Ἐπατω
3566 3643 3618 3697 δὲ
3650 3642 3730 3692 κά-

473 3743 708 3814 decipiat
764 3743 820 3797 in
867 3741 1248 3812 probabilitate
1299 3743 1571 3799 sermonis
1611 3753 1633 3782 ο
1694 3758 1869 3812 neque
1929 3744 2056 3798 sub-

2175 3740 2360 3794 ιιείνων
2389 3739 2579 3794 αὐτοῦ’
2613 3759 2631 3792 ι
2669 3739 2854 3795 Ταῦτα
2881 3739 2989 3809 (96)
3017 3739 3073 3792 δὲ
3097 3737 3266 3808 λέγω,
3301 3739 3394 3792 ἵνα
3413 3735 3598 3809 μηδεὶς
3613 3733 3730 3803 ὑμᾶς

474 3836 830 3906 ingrediatur,
861 3835 956 3906 qui
999 3835 1360 3904 depraedatur.
1401 3855 1419 3888 ι
1463 3834 1528 3889 Ει
1568 3850 1792 3890 rursus:
1831 3835 2056 3891 «Videte

2175 3834 2600 3907 παραλογίζηται
2626 3837 2682 3888 ὲν
2711 3833 3082 3905 πιθανολογίᾳ,
3113 3832 3251 3904 μηδὲ
3309 3827 3733 3903 ὑπεισέρχηταιό

473 3947 542 3986 ne
569 3933 694 4004 quis
739 3933 810 3988 sit
863 3932 957 4001 qui
1003 3946 1102 3986 vos
1149 3932 1375 3986 seducat
1410 3946 1505 4001 per
1552 3929 1950 4000 philosophiam
2003 3939 2056 3985 et

2175 3929 2518 3998 συλαγωγῶν.
2559 3949 2577 3981 ι
2610 3930 2720 3982 Καὶ
2749 3929 2908 3982 πάλιν
2929 3945 2941 3958 ³
2980 3947 2997 3980 ι
3030 3927 3269 3981 Βλέπετε
3300 3923 3422 3990 οὖν,
3445 3928 3518 3998 μή
3551 3924 3650 3992 (97)
3665 3936 3733 3983 τις

475 4027 690 4080 inanem
723 4025 1121 4094 deceptionem,
1154 4024 1454 4079 secundum
1489 4013 2056 4078 traditionem’homi-

2175 4024 2312 4078 ἔσται
2341 4025 2484 4096 ὑμᾶς
2513 4025 2541 4077 ὁ
2570 4023 2899 4092 συλαγωγῶν
2913 4022 3004 4076 διὰ
3017 4022 3116 4093 τῆς
3130 4019 3463 4091 φιλοσοφίας
3481 4019 3572 4074 καὶ
3598 4014 3734 4084 κενῆς

473 4135 627 4181 num,
657 4118 958 4173 secundum
989 4117 1258 4172 elementa
1283 4115 1494 4180 mundi,
1526 4125 1581 4169 et
1609 4131 1718 4169 non
1751 4116 2049 4170 secundum

2175 4119 2395 4189 ἱιπάτης,
2422 4118 2564 4172 κατά
2610 4119 2710 4190 τὴν
2751 4116 3046 4191 παράδοσιν
3079 4115 3190 4170 τῶν
3217 4114 3578 4188 ἀνθρώπων,
3615 4111 3735 4164 κατὰ

469 4212 787 4276 Christum;
827 4211 845 4248 ί
890 4230 908 4262 ι
957 4210 1358 4281 philosOphiam
1401 4209 1620 4279 quidem
1667 4223 1774 4261 non
1807 4223 2050 4272 omnem,

2175 4211 2228 4265 τὰ
2258 4215 2498 4284 στοιχεῖα
2525 4210 2618 4265 τοῦ
2643 4211 2872 4282 κόσμου,
2903 4210 2998 4266 καὶ
3025 4211 3089 4264 οὐ
3116 4210 3263 4264 κατά
3304 4209 3578 4280 Χριστόν·
3615 4225 3632 4258 ι
3661 4221 3736 4272 φι-

473 4305 566 4360 sed
635 4303 956 4374 Epicuream
989 4304 1047 4367 ε,
1108 4302 1265 4371 cujus
1327 4302 1491 4356 etiam
1555 4299 1804 4354 meminit
1851 4298 2050 4355 Paulus

2175 4305 2411 4374 ιοσοφίαν
2447 4306 2547 4377 μὲν
2573 4306 2634 4358 ού
2665 4307 2868 4370 πᾶσαν,
2914 4305 3048 4358 ἀλλά
3081 4304 3180 4376 τὴν
3237 4305 3620 4378 Ἐπικούρειον
3641 4342 3654 4364 ,
3679 4294 3736 4370 ἦς

473 4399 526 4452 in
556 4396 786 4453 Actibus
811 4397 1191 4466 apostolorum
1216 4435 1232 4459 ,
1270 4393 1671 4464 reprehendens
1691 4432 1706 4456 ,
1743 4407 1868 4462 qua:
1911 4394 2051 4448 tollit

2175 4401 2249 4453 ιαί
2282 4399 2552 4471 μέμνηται
2604 4401 2662 4453 ἐν
2707 4402 2826 4464 ταῖς
2877 4399 3146 4471 Πράξεσιν
3206 4401 3324 4452 τῶν
3382 4396 3685 4454 ἀποστόλων
3714 4394 3741 4443 6

472 4491 890 4562 providentiam,
921 4499 973 4543 et
1000 4489 1053 4542 in
1075 4488 1304 4542 deorum
1352 4501 1642 4541 numerum
1687 4485 1854 4540 refert
1893 4485 2050 4540 volu-

2175 4489 2390 4555 Ἱαῦλος,
2421 4490 2742 4554 διαϐάλλων,
2775 4489 3031 4562 πρόνοιαν
3059 4489 3408 4561 ἀναιροῦσαν
3447 4489 3544 4542 καὶ
3567 4484 3735 4559 ἡδονὴν

557 4603 615 4670 ΡΒ
658 4597 720 4655 Ρ.
760 4599 863 4656 546
901 4599 1009 4653 ΕΙ).
1051 4598 1358 4663 POTTER,
1401 4599 1638 4657 295-296
1696 4600 1808 4656 ΕΙ).
1859 4601 2056 4658 PAlllS

2193 4616 2220 4646 ι
2258 4602 2301 4656 ll
2342 4601 2482 4657 Tim.
2527 4621 2585 4661 ιι.
2626 4604 2717 4669 14,
2761 4605 2845 4669 l6,
2889 4605 2976 4660 17.
3089 4605 3119 4646 δ
3157 4604 3178 4660 l
3219 4607 3357 4661 Cor.
3405 4623 3492 4670 ιιι,
3538 4607 3622 4668 19.
3659 4605 3731 4660 2υ.

483 4677 507 4705 ε
538 4665 716 4724 Jerem
775 4685 852 4740 1x,
882 4671 972 4736 25,
1002 4670 1094 4725 24.
1171 4671 1195 4710 ἀ
1229 4670 1270 4724 ll
1295 4672 1421 4726 Cor.
1458 4689 1495 4737 ι,
1522 4675 1574 4736 9,
1605 4673 1702 4739 10;
1737 4672 1755 4724 ι
1782 4673 1908 4728 Cor.
1937 4691 1998 4742 ιι,
2023 4677 2055 4731 5

2180 4714 2195 4729 .
2272 4685 2294 4714 ε
2326 4675 2441 4729 Col.
2483 4692 2541 4741 ιι,
2578 4665 2716 4739 4,81
2799 4665 3092 4738 τίυιιιηδ.
3169 4679 3197 4718 ι
3223 4679 3354 4732 Act.
3392 4665 3527 4742 χνιί,
3565 4665 3643 4730 t8.

481 4781 507 4824 θ
543 4765 895 4842 qujSphingi
927 4767 994 4842 ad
1030 4765 1259 4842 aenigma
1285 4766 1633 4842 respondit._n
1677 4765 1946 4842 SYL_BUBG.
2092 4777 2134 4831 ι)
2166 4775 2324 4842 σιγᾶς
2353 4773 2492 4837 ὁδός.
2537 4796 2553 4824 ι
2593 4773 2684 4828 Est
2725 4790 2850 4829 cum
2880 4775 3080 4829 silentii
3112 4777 3198 4829 via
3230 4776 3568 4831 fidelissima
3592 4783 3692 4827 est:
3723 4791 3738 4820 ι

552 4833 872 4914 (ᾕ)Α-Μηᾷέ
891 4833 999 4904 εἷς.
1040 4833 1244 4908 Nempe
1265 4833 1412 4907 quod
1453 4835 1700 4891 fabulosa
1751 4838 1894 4904 sint,
1934 4855 2057 4909 qua:
2165 4833 2259 4914 seu
2290 4833 2320 4905 ,⁷
2347 4865 2363 4896 ι
2402 4833 2805 4914 Nonnunquam
2857 4845 3136 4900 silentium
3183 4856 3276 4901 est
3339 4847 3736 4902 tutissimum.»

475 4911 543 4964 de
561 4908 772 4979 Olidipo
802 4908 1070 4963 feruntur.
1339 4977 1368 4979 _
1541 4978 1548 4979 ί
1609 4977 1628 4979 _
1961 4908 1964 4909 ν

2175 4913 2429 4970 5γιιιυιιο.

549 4981 661 5056 (89)
692 4977 930 5056 ρᾔουν
962 4979 1310 5056 ξειατ-ύνειν.
1339 4977 1798 5056 RespicitCln-isti
1821 4979 1888 5056 de
1911 4979 2047 5056 Dina-

2235 4987 2348 5054 (92)
2383 4987 2464 5039 Δι’
2495 4984 2695 5040 οὐδέν.
2724 4987 2820 5050 Εἰς
2844 4986 2994 5040 οὐδέν
3013 4987 3153 5056 apud
3183 4986 3248 5039 Β.
3282 4985 3552 5041 Paulum.
3588 4985 3641 5039 In
3667 5000 3742 5056 se:

477 5048 656 5128 ri_sa:_is
694 5052 895 5128 dictu_m
923 5091 938 5114 ,
979 5048 1173 5128 Matth.
1204 5049 1476 5128 X.MII-,_5:
1508 5050 1693 5128 Πάντα
1714 5049 1796 5128 δὲ.Δ
1813 5051 1880 5128 τᾲ
1918 5051 2054 5122 ἔργα.

2175 5048 2658 5128 quentihusettam
2692 5048 2936 5126 Apostoli
2977 5048 3141 5112 verba
3167 5060 3410 5128 paulum
3459 5067 3661 5113 mutata
3685 5055 3740 5108 ad

476 5121 656 5205 ἀυτῶν
701 5121 913 5206 ποιούσι
946 5121 1104 5206 πρὸς
1127 5121 1187 5174 τὸ
1216 5120 1499 5206 ’θεαθῆναι
1543 5122 1662 5206 τοῖς
1704 5118 2012 5205 ἀνθρωποις
2035 5138 2048 5151 ⁸

2175 5118 2338 5206 {nunmm
2359 5118 3102 5206 institutumnaccommodat.

477 5191 804 5263 πλατύνουσι
825 5193 880 5247 δὲ
900 5192 970 5247 τά
995 5190 1334 5263 φυλακτήρια
1360 5190 1560 5256 αὐτῶν,
1579 5190 1672 5244 καὶ
1691 5190 2053 5262 μεγαλύνουσι

475 5263 546 5316 τὰ
560 5262 988 5334 Δκρτίισπεδιιητῶν
1014 5261 1242 5334 ἱματίων
1274 5263 1471 5317 αὐτῶν.

547 5332 659 5404 (90)
688 5333 1011 5404 Πινδάρουέ
1039 5332 1268 5389 Pindari
1304 5333 1527 5388 eﬂ‘atum
1571 5342 1840 5388 memorat
1887 5333 2048 5388 etiam

477 5414 603 5473 post
619 5405 951 5458 Clementem
971 5403 1369 5473 Theodoretus,
1393 5407 1465 5458 De
1485 5414 1658 5458 curat.
1684 5403 1851 5458 Graec.
1871 5405 2047 5473 affect.

476 5472 644 5556 scrip.
671 5475 724 5540 1,
750 5490 872 5556 pag.
907 5475 1042 5556 {82:
1070 5472 1148 5528 Ἦ
1176 5475 1298 5556 οὐδὲ
1332 5475 1584 5556 Πινδάρῳ
1601 5473 1678 5545 τῷ
1703 5472 2055 5556 λυρικιῖιπεί-

475 5543 658 5628 esse.
687 5543 876 5628 suis:
911 5545 1341 5628 έιπσεγρρειεοντεν
1375 5546 1448 5628 is
1492 5543 1627 5628 ίςρδς
1652 5543 2052 5628 mami-

478 5616 636 5688 ῥῆξαι
660 5616 749 5671 τὸν
768 5617 990 5688 ἀρχαῖον
1014 5616 1205 5687 λόγον;
1235 5635 1255 5669 ι
1282 5619 1364 5671 An
1387 5616 1831 5688 Pindaro,poetaa
1852 5616 2044 5686 lyrico,

474 5687 896 5743 auscultandum
926 5703 1034 5743 non
1072 5689 1295 5754 putatis,
1335 5697 1520 5758 aperte
1547 5687 1854 5758 prohibenti
1901 5689 2045 5743 anti-

473 5774 643 5828 quum
669 5772 977 5828 sermonem
1010 5759 1223 5815 cunctis
1248 5759 1494 5828 aperire?
1533 5777 1551 5811 ι

543 5828 658 5906 (91)
695 5829 858 5884 Ἐσθ’
873 5827 972 5887 ὅτε
1002 5843 1068 5891 π.
1101 5828 1161 5885 F.
1192 5827 1476 5901 legendum
1501 5829 1612 5885 ἔσθ’
1628 5832 1714 5887 ὅτε
1746 5830 2039 5888 πιστοτάτα

2233 5197 2348 5268 (95)
2380 5196 2626 5268 Μηδείς.
2663 5196 2905 5268 Respicit
2944 5200 3018 5265 id,
3053 5198 3196 5268 quod
3228 5201 3386 5268 apud
3432 5199 3497 5254 B.
3531 5198 3745 5253 Paulum

2159 5267 2442 5344 sequitur:
2481 5267 2642 5344 facta
2671 5267 3184 5344 μηᾷεΞςΔκαυχάσθω
3217 5267 3285 5324 ὲν
3314 5269 3652 5344 ἀνθρώποις.

2231 5340 2370 5413 (94)-
2392 5339 2554 5396 Ἀλλ’
2577 5339 2668 5396 ἐν.
2694 5339 2831 5394 Ἀλλ’
2859 5339 3064 5410 ἢὲν,ει
3087 5357 3214 5396 mox
3253 5339 3476 5396 συνιεῖν
3512 5339 3612 5413 pro
3635 5357 3748 5393 συν-

2158 5410 2541 5476 ιέναι,“Ιοι·ιξιιι.

2229 5481 2522 5566 (95).
2555 5481 2623 5536 Δέ
2649 5483 2793 5553 apud
2823 5481 2976 5538 Paul.
3002 5523 3018 5549 ,
3050 5483 3196 5555 quod
3243 5483 3522 5540 Clemens
3559 5484 3612 5539 in
3652 5482 3748 5553 γάρ

2157 5563 2406 5609 mutavit.

2228 5623 2342 5695 (96)
2379 5624 2595 5696 Ταῦτα.
2633 5623 2828 5696 Τορτο,
2857 5625 3094 5696 Coloss.,
3128 5625 3392 5680 utetiam
3421 5625 3743 5696 paulopost.

2153 5766 2194 5822 Ο
2225 5690 2340 5822 €97}
2372 5695 2636 5753 Βλέπετε
2651 5690 3156 5764 οὖν,μή.Βλέπετε,
3181 5697 3264 5768 μή
3285 5715 3376 5760 τις
3405 5690 3555 5769 (ipa;
3585 5693 3744 5754 ἔσται,

2198 5782 2231 5822 o
2255 5782 2367 5822 oss.

2198 5782 2367 5828 OIOSSc
