3794 6330
481 355 598 413 799

1630 351 2016 408 CLEMENTIS
2051 351 2512 406 ALEXANDRINI
3543 366 3621 421 800

495 478 708 538 cimus,
743 474 896 528 nullo
942 472 1106 553 modo
1163 485 1286 527 esse
1336 484 1594 536 causam;
1648 470 1704 524 in
1747 471 1802 525 id
1863 480 2042 524 autem

2169 469 2296 532 ιῦον,
2314 468 2449 522 ἀλλὰ
2461 467 2764 540 προτρέπον
2777 465 2908 537 (16),
2925 469 2972 518 εἱ
2997 467 3088 518 καὶ
3102 468 3169 538 μὴ
3188 471 3494 542 προέτρεπεν,
3515 478 3622 533 Οδτε
3664 515 3668 520 .

494 565 640 635 quod
673 563 958 632 prohibet,
1005 577 1226 618 causam
1283 561 1605 630 culpamque
1658 559 1913 616 conferri.
1949 560 2052 627 Qui

495 655 641 710 enim
670 655 860 726 clypeo
883 654 1137 724 protegit,
1167 653 1239 716 ei,
1271 653 1364 721 qui
1394 651 1712 721 protegitur,
1746 666 1910 705 causa
1949 659 2052 716 est,

495 760 565 800 ne
593 746 892 810 sauciatur,
927 744 1220 814 prohibens
1245 743 1421 812 ipsum
1457 741 1714 797 sauciari.
1741 740 1809 796 Et.
1843 741 2054 796 Socrati

495 831 823 888 daemonium
858 848 1025 889 causa
1057 841 1196 899 erat,
1240 847 1346 885 non
1381 831 1673 900 prohibens
1693 871 1710 896 ,
1732 830 1826 885 sed
1855 832 2058 885 adhor-

497 933 644 991 tans,
676 927 776 981 etsi
832 941 965 980 non.
991 926 1390 980 adhortaretur.
1433 922 1536 978 Sed
1572 938 1669 977 nec
1701 923 1910 990 laudes,
1957 937 2057 977 nec

495 1017 948 1086 vituperationes,
991 1031 1091 1071 nec
1143 1016 1400 1079 honores,
1445 1029 1559 1090 .nec
1599 1014 1863 1082 supplicia
1907 1013 2053 1083 justa

446 1089 451 1102 ί
496 1120 643 1177 sunt,
701 1109 746 1166 si
777 1110 956 1164 anima
1010 1123 1119 1163 non
1149 1107 1344 1161 habeat
1376 1089 1603 1161 liberam
1636 1114 1956 1176 potestatem
2001 1113 2059 1162 et

498 1199 780 1270 appetendi
803 1209 857 1254 et
884 1197 1213 1262 abstinendi,
1247 1195 1341 1251 sed
1386 1196 1459 1249 sit
1506 1195 1701 1250 vitium
1748 1195 2058 1250 involunta-

495 1293 663 1346 rium.
698 1287 850 1346 Unde
894 1289 988 1359 qui
1016 1287 1294 1357 prohibuit
1331 1286 1548 1356 quidem
1575 1326 1590 1350 ,
1623 1300 1790 1340 causa
1815 1295 1928 1353 est;
1963 1287 2056 1356 qui

499 1395 678 1440 autem
709 1399 818 1437 non
861 1380 1142 1452 prohibuit
1183 1388 1346 1449 atque
1390 1379 1654 1448 impediit,
1688 1378 1916 1436 liberam
1941 1380 2058 1434 ani-

499 1492 604 1531 ma:
633 1475 952 1530 electionem
1004 1472 1150 1541 juste
1201 1470 1409 1540 judicat
1439 1489 1452 1523 :
1484 1478 1544 1524 ut
1567 1469 1649 1524 vel
1685 1469 1916 1524 maxime
1937 1469 2060 1540 qui-

498 1567 643 1630 dem,
669 1564 812 1619 Deus
841 1563 998 1618 nobis
1032 1577 1142 1617 non
1175 1563 1245 1616 sit
1271 1577 1437 1616 causa
1475 1560 1614 1614 vitii.
1661 1559 1929 1627 Quoniam
1964 1576 2060 1615 au-

497 1668 606 1712 tem
637 1657 806 1712 libera
857 1654 1052 1710 electio
1078 1663 1133 1709 et
1172 1654 1430 1724 appetitio
1466 1661 1686 1724 peccata
1718 1653 1950 1722 primum
1977 1652 2060 1706 in-

497 1749 680 1815 choat,
717 1748 853 1802 falsa
888 1756 1068 1801 autem
1102 1760 1491 1814 nonnunquam
1517 1743 1827 1798 dominatur
1850 1744 2056 1814 opinio,

2155 563 2210 616 δὲ
2228 564 2276 614 οἱ
2293 561 2520 623 ἔπαινοι,
2543 558 2664 612 οὔτε
2685 561 2732 612 οἱ
2743 558 2919 628 ψόγοι,
2933 557 3109 610 οῠθάί
3131 562 3296 631 τιμαὶ,
3321 562 3419 616 οὗθ’
3437 568 3482 619 αί
3501 569 3625 624 κολά·

2158 671 2266 719 σεις
2288 655 2510 719 δίκαιαι,
2545 655 2619 726 μὴ
2647 653 2747 724 τῆς
2768 653 2943 722 ψυχῆς
2972 651 3191 724 ἐχούσης
3223 653 3313 725 τὴν
3331 657 3539 720 ἐξουσίαν
3553 665 3627 733 τῆς

2156 749 2332 818 ὁρμῆς
2353 749 2446 802 καὶ
2465 747 2738 817 ἀφορμῆς,
2765 744 2876 798 ἀλλ’
2897 745 3146 797 ἀκουσίου
3169 745 3259 815 τῆς
3285 748 3457 812 κακίας
3481 749 3625 822 οὔσης.

2158 839 2316 892 Ὅθεν
2337 841 2364 892 6
2396 839 2492 909 μὲν
2546 837 2792 900 κωλύσας
2818 835 3015 898 αίτιος’
3047 837 3076 887 6
3116 834 3169 888 δὲ
3205 837 3273 908 μὴ
3301 838 3516 904 κωλύσας
3554 843 3630 912 τὴν

2156 932 2362 1004 αἵρεσιν
2389 933 2486 1003 τῆς
2515 932 2692 1002 ψυχῆς
2724 929 2896 1000 κρίνει
2916 926 3136 991 δικαίως
3159 944 3171 954 ο
3196 928 3257 981 ἵν’
3289 929 3364 982 ὅτι
3401 930 3630 1000 μάλισταὸ

2155 1024 2284 1088 Θεὸς
2315 1025 2410 1094 μὲν
2444 1026 2575 1095 ἡμῖν
2612 1023 2809 1086 κακίας
2844 1021 3104 1084 ἀναίτιος.
3147 1020 3289 1074 Ἐπεὶ
3309 1021 3472 1090 δὲκτῶν
3497 1025 3633 1095 ἀμαρ-

2155 1130 2220 1184 τη
2229 1115 2409 1184 μάτων
2426 1113 2736 1185 προαίρεσις
2748 1112 2839 1165 καὶ
2853 1110 2995 1182 ὁρμὴ
3009 1109 3279 1183 κατάρχει,
3291 1111 3631 1187 διημαρτημένη

2155 1207 2211 1260 δὲ
2227 1206 2487 1278 ὑπόληψις
2504 1205 2612 1258 ἐσθ’
2627 1207 2713 1259 ὅτε
2737 1208 2942 1275 κρατεῖ,
2961 1199 3029 1276 ἦς
3042 1205 3253 1272 ἀγνοίας
3267 1207 3351 1258 καὶ
3365 1207 3565 1276 ἀμαθίας
3575 1209 3638 1262 οὖ-

2159 1315 2258 1369 σης
2269 1297 2528 1369 ὀλιγωροῦ
2537 1315 2633 1368 μεν
2659 1297 2977 1367 ἀποστῆναι,
2999 1296 3220 1359 εἰκότως
3241 1299 3291 1349 αἱ
3307 1297 3538 1362 κολάσεις.
3557 1301 3636 1354 Καὶ

2158 1386 2264 1458 γὰρ
2296 1387 2354 1440 τὸ
2377 1387 2658 1458 πυρέττειν
2690 1387 2967 1451 ἀκούσιον,
2996 1386 3109 1439 ἀλλ’
3138 1387 3258 1440 ὅταν
3279 1388 3340 1441 δι’
3387 1390 3546 1442 ἑαυτὸν
3578 1409 3638 1454 τις

2158 1477 2253 1529 καὶ
2273 1476 2338 1530 δι’
2370 1477 2636 1546 ἀκρασίαν
2667 1476 2931 1549 πυρέττῃ,
2969 1475 3261 1547 αἰτιώμεθα
3289 1478 3472 1532 τοῦτον.
3511 1480 3638 1543 Ὧςδὲ

2159 1567 2251 1619 καὶ
2279 1568 2376 1638 τῆς
2403 1568 2598 1632 κακίας
2634 1567 2885 1620 ἀκουσίου
2909 1566 3100 1638 οὔσης·
3133 1569 3191 1620 οὐ
3235 1568 3338 1640 γὰρ
3362 1569 3558 1639 αίρεῖταί
3580 1587 3640 1633 τις

2159 1657 2346 1722 κακὸν,
2467 1659 2635 1712 κακόν
2659 1676 2672 1688 ·
2695 1662 2761 1730 τῇ
2790 1658 2845 1711 δὲ
2871 1660 2998 1729 περὶ
3037 1658 3184 1728 αὐτῷ
3216 1659 3319 1730 (l7)
3349 1659 3488 1730 ἡδονῇ
3525 1676 3643 1713 συνα-

2161 1750 2485 1821 παγόμενος,
2531 1749 2732 1818 ἀγαθὸν
2781 1747 3062 1802 ὑπολαϐὼν
3082 1789 3097 1814 ,
3127 1749 3318 1820 ληπτὸν
3346 1751 3546 1819 ἡγεῖται.
3569 1744 3644 1802 Ὧν

499 1857 528 1896 a
553 1857 680 1912 qua,
707 1849 830 1894 cum
867 1839 1172 1910 ignorantia
1207 1846 1262 1892 et
1284 1836 1551 1905 imperitia
1582 1835 1672 1901 sit,
1697 1835 1944 1890 recedere
1963 1849 2059 1889 ne-

2169 1841 2324 1906 )ὖτως
2347 1841 2595 1912 ἐχόντων,
2621 1840 2681 1894 τὸ
2706 1840 3139 1894 ἀπαλλάττεσθαι
3156 1841 3247 1911 τῆς
3271 1858 3324 1892 τε
3351 1841 3555 1909 ἀγνοίας,
3573 1841 3644 1908 τῆς

501 1936 753 2007 gligimus
779 1977 792 2002 ,
835 1934 959 2004 jure
1000 1933 1322 2002 inﬂiguntur
1344 1931 1631 2001 supplicia.
1665 1930 1886 1986 Febrire
1914 1931 2058 1986 enim

498 2036 583 2082 est
612 2026 1059 2090 involuntarium,
1096 2025 1188 2080 sed
1220 2039 1344 2080 cum
1373 2023 1497 2092 quis
1530 2038 1625 2092 per
1669 2039 1727 2078 se
1766 2032 1820 2079 et
1843 2031 2062 2093 propter

499 2135 654 2174 suam
712 2118 1188 2188 intemperantiam
1239 2115 1502 2181 febrierit,
1537 2130 1661 2170 eum
1707 2115 2060 2184 reprehendi-

497 2226 641 2267 mus.
672 2209 869 2280 Utpote
909 2226 1033 2264 cum
1082 2207 1509 2263 involuntarium
1560 2205 1674 2275 jam
1715 2207 1786 2262 sit
1810 2207 2057 2260 malum:

497 2316 658 2356 nemo
689 2302 832 2355 enim
881 2301 1082 2355 malum
1131 2300 1315 2370 eligit,
1356 2310 1626 2371 quatenus
1676 2298 1918 2362 malum,
1965 2298 2060 2352 sed

497 2391 763 2445 abductus
812 2391 880 2445 ab
908 2406 994 2455 ea,
1031 2406 1152 2460 quae
1202 2391 1344 2445 inest
1388 2391 1443 2445 in
1476 2391 1629 2461 ipso,
1673 2389 1968 2458 voluptate,
2005 2387 2058 2441 id

498 2483 705 2537 bonum
753 2490 907 2538 ratus
930 2525 944 2549 ,
981 2481 1386 2552 suscipiendum
1437 2483 1729 2537 existimat.
1765 2481 1898 2547 Quae
1933 2495 2058 2535 cum

498 2571 572 2625 ita
601 2587 659 2627 se
685 2572 939 2638 habeant,
963 2582 1016 2626 et
1049 2572 1270 2627 liberari
1292 2573 1360 2626 ab
1387 2572 1747 2641 ignoratione,
1775 2582 1827 2626 et
1855 2588 1886 2626 a
1916 2572 2058 2625 mala

497 2671 553 2717 et
578 2662 879 2718 delectabili
923 2663 1219 2729 electione,
1253 2672 1458 2729 etante
1495 2664 1680 2718 omnia
1729 2679 1837 2718 non
1868 2678 2059 2717 assen-

499 2753 588 2806 tiri
624 2751 914 2825 fallacibus
944 2753 1050 2809 illis
1073 2753 1378 2824 pbantasiis
1403 2764 1456 2809 et
1487 2754 1620 2810 visis
1646 2793 1662 2818 ,
1697 2753 1862 2809 situm
1892 2763 1975 2808 est
2004 2755 2058 2807 in

499 2854 682 2899 nostra
737 2852 1025 2914 potestate.
1067 2864 1086 2897 ι
1120 2844 1284 2900 Latro
1322 2865 1342 2898 ι
1379 2856 1561 2902 autem
1597 2855 1651 2901 et
1688 2865 1708 2898 ‹
1746 2846 1835 2901 fur
1871 2865 1889 2898 ι
1925 2847 2060 2901 dici-

499 2944 589 2987 tur
609 2933 880 2998 diabolus,
911 2935 1003 3004 qui
1044 2934 1324 3004 prophetis
1352 2934 1852 3004 pseudoprophetas
1883 2935 2060 2988 admi-

499 3024 660 3092 scuit,
690 3033 948 3094 tanquam
985 3024 1260 3080 frumento
1302 3025 1532 3081 zizania.
1568 3044 1588 3076 ι
1622 3025 1822 3080 Omnes
1848 3044 1867 3077 ι
1897 3040 2060 3096 ergo,

503 3136 524 3170 ι
553 3117 643 3187 qui
696 3116 918 3172 fuerunt
943 3127 1068 3172 ante
1098 3117 1413 3181 Dominum,
1446 3117 1598 3172 fures
1621 3125 1676 3172 et
1697 3118 1936 3172 latrones
1960 3128 1984 3156 ο
2007 3134 2050 3172 ;›

499 3227 607 3265 non
635 3211 884 3264 absolute
930 3219 1112 3264 autem
1162 3224 1355 3266 omnes
1401 3211 1675 3278 homines,
1723 3209 1818 3265 sed
1869 3224 2059 3265 omnes

498 3301 1003 3372 pseudoprophetae,
1061 3309 1115 3355 et
1147 3315 1358 3362 omnes.
1407 3301 1502 3370 qui
1553 3315 1662 3354 non
1719 3301 1936 3370 proprie
1991 3300 2059 3354 ab

499 3393 618 3461 ipso
642 3392 797 3447 missi
831 3398 978 3445 sunt.
1014 3389 1337 3446 Habuerunt
1361 3399 1542 3446 autem
1573 3390 2060 3460 pseudopmphcta:

443 3481 451 3484 ’
499 3499 718 3554 quoque
747 3484 950 3539 furtum
977 3525 992 3550 ,
1019 3483 1166 3553 quod
1225 3482 1500 3552 pr0phetae
1547 3482 1858 3536 dicerentur
1889 3500 1901 3536 :
1935 3497 2058 3536 cum

498 3580 776 3650 prophetae
801 3579 1020 3649 quidem
1049 3587 1252 3643 essent,
1279 3577 1374 3632 sed
1404 3577 1543 3646 ejus,
1568 3577 1661 3646 qui
1693 3584 1776 3632 est
1802 3577 2056 3631 mendax.

500 3671 640 3726 Dicit
661 3671 802 3724 enim
831 3669 1096 3725 Dominus
1129 3689 1140 3723 :
1185 3689 1203 3722 ι
1237 3667 1347 3726 Vos
1371 3684 1434 3726 ex
1459 3677 1611 3739 patre
1639 3678 1819 3726 vestro
1845 3671 2061 3726 diabolo

499 3765 721 3827 estis.>I<
757 3773 810 3819 et
835 3763 1099 3818 desideria
1130 3763 1299 3833 patris
1328 3764 1491 3819 vestri
1528 3763 1690 3818 vultis
1738 3763 1936 3819 facere.
1969 3763 2062 3817 ille

501 3855 771 3910 homicida
802 3863 918 3910 erat
967 3855 1036 3909 ab
1068 3855 1246 3919 initio,
1281 3863 1336 3910 et
1393 3855 1448 3908 in
1482 3855 1706 3909 veritate
1744 3871 1850 3908 nou
1895 3854 2060 3919 stetit,

501 3949 759 4019 quoniam
795 3963 902 4002 non
935 3955 1019 4003 est
1049 3947 1102 4002 in
1137 3948 1257 4018 ipso
1291 3947 1510 4002 veritas.
1544 3945 1679 4001 Cum
1708 3946 1920 4002 locutus
1945 3947 2060 4001 fue-

503 4040 574 4092 rit
601 4037 818 4104 falsum,
853 4053 919 4092 ex
952 4038 1186 4107 propriis
1245 4037 1507 4106 loquitur,
1541 4037 1796 4106 quoniam
1835 4037 2062 4091 mendax

499 4142 605 4196 est,
646 4140 699 4186 et
726 4139 878 4201 pater
915 4130 1034 4200 ejus
1063 4131 1114 4184 δ.
1153 4149 1173 4182 ι
1211 4128 1270 4183 ιιι
1295 4129 1448 4184 falsis
1479 4139 1656 4183 autem
1687 4143 1814 4183 vera
1847 4143 2062 4198 quoque

502 4224 680 4295 aliqua
719 4223 971 4278 dicebant
995 4213 1496 4292 pseudopmpheue.
1533 4219 1600 4274 Et
1645 4219 1682 4273 ii
1725 4235 1909 4274 revera
1940 4234 2065 4289 pro-

2160 1952 2221 1987 τε
2250 1934 2510 2005 αἱρέσεως
2548 1934 2648 2004 τῆς
2693 1933 2901 2004 φαύλης
2940 1934 3032 1986 καὶ
3092 1932 3403 2005 ἐπιτερποῦς
3428 1973 3441 1995 ,
3468 1932 3544 1985 κα)⁸
3569 1932 3648 2001 πρὸ

2161 2029 2361 2082 τούτων
2387 2028 2445 2081 τὸ
2482 2028 2556 2099 μὴ
2606 2027 3090 2096 συγκατατίθεσθαι
3119 2031 3234 2091 ταῖς
3265 2027 3533 2099 ἀπατηλαῖς
3549 2027 3648 2078 ὲκεί-

2161 2138 2279 2185 ναις
2305 2119 2640 2189 φαντασίαις,
2666 2121 2948 2173 ἀπόκειται
2975 2121 3057 2189 ἐφ’
3085 2123 3234 2191 ἡμῖν.
3266 2139 3283 2170 ‹
3307 2119 3499 2193 Λῃστὴς
3521 2119 3566 2171 δὲ
3584 2119 3651 2170 καὶ

2162 2211 2394 2284 κλέπτης
2419 2231 2436 2262 ι
2470 2213 2498 2265 6
2521 2210 2762 2274 διάϐολος
2807 2209 3041 2280 λέγεται,
3081 2211 3502 2282 ψευδοπροφήτας
3529 2211 3652 2277 61m-

2160 2303 2387 2374 ταμίξας
2423 2305 2532 2366 τοῖς
2563 2303 2887 2373 προφήταις,
2915 2302 3168 2374 καθάπερ
3189 2301 3263 2372 τῷ
3287 2299 3430 2373 πυρῷ
3457 2301 3517 2354 τὰ
3543 2297 3653 2364 ζιζᾶ-

2160 2412 2282 2450 νια·
2320 2414 2338 2446 ι
2376 2393 2583 2457 Πάντες
2628 2392 2721 2447 οὖν
2761 2396 2808 2446 oi
2853 2395 2959 2466 πρὸ
2999 2393 3205 2464 Κυρίου
3238 2392 3448 2446 κλέπται
3487 2391 3564 2445 καὶ
3587 2391 3654 2460 ln-

2163 2484 2313 2538 σταί·
2351 2503 2369 2535 ι
2413 2485 2511 2553 οὐχ
2559 2483 2745 2548 ἁπλῶς
2792 2483 2992 2547 πάντες
3024 2483 3329 2554 ἄνθρωποι,
3359 2480 3595 2543 πάντεςδὲ
3621 2481 3656 2530 cl

2158 2572 2611 2644 ψευδοπροφῆται,
2669 2574 2764 2626 καὶ
2813 2573 3011 2637 πάντες
3058 2574 3107 2625 οἱ
3152 2571 3224 2643 μὴ
3257 2570 3444 2643 κυρίως
3473 2570 3549 2621 ὑπ’
3583 2568 3656 2620 αὑ-

2159 2664 2251 2718 τοῦ
2311 2663 2718 2727 ἀποσταλέντες.
2772 2659 2930 2734 Εἶχον
2992 2663 3048 2716 δὲ
3105 2665 3199 2716 καὶ
3242 2663 3290 2716 οί
3343 2658 3658 2732 ψευδοπροφῆ-

2159 2770 2246 2806 ται
2299 2754 2358 2806 τὸ
2407 2753 2629 2825 κλέμμα
2684 2755 2745 2806 τὸ
2801 2753 2970 2824 ὄνομα
3035 2754 3096 2807 τὸ
3161 2752 3510 2825 προφητικὸν,
3562 2765 3661 2819 προ-

2161 2845 2326 2914 φῆται
2392 2844 2583 2909 ὄντες,
2643 2844 2777 2897 ἀλλά
2844 2844 2941 2897 τοῦ
2993 2843 3250 2913 ψεύστου.
3303 2845 3456 2911 Λέγει
3509 2839 3597 2910 γὰρ
3639 2839 3661 2890 6

2160 2936 2410 3007 Κύριος·ι
2433 2937 2620 3007 Ὑμεῖς
2637 2937 2700 2989 ὲκ
2730 2935 2822 2989 τοῦ
2841 2937 3043 3006 πατρὸς
3065 2935 3344 3007 ὑμῶν(ί8)
3361 2934 3446 2987 τοῦ
3467 2931 3662 2987 διαϐόλου

2160 3032 2301 3096 ὲστὲ,
2335 3031 2430 3084 καὶ
2477 3031 2574 3095 τάς
2628 3029 2921 3100 ἐπιθυμίας
2953 3029 3044 3082 τοῦ
3093 3029 3299 3100 πατρὸς
3345 3024 3484 3098 ὑμῶν
3525 3024 3664 3078 θέλετε

2161 3126 2349 3176 ποιεῖν.
2391 3124 2625 3185 Ἐκεῖνος
2658 3121 3097 3194 ἀνθρωποκτόνος
3130 3118 3198 3193 ἦν
3223 3121 3315 3175 ἀπ’
3336 3119 3510 3190 ἀρχῆς,
3532 3115 3604 3170 καί
3625 3117 3666 3165 ἐν

2086 3190 2128 3244 C
2163 3217 2226 3285 τῇ
2261 3213 2484 3285 ἀληθείᾳ
2530 3215 2626 3284 οὐχ
2677 3190 2927 3283 ἕστηκεν,
2963 3213 3043 3265 ὅτι
3093 3190 3195 3266 οὐκ
3230 3211 3370 3264 ἐστιν
3410 3208 3603 3280 ἀλήθεια
3625 3207 3667 3257 ὲν

2164 3305 2328 3375 αὐτῷ.
2369 3305 2478 3358 Ὄτ’
2501 3303 2564 3356 ἂν
2611 3303 2743 3374 λαλῇ
2779 3303 2838 3356 τὸ
2867 3302 3076 3372 ψεῦδος,
3123 3305 3188 3356 ἐκ
3232 3301 3339 3354 τῶν
3372 3300 3502 3353 ἰδίων
3537 3296 3666 3349 λαλεῖ·

2163 3397 2242 3449 ὅτι
2273 3394 2508 3464 ψεύστης
2545 3394 2690 3456 ἐστὶ,
2741 3393 2836 3446 καὶ
2863 3395 2891 3445 6
2917 3393 3097 3464 πατὴρ
3139 3391 3321 3446 αὑτοῦ.
3348 3409 3365 3441 ι
3413 3389 3490 3441 Ἐν
3517 3387 3564 3440 δὲ
3587 3385 3670 3446 τοῖς

2163 3485 2378 3556 ψεύδεσι
2409 3485 2502 3538 καὶ
2523 3483 2694 3554 ἀληθῆ
2719 3483 2828 3556 (l9)
2847 3502 2966 3538 τινα
2997 3484 3182 3552 ἔλεγον
3205 3485 3252 3537 οί
3277 3478 3668 3552 ψευδοπροφῆται.

2164 3578 2274 3630 Καὶ
2304 3574 2379 3646 τῷ
2423 3575 2535 3628 ὄντι
2585 3571 2726 3629 οὗτοι
2763 3577 2819 3628 ὲν
2859 3593 2878 3626 ι
2904 3576 3160 3629 ἐκστάσει
3193 3595 3211 3626 ι
3249 3566 3672 3645 προεφήτευον,ὼς

2167 3669 2230 3722 ἂν
2272 3689 2290 3721 ι
2319 3670 2619 3723 ἀποπάτου
2649 3689 2666 3720 ι
2697 3669 2947 3722 διάκονοι.
2976 3669 3141 3737 Λέγει
3175 3669 3232 3723 δὲ
3279 3667 3372 3722 καὶ
3399 3669 3426 3720 6
3447 3660 3675 3733 Ποιμὴν,6

2167 3761 2392 3831 ἄγγελος
2435 3761 2533 3831 τῆς
2577 3761 2863 3831 μετανοίας
2909 3760 3018 3831 (20)
3040 3801 3054 3825 ,
3107 3759 3187 3831 τῷ
3249 3759 3419 3831 Ἑρμᾷ
3464 3755 3573 3825 περὶ
3604 3746 3673 3801 της

2165 3849 2622 3922 ψευδοπροφήτου·
2691 3868 2707 3898 ι
2761 3849 2892 3902 Τινά
2955 3849 3065 3920 (‘2!)
3129 3848 3240 3920 γὰρ
3304 3848 3513 3918 ῥήματα
3542 3837 3676 3907 ἀληθῆ

2166 3941 2330 3997 λαλεῖ·
2363 3944 2392 3995 6
2423 3941 2530 4010 γὰρ
2561 3940 2800 4004 διάϐολος
2829 3941 2990 3994 αὐτὸν
3027 3942 3229 4012 πληροῖ
3259 3939 3333 4010 τῷ
3354 3934 3528 3991 ἑαυτοῦ
3555 3927 3678 3984 πνεύ-

2170 4053 2320 4107 ματι,
2351 4033 2406 4086 εἴ
2431 4051 2550 4086 τινα
2578 4033 2862 4105 δυνήσεται
2898 4033 3056 4104 ῥῆξαι
3088 4034 3202 4087 τῶν
3233 4033 3464 4086 δικαίων.
3489 4048 3504 4079 ι
3536 4025 3681 4079 Πάντα

2172 4124 2270 4192 μὲν
2309 4119 2399 4176 οὖν
2431 4125 2788 4194 οίκονομεῖται
2821 4123 3024 4178 ἀνωθεν
3049 4124 3128 4188 είς
3161 4123 3344 4187 καλὸν,
3383 4141 3400 4172 ι
3426 4121 3505 4173 ἵνα
3526 4128 3680 4185 γνωρι·

2171 4215 2269 4288 σοῇ
2320 4215 2404 4269 διὰ
2449 4217 2544 4286 τῆς
2587 4216 2909 4288 Ἐκκλησίας
2948 4217 2982 4286 ή
3023 4216 3404 4279 πολυποίκιλος
3440 4211 3579 4282 σοφία
3608 4201 3680 4258 τοῦ

573 4363 629 4421 >3
660 4354 721 4410 Ρ.
745 4354 849 4409 569
881 4353 990 4408 ΕΙ).
1018 4352 1309 4419 POTTER,
1334 4353 1438 4408 312
1467 4351 1574 4406 ΕΙ).
1602 4351 1822 4406 ΡΑιιιδ.
1851 4355 1884 4422 ξ
1955 4364 1979 4391 ιι
2005 4350 2062 4404 J0

2195 4367 2249 4416 x,
2279 4352 2330 4406 8.
2409 4351 2438 4390 ιι
2469 4349 2626 4406 Joan.
2655 4367 2777 4418 vm,
2802 4351 2890 4406 44.

569 4494 679 4565 (l6)
704 4496 849 4564 Οὐχὶ
860 4496 946 4565 μὴ
970 4494 1222 4560 κωλῦον,
1238 4495 1396 4549 ἀλλὰ
1418 4493 1766 4565 προτρέπον.
1785 4491 2061 4565 Lovvthius
2093 4495 2137 4549 D

502 4562 846 4636 scribendum
863 4562 1180 4628 admonuit,
1206 4565 1324 4636 οὐχὶ
1349 4564 1421 4635 μὴ
1445 4564 1769 4636 προτρέπον,
1803 4562 1934 4636 ἀλλά
1965 4578 2066 4614 κω-

501 4635 644 4688 λῦοψ
680 4647 732 4689 et
762 4635 985 4690 delenda
1023 4634 1323 4703 sequentia,
1353 4634 1418 4688 εί
1450 4634 1544 4686 καὶ
1586 4634 1664 4704 μὴ
1709 4634 2058 4704 προέτρεπεν.

501 4704 690 4774 Quoad
721 4720 849 4758 vero
878 4707 979 4759 hoc
1007 4715 1366 4774 postremum,
1391 4704 1440 4758 ei
1471 4704 1723 4774 assentiri
1757 4704 1895 4757 haud
1933 4716 2063 4771 pos-

502 4773 644 4830 sum.
673 4774 876 4829 Sensus
897 4773 1042 4829 enim
1061 4785 1162 4840 est,
1194 4794 1212 4826 ι
1247 4776 1580 4829 Haemonium
1610 4773 1816 4827 Socrati
1841 4785 2062 4826 causam

501 4845 692 4913 agendi
725 4844 914 4908 fuisse,
949 4860 1058 4898 non
1089 4860 1212 4898 eum
1257 4844 1542 4904 hortando.
1581 4843 1673 4897 sed
1709 4842 2062 4911 prohibendo,

501 4916 954 4981 ctiamtum,cum
997 4930 1105 4968 non
1145 4915 1475 4969 hortaretur.
1511 4933 1530 4964 ι
1553 4913 1679 4966 Vult
1706 4913 1847 4966 enim
1877 4923 2066 4966 auctor

501 4986 787 5040 ostendere
813 4999 921 5038 non
946 4988 1121 5039 solum
1153 5001 1299 5046 eum,
1334 4984 1427 5053 qui
1450 4984 1731 5048 hortatur;
1770 4983 1862 5036 sed
1902 4982 2065 5035 etiam

500 5070 648 5120 eum,
705 5056 797 5125 qui
847 5055 1390 5126 prohibettetiamsi
1449 5069 1556 5126 non
1582 5053 1888 5126 Ahortetur,
1941 5066 2067 5126 vere

503 5119 737 5179 causam'
757 5119 898 5180 esse.
925 5119 1380 5179 Porro'Socrates
1411 5124 1550 5192 apud
1579 5121 1853 5177 Platonem
1881 5119 2064 5184 refert,

503 5194 852 5259 dsemonium,
874 5195 1018 5264 quod
1043 5196 1144 5249 sibi
1170 5195 1478 5257 assistebat,
1505 5192 2064 5264 prohiberesolitum,

505 5279 614 5335 non
638 5278 765 5318 vero
788 5259 1015 5328 hortari,
1050 5264 1244 5335 Theag.
1277 5281 1397 5334 pag.
1429 5259 1535 5335 95:;
1571 5263 1860 5335 "Eastydp
1879 5259 2069 5335 τιθείς.

507 5332 672 5405 μοίρᾳ
703 5335 1078 5405 παρεπόμενον
1110 5329 1252 5405 ἐμοὶ,
1277 5329 1373 5388 ευῑ
1395 5333 1579 5396 παιδὸς
1622 5329 2067 5405 ἀρξάμενονδαι-

507 5400 705 5476 μόνιον·
743 5400 895 5476 Ἔστι
918 5400 974 5458 δὲ
1005 5400 1161 5476 τοῦτο
1184 5405 1354 5476 φωνὴ,
1381 5405 1561 5475 ἣόταν
1582 5400 1834 5476 γένηται,
1862 5400 1945 5452 ἀεί
1981 5417 2068 5476 μοι

507 5470 758 5546 ὰημαίνει
787 5475 815 5528 ὃ
838 5475 920 5546 ,ἀν
968 5475 1142 5546 μέλλω
1180 5470 1457 5546 πράττειν,
1505 5473 1691 5546 τούτου
1730 5470 2065 5546 ἀποτροπήν·

508 5541 799 5617 προτρέπει
828 5545 884 5599 δὲ
902 5541 1246 5617 ίοῦδέποτεηὶ
1275 5544 1438 5598 Adest
1476 5543 1606 5617 mihi
1635 5543 1814 5596 divina
1836 5541 2068 5610 quadam

509 5613 659 5692 scrte'
682 5616 1008 5672 daemonium
1034 5614 1329 5692 quoddam,
1353 5630 1381 5668 a
1413 5613 1640 5684 pueritia
1667 5619 2024 5692 mensecutum
2053 5626 2067 5661 :

515 5679 620 5752 hoc
645 5696 824 5741 autem
850 5701 953 5740 vox
984 5679 1068 5739 est
1109 5686 1377 5752 quaedam,
1415 5679 1546 5752 'qua:
1589 5697 1710 5735 cum
1749 5681 1825 5745 tit,
1859 5693 2070 5752 semper

511 5750 628 5826 εθίιιε
653 5755 749 5818 rei,
778 5770 942 5826 quam
965 5748 1211 5809 facturus
1241 5748 1384 5826 sum.
1414 5748 2064 5826 dissuasio_nern__innuit,

511 5818 759 5878 hortatur
781 5818 906 5878 vero
926 5839 1222 5893 nunquam.
1249 5843 1266 5874 ι
1290 5821 1419 5888 Quae
1437 5822 1573 5876 infra
1593 5821 1779 5876 recitat
1797 5819 2066 5879 Clemens.

2166 4506 2218 4560 p.
2253 4489 2376 4544 ⁸554.
2408 4489 2616 4545 Similia
2659 4491 2798 4561 apud
2834 4489 3111 4546 Platonem
3139 4496 3431 4546 occurrunt
3461 4485 3509 4539 in
3535 4480 3683 4536 Socra-

2167 4561 2234 4615 tis
2265 4561 2467 4626 apolog.
2506 4576 2558 4629 p.
2593 4561 2680 4614 '50.

2239 4622 2348 4700 (Π)
2379 4622 2520 4697 Περί
2550 4631 2726 4696 αὐτῷ.
2765 4629 2941 4684 Etiam
2981 4631 3296 4686 accusativo
3336 4643 3462 4684 casu
3490 4622 3578 4694 legi
3613 4633 3685 4688 p0-

2168 4700 2420 4771 testrrepl
2453 4701 2600 4771 αὐτό.
2641 4701 2905 4771 Svrsunc.

2242 4768 2377 4840 (18)
2400 4768 2600 4840 Ὺμῶν.
2640 4771 2803 4840 Abest
2825 4787 2854 4824 a
2883 4769 3041 4824 Joan.

2239 4829 2350 4910 (19)
2395 4829 2626 4905 Ἀληθῆ.
2661 4839 2815 4906 Quod
2860 4839 2980 4894 falsi
3013 4840 3294 4909 prOpbetse
3321 4851 3444 4891 vera
3464 4829 3679 4910 quaedam

2169 4902 2702 4973 falsis'miscuerint,
2721 4920 2978 4963 notarunt
3005 4902 3170 4964 etiarn
3198 4910 3433 4977 scriptor
3458 4902 3684 4977 Recogﬂil-

2169 4981 2264 5034 lib.
2293 4995 2365 5040 iv,
2399 4995 2448 5048 (ξ.
2479 4981 2566 5044 21,
2597 4971 2688 5045 2'2,
2715 4990 2770 5034 et
2799 4981 2896 5036 lib.
2925 4996 3041 5040 vm,
3068 4997 3120 5034 c.
3147 4979 3238 5042 60,
3270 4971 3686 5048 pseudo-Animo:

2169 5033 2285 5104 sius
2318 5033 2383 5102 ad
2409 5047 2430 5099 Ι
2460 5033 2652 5104 Thess.
2676 5033 2735 5114 ξι,
2758 5033 2861 5112 2i,
2881 5033 2934 5103 et
2970 5033 3613 5118 ps'eudo-Clirysostomlls
3636 5033 3688 5118 ξιοά

2170 5103 2357 5173 nam».
2391 5135 2503 5184 vn,
2533 5103 2626 5174 ei.
2646 5103 2815 5176 cani.
2839 5103 3235 5175 'Mauhbnides
3257 5103 3346 5174 De”
3370 5103 3688 5186 fundamentis

2170 5190 2319 5260 legis,
2351 5204 2468 5258 cap.
2499 5190 2585 5250 10,
2617 5207 2672 5243 ιι.
2704 5191 2759 5260 3.
3041 5199 3049 5207 ‘

2241 5251 2353 5327 (20)
2396 5251 2669 5330 Ἄγγελος
2696 5259 2807 5327 τῆς
2989 5260 3060 5315 De
3084 5260 3194 5330 hoc
3226 5258 3415 5330 angelo
3439 5251 3569 5312 conf.
3595 5258 3692 5330 9“?

2173 5320 2874 5384 adnotavit'Cotelerius'ad
2907 5329 3117 5384 Hermae
3146 5320 3498 5390 Past.'lib.tt,
3523 5338 3569 5379 c.
3589 5320 3689 5384 LP-

2173 5399 2241 5452 85
2268 5400 2394 5452 edit.
2429 5399 2726 5453 Amstelod.

2246 5468 2355 5537 (2!)
2407 5467 2567 5523 Τινά.
2613 5467 2739 5524 Haec
2769 5467 2959 5522 Latine
3006 5478 3227 5524 exstant
3272 5465 3414 5536 apud
3451 5461 3690 5517 Hermam.

2174 5537 2385 5592 Pastor.
2420 5540 2514 5592 lib.
2551 5556 2608 5603 ιι,
2650 5539 2833 5593 mand.
2881 5539 2969 5601 10,
2999 5555 3052 5608 p.
3087 5541 3151 5595 97
3176 5559 3190 5594 :
3219 5559 3237 5591 ι
3262 5537 3512 5604 Quaedam
3540 5537 3688 5608 auer

2174 5609 2334 5662 verba
2383 5625 2506 5664 vera
2553 5610 2814 5678 loquitur.
2863 5603 3121 5664 Diabolus
3153 5603 3346 5678 implet
3373 5619 3490 5678 eum
3533 5603 3692 5678 Spiritu

2175 5659 2296 5749 aio;
2309 5659 2313 5660 ί
2326 5659 2381 5734 αι
2396 5659 2890 5749 ’ᾱὲῇείιίῗεῖιῖᾇιιέηῐ
2905 5659 3358 5749 ἱεῖἱιίἐῧέξῖἳλῦἰ
3391 5659 3692 5749 ἐῆξαιιίιλυρά

2177 5737 2406 5802 Her-veto
2422 5737 2519 5818 est
2567 5768 2586 5799 ι
2616 5737 2887 5818 frangere,
2913 5768 2930 5799 ι
2982 5737 3176 5804 melius
3219 5737 3512 5818 explicatur
3548 5737 3696 5818 «ᾁςίξς

2175 5833 2314 5874 cere.
2342 5839 2359 5870 ι
2414 5817 2508 5874 Est
2558 5820 2704 5874 enim
2741 5804 2976 5875 “verbum
3023 5820 3240 5874 athletis
3280 5804 3342 5870 ac
3384 5804 3696 5868 bellatoribus
