3938 6324
209 368 306 426 θοι

1485 361 1916 424 STROMATUM
1957 365 2088 420 LIB.
2133 365 2173 421 I.

3357 369 3462 427 80‘!

211 489 365 548 Θεοῦ,
401 486 551 540 κατά
597 485 898 557 πρόγνωσιν
931 484 1042 556 (2‘2)
1075 483 1182 536 τῶν
1219 481 1558 555 αίώνων,ἣν
1595 484 1783 556 ἐποίη-

1897 486 2181 555 phetabant
2213 486 2266 540 in
2300 505 2319 538 ι
2359 488 2584 552 exstasi,
2619 507 2638 540 ι
2677 500 2737 544 ιιι
2767 507 2788 542 ι
2831 499 3112 560 οροειιιῑιθ,
3153 509 3172 540 ν
3207 486 3350 558 ejus,
3378 489 3464 542 in-

214 597 298 634 σεν
334 581 391 632 ἐν
423 575 661 648 Χριστῷο
690 596 708 627 ι
747 575 824 646 τῷ
855 574 972 646 Θεῷ
1011 575 1066 628 δὲ
1112 574 1261 628 οὐδὲν
1293 574 1622 640 ἀντίκειται,
1664 575 1782 630 οὐδὲ

212 669 546 724 ἐναντιοῦταί
575 684 626 720 τι
659 667 827 738 αὐτῷ,
861 667 1050 739 Κυρίῳ
1081 667 1174 720 καὶ
1220 668 1616 737 παντοκράτορι
1648 668 1780 722 δντι.

224 762 378 815 Ἀλλά
405 763 506 814 καὶ
530 761 582 814 αἱ
614 759 721 813 τῶν
749 760 1235 829 ἀποστατησάντων
1258 758 1371 829 (25)
1404 758 1588 828 βουλαί
1609 777 1667 812 τε
1692 760 1786 814 καὶ

213 853 502 922 ἐνέργειαι,
551 852 774 923 μερικαὶ
821 845 1006 914 οὖσαι,
1041 851 1278 919 γίνονται
1329 849 1426 921 μὲν
1473 850 1537 902 ἐκ
1580 849 1786 920 φαύλης

213 943 525 1008 διαθέσεως,
562 943 808 1015 καθάπερ
841 944 934 997 καὶ
965 942 1022 997 αί
1051 942 1193 996 νόσοι
1229 943 1284 996 αἱ
1324 943 1652 1013 σωματικαί·
1689 960 1785 995 κυ-

218 1037 511 1109 ϐερνῶνται
556 1037 614 1090 δὲ
664 1035 766 1090 ὑπὸ
808 1037 905 1106 τῆς
950 1034 1172 1100 καθόλου
1219 1034 1471 1106 προνοίας
1504 1035 1596 1087 ἐπί
1639 1033 1788 1098 τέλος

217 1129 460 1198 ὑγιεινὸν,
500 1127 604 1182 κᾶν
648 1126 922 1189 νοσοποιὸς
1057 1125 1092 1196 ἠ
1137 1124 1303 1178 αἰτία.
1350 1125 1622 1192 Μέγιστον
1659 1123 1788 1192 γοῦν

217 1222 310 1292 τῆς
341 1221 493 1285 Θείας
526 1219 802 1292 προνοίας,
830 1219 891 1272 τὸ
927 1218 1001 1291 μὴ
1034 1220 1190 1272 ἐᾶσαι
1224 1216 1318 1288 τὴν
1350 1216 1410 1282 ἐξ
1440 1217 1790 1280 ἀποστάσεως

219 1313 458 1367 ἑκουσίου
495 1314 724 1381 φυεῖσαν
759 1311 954 1365 κακίαν
986 1309 1255 1382 ἄχρηστον
1291 1309 1386 1363 καὶ
1413 1307 1662 1378 ἀνωφελῆ
1693 1309 1789 1378 μέ-

221 1423 342 1467 νειν,
369 1403 506 1474 μηδὲ
536 1404 643 1474 μὴν
669 1401 808 1455 κατά
833 1401 1007 1455 πάντα
1036 1399 1304 1472 βλαϐερὰν
1326 1399 1493 1470 αὐτὴν
1517 1399 1786 1468 γενέσθαι·

219 1498 309 1568 τῆς
362 1496 473 1567 γὰρ
523 1494 674 1560 θείας
704 1496 925 1564 σοφίας,
974 1495 1067 1549 καὶ
1111 1494 1333 1566 ἀρετῆς,
1376 1493 1470 1546 καὶ
1515 1491 1794 1563 δυνάμεως

223 1588 369 1658 ἔργον
406 1586 559 1638 ἐστὶν
591 1585 651 1638 οὐ
693 1585 852 1656 μόνον
881 1585 942 1638 τὸ
972 1582 1318 1653 ἀγαθοποιεῖν
1355 1581 1538 1652 (φύσις
1569 1582 1696 1654 γάρ,
1719 1583 1794 1646 ὡς

222 1680 404 1742 είπεῖν,
435 1677 581 1748 αῦτη
615 1677 706 1730 τοῦ
737 1677 894 1740 Θεοῦ,
927 1676 1002 1739 ὡς
1033 1674 1127 1728 τοῦ
1163 1677 1333 1746 πυρὸς
1363 1675 1423 1728 τὸ
1461 1674 1792 1746 θερμαίνειν,

223 1771 307 1825 καί
333 1769 420 1823 τοῦ
456 1769 638 1839 φωτὸς
672 1769 732 1822 τὸ
772 1766 1071 1838 φωτίζειν)·
1108 1766 1242 1820 ἀλλά
1285 1769 1502 1820 κάκεῖνο
1537 1765 1791 1837 μάλιστα,

223 1861 276 1915 τὸ
303 1861 387 1916 διὰ
417 1836 611 1915 κακῶν
644 1860 750 1915 τῶν
786 1836 1177 1930 ἐπινοηθέντων
1209 1858 1340 1930 πρός
1371 1836 1552 1923 τινων,
1589 1859 1789 1928 ἀγαθόν
1823 1836 1866 1892 Β

223 1971 270 2008 τι
300 1954 390 2008 καὶ
414 1952 656 2025 χρηστὸν
694 1952 844 2015 τέλος
873 1950 1188 2013 ἀποτελεῖν,
1226 1949 1321 2002 καὶ
1353 1947 1638 2020 ὠφελίμως
1681 1951 1792 2012 τοῖς

223 2046 422 2100 δοκοῦσι
468 2044 700 2114 φαύλοις
750 2043 1004 2116 χρῆσθαι,
1041 2041 1290 2113 καθάπερ
1337 2043 1430 2094 καὶ
1474 2040 1550 2111 τῷ
1582 2043 1645 2093 ἐκ
1678 2058 1795 2093 πει-

229 2135 420 2208 ρασμοῦ
451 2133 759 2208 μαρτυρίῳ.
793 2135 976 2187 Ἔστιν
1001 2128 1093 2186 οὖν
1123 2133 1224 2186 κάν
1259 2130 1544 2202 φιλοσοφίᾳ
1578 2134 1641 2202 τῇ
1667 2131 1796 2184 κλα-

227 2229 396 2302 πείσῃ,
420 2227 680 2300 καθάπερ
713 2227 816 2280 ὑπὸ
842 2224 1199 2298 Προμηθέως,
1229 2224 1339 2294 πῦρ
1364 2223 1540 2292 ὀλίγον
1572 2224 1652 2286 είς
1682 2222 1796 2292 φῶς

228 2320 510 2392 ἐπιτήδειον
548 2321 838 2392 χρησίμως
873 2317 1309 2389 ζωπυρούμενον,
1342 2314 1485 2386 ἴχνος
1518 2333 1571 2368 τι
1606 2317 1797 2386 σοφίας

229 2413 310 2466 καὶ
341 2413 560 2483 κίνησις
593 2411 744 2482 παρά
775 2411 931 2464 Θεοῦ.
967 2408 1151 2463 Ταῦτα
1182 2407 1289 2479 (24)
1320 2407 1363 2460 δ’
1380 2406 1445 2461 ἂν
1478 2403 1589 2460 εἶεν
1627 2427 1645 2458 ι
1675 2407 1798 2462 κλέ-

229 2523 344 2559 πται
369 2505 461 2559 καὶ
481 2505 687 2579 λῃσταὶ
709 2523 728 2556 ι
758 2507 805 2558 οί
839 2505 968 2575 παρ’
995 2503 1218 2575 Ἕλλησι
1253 2501 1552 2570 φιλόσοφοι,
1575 2502 1667 2555 καὶ
1693 2501 1798 2573 πρὸ

229 2598 316 2668 τῆς
337 2597 422 2651 τοῦ
448 2600 534 2651 Κυ
552 2597 664 2668 ρίου
693 2596 993 2668 παρουσίας
1018 2595 1165 2666 παρά
1195 2593 1302 2647 τῶν
1338 2592 1641 2664 Ἑϐραϊκῶν
1664 2611 1798 2665 προ-

232 2689 394 2760 φητῶν
420 2690 572 2762 μέρη
599 2689 696 2760 τῆς
718 2687 968 2760 ἀληθείας
990 2687 1049 2740 οὐ
1075 2687 1193 2738 κατ’
1211 2685 1504 2753 ἐπίγνωσιν
1527 2677 1798 2749 λαϐόντες,

232 2781 420 2844 ἀλλ’ὡς
470 2780 592 2834 ἴδια
638 2779 1086 2851 σφετερισάμενοι
1126 2774 1402 2844 δόγματα·
1455 2774 1547 2825 καὶ
1592 2770 1661 2825 τὰ
1704 2773 1800 2842 μὲν

232 2873 728 2945 παραχαράξαντες,
756 2870 823 2924 τὰ
861 2869 916 2923 δὲ
957 2869 1060 2922 ὑπὸ
1099 2865 1416 2940 περιεργίας
1447 2863 1672 2936 ἀμαθῶς
1711 2879 1800 2914 σο-

235 2967 517 3036 φισάμενοι,
572 2964 640 3017 τά
700 2963 757 3017 δὲ
824 2965 919 3015 καὶ
972 2958 1304 3031 ἐξευρόντες·
1365 2957 1494 3019 ἴσως
1537 2955 1646 3026 γὰρ
1708 2954 1802 3006 καὶ

238 3056 472 3127 «πνεῦμα
517 3054 836 3126 αἰσθήσεως
880 3052 990 3122 (Ξὸ)
1020 3071 1037 3102 ι
1088 3051 1404 3120 ἐσχήκασιν.
1472 3045 1801 3117 Ὠμολόγησε

1883 594 2072 648 quam,
2107 578 2204 650 qui
2231 580 2521 647 defecerat,
2562 581 2822 636 ministri.
2861 582 3003 638 Dicit
3032 592 3214 638 autem
3269 579 3464 636 Pastor

1884 673 2376 742 quoque,angelus
2431 673 2795 742 poenitentiae,
2846 674 2915 729 ad
2986 672 3337 738 Hermetem,
3396 672 3466 726 de

1885 763 2357 834 pseudopropheta
2399 781 2416 820 :
2457 783 2476 816 ι
2515 764 2772 832 Quaedam
2802 765 2948 820 enim
2989 765 3154 819 verba
3189 779 3318 818 vera
3379 763 3466 817 di-

1885 854 1960 910 cit
2012 872 2026 907 :
2081 853 2334 909 diabolus
2380 855 2524 909 enim
2577 871 2702 910 eum
2746 853 2934 923 implet
2987 868 3088 907 suo
3158 851 3381 920 spiritu,
3417 848 3466 904 si

1886 962 2048 1016 quem
2107 946 2281 1017 possit
2311 962 2378 1002 ex
2403 947 2567 1017 justis
2603 946 2874 1014 frangere.
2913 965 2932 998 ι
2966 945 3158 1000 Omnia
3191 957 3321 1012 ergo
3353 956 3467 996 cm-

1886 1039 2016 1094 litus
2051 1039 2104 1092 in
2139 1039 2345 1094 bonum
2407 1040 2816 1109 dispensantur,
2859 1057 2878 1090 (
2922 1049 2980 1091 ut
3025 1052 3120 1106 per
3167 1033 3467 1089 Ecclesiam

1890 1129 2196 1186 innotescat
2230 1130 2507 1200 multiplex
2544 1145 2608 1184 ac
2642 1130 2793 1184 varia
2831 1128 2927 1184 Dei
2951 1127 3239 1197 sapientia,
3275 1139 3468 1178 secun-

1889 1226 2017 1280 dnm
2048 1225 2372 1280 saaculorum
2399 1222 2820 1292 praescientiam,
2851 1236 3014 1289 quam
3060 1219 3188 1274 fecit
3223 1218 3278 1272 in
3312 1218 3469 1272 Chri-

1891 1325 1977 1372 sto
2028 1326 2076 1368 ⁸.
2125 1333 2144 1366 ι
2213 1314 2323 1368 Deo
2389 1323 2570 1368 autem
2631 1313 2767 1367 nihil
2827 1313 3168 1374 adversatur,
3229 1325 3331 1365 nec
3389 1320 3470 1365 est

1891 1408 2188 1479 quidquam
2246 1406 2295 1461 ei
2350 1405 2707 1469 contrarium,
2744 1412 2804 1458 ut
2849 1403 2944 1474 qui
2985 1403 3056 1457 sit
3117 1400 3384 1456 Dominus
3416 1410 3468 1455 et

1892 1501 2257 1571 omnipotens.
2331 1497 2640 1564 Quinetiam
2710 1511 2925 1562 eorum,
2979 1496 3073 1563 qui
3134 1493 3472 1556 defecerunt,

1893 1594 2120 1652 consilia
2152 1601 2207 1647 et
2239 1591 2602 1662 operationes,
2628 1605 2753 1645 cum
2775 1597 2980 1659 partem
3008 1588 3183 1643 solum
3212 1587 3471 1648 alliciant,

1895 1688 2032 1744 ﬁunt
2065 1685 2283 1756 quidem
2315 1699 2379 1738 ex
2414 1683 2556 1737 mala
2587 1680 2891 1747 affectione,
2933 1681 3077 1736 sicut
3129 1678 3307 1734 morbi
3346 1692 3473 1732 cor-

1895 1779 2082 1850 poris;
2120 1778 2189 1832 ab
2222 1773 2515 1830 universali
2549 1783 2730 1828 autem
2782 1772 3124 1842 providentia
3161 1770 3475 1840 diriguntur

1895 1868 1963 1922 ad
2016 1867 2178 1921 finem
2218 1865 2516 1928 salubrem,
2569 1863 2787 1917 etiamsi
2824 1876 2989 1917 causa
3026 1861 3098 1916 sit
3150 1859 3324 1914 morbi
3360 1858 3476 1913 effr-

1894 1962 2065 2017 ciens.
2101 1957 2197 2013 Est
2247 1957 2431 2026 itaque
2496 1955 2796 2008 maximum
2854 1954 3051 2008 divinae
3125 1949 3476 2020 providentia:

1896 2068 2056 2124 opus,
2095 2050 2242 2121 quod
2288 2063 2398 2102 non
2436 2047 2602 2114 sinat,
2657 2055 2719 2102 ut
2749 2045 2967 2110 vitium,
2996 2043 3142 2115 quod
3185 2059 3253 2097 ex
3286 2041 3477 2096 volun-

1895 2146 2035 2202 taria
2075 2142 2378 2199 defectione
2422 2149 2602 2195 ortum
2649 2147 2754 2206 est,
2810 2137 3212 2193 inconducibile
3259 2140 3480 2189 maneat

1897 2248 1952 2295 et
1974 2237 2183 2302 inutile,
2215 2235 2306 2291 sed
2333 2248 2434 2288 nec
2454 2233 2526 2288 sit
2558 2232 2760 2301 ubique
2781 2240 2836 2284 et
2862 2230 2916 2284 in
2945 2229 3200 2285 omnibus
3224 2227 3475 2282 noxium.

1900 2330 2105 2384 Divinte
2136 2328 2281 2382 enim
2317 2323 2617 2394 sapientiae,
2647 2333 2700 2378 et
2729 2323 2968 2387 virtutis,
3019 2330 3073 2377 et
3111 2321 3364 2391 potentia:
3395 2328 3481 2374 est

1900 2423 2157 2484 cilicium,
2193 2433 2304 2473 non
2332 2416 2508 2472 solum
2546 2413 2867 2470 benefacere
2905 2414 3043 2484 (hac
3075 2421 3161 2468 est
3207 2415 3376 2477 enim,
3419 2420 3481 2466 ut

1902 2519 1978 2572 ila
2007 2517 2207 2579 dicam,
2239 2510 2332 2566 Dei
2371 2517 2587 2575 natura,
2624 2516 2686 2562 ut
2716 2507 2856 2578 ignis
2903 2504 3224 2569 calefacere,
3259 2515 3313 2560 et
3342 2506 3481 2561 lucis
3535 2518 3540 2524 ’

1901 2604 2255 2670 illuminare),
2285 2599 2378 2654 sed
2408 2598 2542 2652 illud
2575 2611 2795 2667 quoque
2843 2598 3103 2661 maxime,
3133 2602 3194 2648 ut
3226 2594 3300 2661 id,
3333 2596 3479 2664 quod

1901 2715 1996 2770 per
2028 2689 2210 2752 malos'
2229 2693 2442 2762 aliquos
2468 2690 2832 2761 excogitatum
2864 2698 2970 2755 est,
3015 2689 3084 2743 ad
3132 2689 3335 2743 bonum
3383 2687 3485 2742 ali-

1901 2805 2062 2861 quem
2095 2790 2256 2842 linem
2311 2791 2366 2838 et
2415 2782 2601 2837 utilem
2650 2781 2904 2847 deducat,
2959 2790 3014 2834 et
3067 2779 3352 2835 commode
3394 2779 3481 2845 iis,

1903 2897 2024 2952 quae
2051 2880 2300 2935 videntur
2330 2874 2494 2939 mala,
2523 2880 2728 2936 utatur,
2777 2872 2919 2927 sicut
2955 2886 3042 2934 eo,
3075 2871 3224 2940 quod
3270 2885 3337 2924 ex
3368 2878 3485 2924 ten-

1903 2975 2106 3030 tatione
2157 2971 2444 3041 processit,
2501 2965 2835 3022 testimonio.
2889 2962 2987 3018 Est
3044 2977 3175 3032 ergo
3229 2961 3485 3016 etiamin

1904 3057 2268 3132 pliildSOphia.
2313 3071 2436 3126 qua:
2473 3053 2620 3108 furto
2657 3060 2928 3122 surrepta,
2965 3051 3131 3106 veluti
3173 3067 3204 3105 a
3256 3049 3485 3105 Prome--

235 3148 282 3200 δὲ
325 3150 412 3201 καὶ
452 3145 838 3218 Ἀριστοτέλης
881 3147 944 3214 τῇ
998 3143 1224 3213 Γραφῇ,
1270 3138 1563 3210 κλεπτικὴν
1612 3137 1795 3207 σοφίας

1907 3154 2052 3216 theo,
2085 3158 2344 3219 tanquam
2377 3144 2774 3216 aliquantulum
2812 3142 2984 3214 ignis,
3038 3142 3346 3211 generando
3395 3143 3485 3196 lu--

239 3238 322 3309 τὴν
360 3238 678 3311 σοφιστικὴν
730 3237 932 3301 είπὼν,
984 3236 1058 3300 ὡς
1105 3233 1582 3308 προεμηνύσαμεν.
1650 3232 1709 3285 '0
1752 3230 1795 3283 δὲ

1910 3244 2066 3306 mini,
2101 3241 2147 3298 si
2183 3239 2464 3295 commode
2499 3236 2785 3298 excitetur,
2839 3242 3050 3304 aptum,
3103 3241 3159 3287 et
3194 3232 3483 3303 vestigium

253 3332 570 3397 ’Δπόστολοςο
605 3352 624 3383 ι
655 3334 722 3384 Ἀ
763 3332 856 3384 καὶ
899 3329 1186 3398 λαλοῦμεν,
1221 3326 1391 3394 λέγει,
1423 3325 1522 3378 οὐκ
1562 3326 1619 3377 ἐν
1658 3323 1804 3378 διδα-

243 3429 371 3490 κτοῖς
414 3424 766 3498 ἀνθρωπίνης
809 3421 1000 3491 σοφίας
1039 3421 1250 3490 λόγοις,
1306 3417 1418 3471 ἀλλ’
1443 3419 1500 3470 ἐν
1536 3415 1806 3477 διδακτοῖς

245 3518 545 3590 πνεύματος.
581 3538 601 3569 ι
643 3517 766 3570 Ἐπὶ
799 3516 894 3587 μὲν
921 3513 1029 3586 γὰρ
1055 3511 1162 3565 τῶν
1185 3509 1496 3582 προφητῶνο
1531 3527 1549 3559 ι
1576 3509 1803 3571 Πάντες,

246 3613 408 3682 φησὶν,
439 3614 501 3667 ἐκ
531 3609 630 3664 τοῦ
665 3607 1026 3682 πληρώματος
1064 3603 1230 3658 αὐτοῦ
1253 3603 1539 3673 ἐλάὅομεν’
1567 3620 1586 3652 ι
1617 3599 1804 3670 δηλον-

246 3705 318 3758 ότι
359 3705 447 3758 τοῦ
496 3703 757 3776 Χριστοῦ.
807 3701 966 3754 Ὥστε
1011 3699 1070 3752 οὐ
1123 3697 1352 3750 κλέπται
1402 3695 1450 3748 οἱ
1509 3693 1804 3765 προφῆται.

253 3799 439 3869 «Καὶή
473 3796 666 3868 διδαχὴ
692 3798 727 3870 ἡ
760 3794 866 3866 ἐμὴ
895 3792 1028 3862 (96),
1061 3792 1160 3845 οὐκ
1195 3789 1340 3842 ἔστιν
1371 3787 1498 3858 ἐμὴ,
1533 3789 1561 3840 ὁ
1600 3787 1803 3856 Κύριος

248 3887 406 3956 λέγει,
435 3889 568 3943 ἀλλά
601 3887 694 3941 τοῦ
729 3881 1043 3957 πέμψαντός
1075 3897 1141 3952 με
1176 3877 1407 3950 Πατρόςο
1431 3896 1449 3927 ›
1487 3877 1579 3928 ἐπὶ
1609 3875 1665 3928 δὲ
1697 3874 1803 3928 τῶν

252 3979 588 4044 κλεπτόντων,
629 3999 646 4031 ι
682 3979 740 4032 Ὀ
764 3977 819 4030 δὲ
851 3977 942 4044 ἀφ’
967 3972 1179 4037 ἐαυτοῦ,
1205 3971 1357 4043 φησὶ,
1394 3967 1570 4022 λαλῶν
1599 3967 1696 4038 τὴν
1724 3967 1806 4020 δό·

253 4068 332 4134 ξαν
389 4073 482 4144 τὴν
529 4071 670 4124 ἰδίαν
742 4066 956 4138 ζητεῖ.»
1019 4062 1260 4117 Τοιοῦτοι
1313 4061 1371 4112 δὲ
1421 4061 1470 4112 οἱ
1523 4057 1802 4128 Ἕλληνες,

257 4161 616 4229 ιφίλαυτοικαὶ
637 4158 911 4224 ἀλαζόνες.
940 4178 958 4210 ι
999 4155 1204 4226 Σοφοὺς
1236 4152 1292 4206 δὲ
1335 4151 1530 4213 αὐτοὺς
1572 4149 1804 4218 λέγουσα

252 4254 493 4328 ήΓραφὴ,
525 4256 588 4310 οὑ
620 4253 745 4316 τοὺς
768 4251 935 4315 ὅντως
959 4249 1154 4320 σοφοὺς
1179 4243 1472 4308 διαϐάλλει,
1507 4241 1643 4296 ἀλλά
1678 4241 1806 4305 τοὺς

252 4345 445 4421 δοκήσει
471 4347 688 4419 σοφούς.

256 4462 593 4518 ostendimus.
647 4456 940 4528 Apostolus
1011 4459 1191 4508 autem
1246 4467 1260 4504 :

1900 3335 2121 3407 aliquod
2176 3331 2475 3402 sapientiae,
2532 3338 2585 3383 et
2633 3326 2803 3380 motio
2843 3341 2875 3378 a
2929 3323 3040 3379 Deo
3077 3332 3218 3377 orta.
3271 3321 3330 3375 In
3381 3323 3489 3376 hoc

1899 3439 2079 3485 autem
2133 3445 2151 3478 ι
2207 3426 2447 3479 latrones
2503 3433 2557 3476 et
2615 3418 2768 3474 fures
2826 3436 2846 3470 ι
2900 3414 3104 3471 fuerint
3168 3413 3484 3471 Graecorum

1900 3521 2233 3596 philosophi.
2282 3518 2429 3590 quod
2479 3533 2604 3573 cum
2660 3523 2785 3570 ante
2843 3513 3058 3570 Domini
3111 3513 3491 3572 adventum-a

1902 3614 2180 3685 prophetis
2212 3609 2368 3681 135
2415 3606 2655 3663 Hebraeis
2703 3605 2970 3677 quasdam
3019 3614 3204 3675 partes
3235 3605 3484 3659 veritatis

1906 3704 2263 3775 sumpserint,
2300 3702 2352 3755 id
2407 3699 2635 3754 minime
2659 3705 3039 3768 agnoscentes,
3087 3695 3189 3750 sibi
3224 3705 3486 3766 tanquam

1909 3799 2127 3870 propria
2157 3796 2410 3865 dogmata
2445 3791 2831 3854 attribuerunt,
2861 3797 2915 3843 et
2943 3787 3049 3842 alia
3081 3785 3301 3856 quidem
3328 3787 3453 3840 adnl
3473 3817 3488 3831 ο

1909 3897 2176 3954 terarunt,
2203 3886 2308 3941 alia
2336 3894 2538 3949 autem,
2570 3893 2973 3950 supervacanea
2997 3879 3232 3949 quadam
3261 3879 3490 3949 diligen-

1908 3985 1983 4039 tia
2016 3982 2284 4052 imperite,
2317 3994 2411 4033 ac»
2432 3975 2799 4045 sophistarum
2856 3987 3010 4027 more
3063 3971 3486 4041 interpolarunt,

1910 4075 2013 4130 alia
2045 4082 2222 4128 autem
2262 4073 2425 4125 etiam
2472 4069 2830 4131 invenerunt;
2869 4080 2971 4120 nec
3020 4064 3164 4120 enim
3217 4079 3346 4120 vero
3388 4064 3488 4118 ah-

1911 4167 2087 4222 simile
2133 4173 2236 4230 est,
2264 4179 2359 4218 eos
2387 4177 2613 4217 «sensus
2647 4158 2896 4230 spiritum
2931 4157 2991 4210 ιη
3032 4156 3491 4218 ιιιιιιιιίεεθ.›Ι‹Αεο

1909 4257 2142 4314 sentitur
2187 4263 2368 4310 autem
2423 4252 2719 4323 Scriptum
2749 4263 2967 4320 quoque
3010 4248 3350 4313 Aristoteles,
3393 4249 3486 4317 qui

1911 4350 2069 4416 dixit,
2109 4347 2462 4414 sophisticam
2491 4359 2612 4400 esse
2643 4341 2818 4397 furem
2851 4340 3152 4412 sapientiae,
3187 4339 3330 4394 sicut
3361 4346 3494 4394 ante

1322 4466 1342 4498 ι
1410 4444 1541 4512 Quae
1573 4443 1737 4498 etiam
1791 4441 2096 4512 loquimur,
2162 4438 2340 4509 inquit
2373 4478 2390 4504 ,
2433 4452 2542 4491 non
2586 4435 2641 4490 in
2687 4433 2861 4489 doctis
2913 4432 3166 4485 humana:
3211 4429 3491 4499 sapientiae

256 4552 435 4620 verbis,
465 4554 558 4610 sed
590 4551 645 4607 in
669 4522 920 4605 doctrina
973 4541 1197 4614 spiritus
1228 4549 1277 4594 ο.
1315 4557 1334 4590 ι
1397 4536 1475 4592 De
1530 4534 1806 4606 prophetis
1862 4534 2008 4590 enim
2046 4552 2061 4589 :
2103 4551 2123 4585 ι
2165 4531 2389 4597 Omnes,
2421 4527 2616 4598 inquit,
2664 4525 2732 4582 de
2779 4523 3111 4595 plenitudine
3172 4522 3292 4592 ejus
3331 4537 3490 4577 acce-

257 4615 498 4714 pimusvd,
536 4667 558 4700 ι
597 4642 798 4701 Christi
858 4638 1082 4696 scilicet.
1143 4632 1324 4700 Quare
1362 4646 1470 4686 non
1501 4637 1631 4686 sunt
1658 4627 1808 4684 fures
1843 4628 2139 4699 prophetae.
2210 4645 2230 4680 ι
2267 4624 2335 4680 Ει
2363 4622 2609 4679 doctrina
2651 4635 2794 4687 mea,
2845 4632 2955 4673 non
2990 4627 3073 4671 est
3110 4630 3256 4680 mea,
3313 4615 3493 4684 ἱιιιιυί..

264 4711 519 4810 Dominus,
549 4741 645 4796 sed
673 4738 814 4810 ejus,
863 4736 957 4806 qui
987 4733 1138 4788 misit
1167 4747 1275 4797 me,
1321 4729 1520 4786 Patris.
1561 4747 1579 4782 ι
1637 4727 1703 4782 Et
1745 4728 1811 4783 de
1877 4727 2128 4784 furibus:
2168 4744 2187 4779 ι
2232 4725 2336 4792 Qui
2359 4732 2541 4779 autem
2583 4735 2651 4775 ex
2705 4717 2908 4788 seipse,
2977 4714 3176 4784 inquit,
3225 4711 3490 4782 loquitur,

262 4832 462 4893 gloriam
506 4806 782 4905 propriam
832 4829 1028 4908 quierit
1073 4839 1117 4880 θ.
1163 4846 1182 4879 ι
1236 4825 1397 4880 Tales
1459 4834 1638 4880 autem
1694 4831 1825 4878 sunt
1861 4821 2056 4887 Graeci,
2099 4841 2117 4874 ι
2160 4820 2370 4889 seipsos
2422 4825 2685 4878 amantes,
2731 4811 2860 4868 elati
2900 4809 2945 4863 τ.
3001 4828 3020 4860 ι
3078 4806 3358 4875 Sapientes
3391 4817 3496 4856 au-

263 4929 355 4977 tem
384 4941 475 4981 eos
503 4899 692 4982 dicens
751 4899 1056 4994 Scriptura,
1106 4935 1216 4976 non
1276 4917 1620 4990 reprehendit
1647 4931 1744 4973 eos
1781 4918 1876 4987 qui
1924 4924 2054 4974 sunt
2086 4917 2210 4971 ‘vere
2261 4913 2563 4982 sapientes;
2592 4909 2687 4966 sed
2724 4921 2820 4963 eos
2847 4903 2942 4975 qui
2966 4901 3070 4958 sibi
3101 4899 3376 4955 videntur.

320 5171 451 5234 ῈΡ.
501 5174 603 5230 570
624 5174 732 5229 El).
789 5169 1082 5234 POTTILR.
1128 5169 1232 5224 515
1283 5167 1390 5222 ΕΙ).
1443 5165 1683 5238 FABIS.
1780 5180 1795 5208 ε

1897 5167 2062 5238 lphes.
2111 5159 2215 5227 lll',
2243 5159 2361 5238 _10.
2411 5158 2498 5212 ll.
2577 5156 2607 5194 ιθ
2651 5150 2822 5207 Exod.
2874 5162 3071 5211 xxvm,
3108 5146 3165 5199 5.
3243 5154 3267 5183 ε
3304 5143 3320 5196 ι
3360 5143 3487 5198 Cor.

269 5232 432 5302 n.7l5.
513 5245 724 5301 dJoan.
781 5263 817 5311 ι,
865 5247 952 5298 16.
1060 5232 1085 5280 ἀ
1128 5239 1291 5295 Joan.
1341 5254 1444 5304 vn,
1479 5237 1571 5304 16,
1626 5237 1716 5293 18.

1897 5232 2076 5292 ῘΤίιιι.
2124 5249 2207 5297 ιιι,
2241 5232 2296 5284 2.

269 5356 620 5429 notissimum,
663 5359 812 5429 apud
853 5374 990 5426 quos
1042 5355 1199 5428 ῥῆξαι
1243 5360 1327 5429 est
1356 5350 1795 5429 _:ta.-ca6a)lsi_v,_ul

1923 5347 2236 5429 praepositio
2255 5343 2396 5427 κατά
2414 5336 2721 5429 autnsimilis
2739 5353 2754 5400 ;
2775 5333 2870 5429 lvel
2896 5329 3178 5429 legendum
3197 5327 3387 5429 ταύῖῃ.
3413 5329 3488 5429 lq.

270 5399 1216 5542 ἐξ)ῗὶξὲξῇἶὲιῆιῖἕ““1ιιὶὶὲ”ὶρῗίίἶᾶξι
1245 5399 1795 5495 ῖιῆξζέξφρὦῗξρἦἦέ

339 5513 384 5542 Ω-
411 5513 439 5542 9.
463 5515 491 5542 0
501 5541 508 5542 ,

1924 5399 2375 5488 régflireﬁya
2395 5399 2754 5475 αἰσθήσεως.
2775 5399 3063 5471 Respicere
3081 5400 3294 5454 videtur
3315 5399 3490 5452 Exod.

1914 5505 2109 5542 xxvm.
2139 5490 2171 5542 5
2213 5530 2225 5541 .
2261 5487 2402 5538 [lict
2441 5483 2553 5540 τοῖς
2601 5479 2781 5542 σοφοῖς
2823 5473 3050 5542 διανοίᾳ,
3084 5469 3177 5542 οὓς
3222 5468 3492 5542 ἐνέπλησα

272 5507 817 5696 νωᾷἳῖῑῖίρόγνωσιν.
860 5567 1141 5638 Πρόθεσιν,
1163 5564 1362 5635 Ephes.

353 5635 434 5696 23)
481 5639 1053 5696 Ἀποστατησάντων.
1091 5635 1156 5694 Η.
1197 5652 1322 5696 ms.,
1357 5631 1795 5696 ἀποστησάντων·

1914 5505 2109 5550 XXVIII,
2139 5494 2171 5542 5
2213 5530 2225 5541 .
2265 5494 2402 5538 [lict
2441 5494 2553 5540 τοις
2601 5494 2781 5545 σοφοις
2823 5494 3050 5552 οιανοιςξ,
3084 5494 3177 5532 ους
3222 5494 3489 5539 avertant);

1915 5560 2132 5629 πνεῦμα
2160 5557 2482 5678 αίσθηξεως.
2515 5547 2675 5603 Conf.
2701 5560 2822 5617 quae
2845 5555 3100 5612 superius
3125 5540 3263 5594 dixit
3292 5552 3489 5592 suetor

1910 5647 1964 5696 p.
2001 5628 2102 5684 ‘2'81
2132 5629 2265 5682 edit.
2347 5624 2476 5696 aris.
2530 5691 2541 5696 _
2600 5687 2644 5696 __
2687 5689 2698 5696 _
2797 5685 2874 5696 Μ
2960 5681 2981 5696 ,
3142 5676 3461 5696 ,Δίῃ-,Μ

353 5624 434 5705 ἳὸδ
481 5624 1053 5706 Ἆπὸστατησάνῖτων.
1091 5624 1156 5694 Il.
1197 5624 1322 5700 ὡς»,
1357 5631 1795 5706 ἀποστησάντων·

1910 5624 2267 5706 ροὲξᾋεέἑίιε
2301 5624 2476 5706 Fatis.-
2528 5691 2541 5706 .
2797 5685 2891 5706 η..
2960 5681 3087 5706 ι---
3139 5676 3389 5706 tm:

334 5677 414 5696 .-ν
486 5677 774 5694 mum...”
798 5677 900 5694 υ...
923 5677 1017 5691 ...η
1039 5679 1053 5690 .
1197 5677 1297 5690 ......
1358 5677 1549 5688 ππ--.
1578 5677 1772 5685 ψη...

277 5705 356 5758 sed
383 5677 548 5781 γέιίον
571 5713 710 5781 vulg.
741 5677 932 5777 lectio;
962 5710 1043 5763 Vel
1068 5710 1228 5762 etiam
1268 5677 1504 5768 brevius,
1536 5677 1795 5757 ἀποστάν·

1911 5677 2411 5781 ’ῗίάεὲἳξξδξδοζτὶ
2433 5691 2575 5781 έιέήκ
2600 5687 2782 5781 νυιει
2797 5685 2916 5781 B‘P-
2952 5677 3491 5781 12?:‘°..‘.31.EE?1.‘.‘3.“;

582 5757 710 5781 .-.,,.
743 5757 932 5777 .---..-,
973 5757 1043 5763 η-
1270 5757 1355 5760 η-

279 5789 384 5827 των.
410 5777 657 5837 δηιιυιιο.

1911 5774 1944 5842 ἡ
1974 5757 2316 5842 ἐμηδιδριχή.
2351 5757 2432 5817 Αἰ)
2460 5757 2669 5818 iisdem
2714 5757 2872 5814 abest
2916 5757 3083 5810 etiam
3122 5757 3488 5820 appositirum

333 5846 430 5911 (24)
481 5848 688 5907 Ταῦτα.
725 5851 781 5905 Si
818 5867 939 5905 vera
971 5860 1054 5906 est
1096 5848 1394 5919 scriptura,
1431 5843 1795 5903 subaudienda

1914 5837 2135 5912 πατρός.
2175 5837 2436 5892 Srmcnc.
