3794 6330
469 422 480 431 ⁸
512 340 617 395 805

1641 339 1980 396 CLEMENTI
1994 338 2032 395 S
2065 339 2532 396 ALEXANDRINI
3584 356 3662 415 κω

1850 457 2079 513 CAPUT
2113 458 2301 514 XVIII.

1096 573 1343 630 Illustrat
1380 573 1515 628 illud
1550 575 1752 627 dictum
1789 575 2033 636 Apostoli
2057 591 2076 628 :
2119 594 2138 627 ι
2175 575 2403 629 Perdant
2443 576 2757 645 sapientiam
2789 576 3105 646 sapientum.
3146 596 3165 629 ι

582 687 657 743 De
680 688 767 743 his
795 697 975 743 autem
1007 687 1141 744 dicit
1169 707 1182 743 :
1213 707 1231 740 ι
1262 687 1490 743 Perdam
1520 687 1838 758 sapientiam
1868 687 2073 757 sapien-

2254 690 2362 743 Καὶ
2396 689 2523 761 περὶ
2556 688 2758 742 τούτων
2792 688 2903 762 (27)
2939 689 3121 762 φησὶν,
3161 710 3179 744 ι
3203 692 3391 747 Ἀπολῶ
3414 695 3500 767 τὴν
3522 700 3664 768 σοφίαν

511 790 627 835 tum
656 821 671 846 ,
711 788 766 836 et
814 780 1157 850 prudentiam
1190 781 1518 851 prudentum
1575 778 1827 833 abolebo.
1865 798 1883 830 ι
1923 776 2088 834 lnl'ert

513 871 696 942 itaque
721 872 1012 943 Apostolus
1046 892 1059 927 :
1098 892 1116 925 ι
1154 871 1256 928 Ubi
1294 871 1542 942 sapiens?
1590 871 1684 925 ubi
1731 872 1947 926 seriba?
1992 873 2085 927 ubi

512 962 805 1031 inquisitor
858 964 1028 1033 hujus
1097 964 1336 1019 saeculi?
1389 983 1407 1015 ι
1479 962 1735 1017 nimirum
1790 978 1821 1017 a
1867 964 2084 1031 scribis,

510 1052 675 1122 hujus
714 1054 898 1109 sateuli
926 1054 1301 1126 inquisitores,
1330 1055 1688 1125 philosophos
1717 1070 1783 1109 ex
1808 1057 2082 1127 gentibus,

508 1142 867 1214 distinguens.
931 1164 950 1197 ί
1015 1143 1208 1201 Nonne
1254 1147 1475 1203 stultam
1534 1147 1662 1202 fecit
1701 1147 1843 1202 Deus
1892 1149 2080 1202 mundi

509 1235 833 1304 sapientiam
862 1236 929 1290 αἳ
965 1256 984 1291 ι
1017 1238 1160 1308 quod
1193 1238 1418 1310 perinde
1447 1248 1550 1305 est,
1591 1255 1655 1294 ac
1710 1239 1930 1294 stultam
1984 1256 2076 1296 os-

508 1326 700 1394 tendit,
744 1337 936 1383 etnon
980 1344 1189 1395 veram,
1221 1338 1281 1385 ut
1327 1330 1403 1384 illi
1438 1346 1558 1385 eam
1613 1346 1734 1386 esse
1791 1333 2072 1401 putabant.

506 1417 576 1474 Et
601 1420 647 1474 si
680 1436 838 1491 roges
869 1437 1091 1478 causam
1120 1424 1241 1493 {cur
1280 1423 1382 1478 sibi
1413 1422 1728 1478 viderentur
1770 1424 2072 1493 sapientes:

513 1529 533 1561 ι
576 1521 795 1582 prOpter
822 1513 1119 1569 caecitatem
1171 1515 1351 1571 cordis
1395 1515 1638 1586 ipsorum
1662 1517 1714 1583 ιι,
1753 1535 1771 1569 ι
1821 1517 2029 1587 inquiet
2061 1536 2074 1572 :

513 1623 533 1655 ι
562 1603 829 1670 Quoniam
875 1607 930 1659 in
964 1606 1230 1676 sapientia
1258 1606 1373 1673 Dei,
1413 1625 1433 1659 ι
1485 1622 1550 1661 ea
1594 1622 1805 1677 nempe,
1840 1623 1960 1677 quae
1983 1623 2077 1678 per

2185 779 2290 832 τῶν
2320 778 2516 848 σοφῶν,
2551 778 2645 832 καὶ
2671 778 2769 851 τὴν
2793 778 3004 833 σύνεσιν
3035 781 3143 835 τῶν
3170 783 3387 839 συνετῶν
3413 785 3662 859 ἀθετήσω.»

2198 867 2476 939 Ἐπιφέρει
2517 865 2648 935 γοῦν
2704 868 2733 920 6
2791 868 3127 935 Ἀπόστολος’
3187 890 3204 922 t
3239 872 3340 925 Ποῦ
3389 876 3550 945 σοφός;
3590 882 3664 934 ποῖ,

2185 956 2586 1028 γραμματεύς;’
2628 958 2730 1012 ποῦ
2778 959 3082 1039 συζητητης
3122 961 3213 1016 τοῦ
3254 964 3429 1029 αἰῶνος
3457 968 3662 1034 τούτων

2186 1048 2322 1120 πρὸς
2351 1049 2747 1121 ἀντιδιαστολὴν
2784 1044 2893 1104 ’τῶν
2923 1054 3305 1126 γραμματέων,
3336 1058 3447 1120 τοὺς
3469 1058 3545 1111 τοῦ
3573 1063 3668 1114 αἰῶ-

2187 1155 2275 1202 νος
2312 1138 2498 1191 τούτου
2531 1138 2794 1210 ζητητὰς,
2823 1142 2950 1205 τοὺς
2979 1142 3041 1208 ἐξ
3069 1141 3231 1197 ἐθνῶν
3277 1143 3573 1215 φιλοσόφους,
3598 1150 3668 1203 τό·

2187 1230 2302 1298 ξας.
2338 1251 2355 1283 ι
2382 1233 2515 1303 Οὐχὶ
2566 1233 2847 1305 ἐμώρανεν
2893 1237 2921 1288 6
2958 1236 3091 1300 Θεὸς
3120 1236 3216 1309 τὴν
3256 1238 3432 1306 σοφίαν
3467 1240 3544 1292 τοῦ
3576 1243 3669 1295 κόθ-

2187 1341 2288 1394 μου
2322 1324 2430 1396 (9.8)
2452 1341 2465 1389 ;
2492 1314 2734 1395 ι’ἐπίσης
2764 1326 2860 1398 τῷ,
2886 1327 3073 1398 μωρὰν
3099 1328 3280 1392 ἔδειξε,
3306 1330 3392 1382 καί
3415 1330 3500 1384 οὐκ
3520 1331 3667 1403 ἀληθῆ,

2181 1416 2255 1479 ὡς
2280 1416 2462 1487 ᾤοντο.
2507 1416 2626 1471 Κᾶν
2660 1419 2802 1491 πύθῃ
2832 1420 2931 1491 τὴν
2975 1422 3152 1474 αἰτίαν
3180 1422 3276 1492 τῆς
3305 1422 3576 1493 δοξοσοφίας
3597 1426 3668 1478 αὑ-

2180 1507 2306 1573 τῶν,
2347 1528 2365 1559 ‹
2397 1508 2485 1562 διὰ
2513 1507 2610 1581 τὴν
2642 1508 2892 1582 πώρωσιν
2922 1511 3024 1582 τῆς
3069 1514 3291 1584 καρδίας
3328 1514 3540 1575 αὐτῶν.»
3569 1518 3667 1587 ὲρείο

2187 1620 2205 1652 ‹
2236 1601 2451 1654 ἐπειδὰν
2478 1604 2535 1656 ἐν
2566 1604 2631 1675 τῇ
2677 1603 2838 1675 σοφίᾳ
2881 1604 2973 1658 τοῦ
3015 1606 3170 1670 Θεοῦ,
3200 1627 3218 1657 ι
3252 1607 3476 1659 τουτέστι
3499 1608 3571 1661 διὰ
3590 1609 3672 1663 τῶν

506 1696 798 1764 prophetas
844 1704 931 1750 est
973 1696 1316 1761 annuntiata,
1352 1713 1371 1748 ι
1404 1711 1514 1750 non
1556 1697 1809 1767 cognovit
1844 1697 2073 1753 mundus.

2184 1690 2473 1762 προφητῶν
2485 1692 2916 1767 κατηγγελμὲνῃ,
2937 1715 2954 1746 ι
2976 1697 3074 1749 οὐκ
3100 1696 3240 1766 ἔγνω
3264 1698 3291 1749 6
3315 1698 3495 1769 κόσμος
3507 1698 3580 1752 διὰ
3601 1701 3674 1770 τῆς

503 1801 604 1857 per
635 1786 985 1856 sapientiam,
1020 1805 1039 1838 ι
1091 1803 1214 1857 quae
1260 1788 1471 1843 scilicet
1510 1788 1750 1858 loquitur
1808 1803 1904 1858 per
1960 1803 2088 1859 pro-

503 1877 717 1946 phetas,
764 1897 781 1929 ι
819 1878 1018 1948 ipsum,
1059 1897 1077 1931 ι
1110 1878 1318 1935 scilicet
1358 1879 1549 1946 Deum,
1582 1898 1602 1931 ι
1632 1879 1738 1950 ipsi
1767 1877 1877 1935 Deo
1905 1880 2104 1935 visunv

503 1974 589 2021 est
616 1981 713 2036 per
740 1968 1180 2036 praedicationem
1202 1968 1464 2038 stultitiae,
1501 1989 1520 2021 ι
1551 1985 1673 2040 quae
1725 1967 1927 2026 Graecis
1976 1972 2084 2026 sci-

503 2057 632 2112 licet
658 2058 871 2113 videtur
899 2076 1021 2116 esse
1051 2061 1301 2128 stultitia,
1357 2080 1376 2113 ι
1416 2060 1598 2117 salvos
1647 2061 1826 2117 facere
1857 2061 2083 2116 creden-

503 2162 586 2206 tes
621 2169 635 2208 :
668 2149 937 2217 Quoniam
964 2150 1158 2221 Judaei,
1189 2153 1388 2224 inquit,
1431 2154 1586 2225 signa
1633 2162 1824 2223 petunt
1856 2173 1873 2205 ι
1910 2154 1975 2208 ad
2023 2153 2086 2207 ii-

500 2243 649 2311 .dem,
674 2262 693 2295 ι
730 2243 905 2300 Graeci
949 2256 1130 2300 autem
1161 2256 1425 2317 quaerunt'
1441 2244 1764 2316 sapientiam
1794 2263 1807 2300 :
1845 2263 1865 2298 ι
1894 2261 2084 2316 nempe

503 2337 801 2400 orationes,
831 2353 953 2408 quae
966 2347 1233 2394 vocantur
1262 2337 1683 2406 ἀναγκαστικαί,
1714 2337 1820 2392 hoc
1853 2346 1956 2403 est,
1991 2354 2085 2393 nc-

503 2429 746 2484 cessario
779 2430 1226 2498 'concludentes,
1286 2430 1341 2485 et
1394 2430 1531 2485 alios
1590 2429 1798 2485 scilicet
1861 2431 2083 2501 syllogi-

505 2536 676 2577 smos.
713 2541 733 2574 ι
773 2521 883 2578 Nos
924 2535 1103 2578 autem
1156 2523 1519 2593 praedicamus
1575 2521 1759 2577 Jesum
1803 2521 2081 2576 Christum

502 2610 849 2679 cruciﬁxum,
879 2611 1080 2668 Judteis
1106 2614 1325 2683 quidem
1355 2611 1705 2677 scandalum;
1736 2630 1756 2665 ›
1785 2612 1929 2682 quod
1955 2627 2079 2666 cum

503 2705 682 2760 sciant
706 2705 1095 2776 prophetiam;
1116 2722 1224 2760 non
1256 2704 1486 2760 credant
1515 2704 1734 2759 eventui
1774 2723 1787 2757 :
1825 2723 1843 2755 ι
1877 2702 2081 2759 Grtecis

504 2805 685 2852 autem
738 2798 1029 2853 stultitiam
1058 2817 1115 2866 r;
1150 2797 1389 2853 fabulam
1417 2797 1562 2853 enim
1596 2811 1716 2852 esse
1738 2795 2076 2863 existimant,

502 2890 599 2959 qui
650 2891 756 2946 sibi
798 2892 1051 2947 videntur
1102 2891 1395 2961 sapientes,
1441 2890 1588 2961 quod
1651 2904 1747 2960 per
1799 2879 2076 2945 hominem

502 2980 800 3037 FiliusDei
837 2982 1113 3053 loquatur,
1140 2991 1194 3037 et
1222 2981 1366 3037 Deus
1413 2981 1610 3036 habeat
1663 2980 1856 3047 tilium,
1889 2989 1944 3034 ct
1986 2979 2078 3035 ille

2190 1781 2398 1849 σοφίας,
2413 1799 2431 1832 ι
2447 1781 2545 1852 τῆς
2556 1780 2645 1834 διὰ
2655 1782 2761 1836 τῶν
2775 1786 3064 1856 προφητῶν
3080 1784 3356 1858 λαλούσης,
3367 1807 3384 1837 ι
3396 1788 3530 1840 αὐτὸν
3547 1788 3673 1860 (29),»

2185 1874 2422 1946 δηλονότι
2464 1875 2555 1929 τὸν
2582 1875 2731 1929 Θεὸψ
2767 1894 2785 1926 ι
2813 1876 3100 1949 εὐδόκησεν
3131 1873 3281 1944 οὗτος
3440 1882 3465 1933 6
3488 1880 3594 1945 Θεὸς
3610 1881 3677 1935 διὰ

2184 1967 2277 2019 τοῦ
2304 1966 2652 2039 κηρύγματος
2675 1967 2775 2039 τῆς
2807 1969 3186 2042 μωρίας,›τῆς
3205 1970 3450 2042 δοκούσης
3480 1972 3675 2042 Ἕλλησιν

2185 2056 2320 2113 εἶναι
2353 2060 2580 2132 μωρίας,
2614 2079 2632 2112 ι
2659 2059 2829 2115 σῶσαι
2862 2062 2989 2126 τοὺς
3020 2064 3382 2128 πιστεύοντας·
3405 2064 3564 2137 ἐπειδὴ
3579 2065 3678 2117 ’1ου-

2183 2150 2338 2213 δαῖοι,
2356 2152 2507 2221 φησὶ,
2536 2155 2731 2223 σημεῖα
2746 2151 2953 2208 αἰτοῦσι
2974 2172 2992 2204 ι
3010 2154 3148 2224 πρὸς
3181 2155 3371 2208 πίστιν·
3394 2155 3677 2225 ι”Ελληνεςδέ

2187 2242 2372 2311 σοφίαν
2414 2241 2664 2314 ζητοῦσι,
2693 2262 2711 2294 ι
2762 2245 2888 2307 τοὺς
2934 2246 3357 2315 ἀναγκαστικοὺς
3388 2247 3678 2319 καλουμένους

2183 2332 2404 2403 λόγους,
2462 2334 2556 2387 καὶ
2606 2334 2732 2398 τοὺς
2782 2335 2973 2402 ἄλλους
3039 2338 3418 2411 συλλογισμοὺς
3474 2339 3676 2412 δηλονότι.

2190 2441 2208 2474 ι
2253 2424 2441 2494 Ἡμεῖς
2463 2424 2518 2476 δὲ
2551 2425 2899 2498 κηρύσσομεν
2931 2428 3138 2500 Ἰησοῦν
3171 2432 3278 2503 (51)
3301 2431 3511 2502 Χριστὸν
3533 2433 3679 2484 ἐσταυ-

2186 2514 2445 2586 ρωμένον·
2494 2515 2765 2580 Ἰουδαίοις
2796 2518 2892 2589 μὲν
2924 2519 3237 2585 σκάνδαλον,
3276 2541 3295 2575 ι
3321 2522 3403 2576 διὰ
3425 2523 3504 2588 τὸ,
3527 2522 3681 2583 εἰδότας

2181 2609 2278 2680 τὴν
2304 2609 2653 2683 προφητείαν,
2692 2610 2764 2682 μὴ
2798 2612 3070 2667 πιστεύειν
3109 2618 3177 2686 τῇ
3213 2617 3443 2682 ἐκϐάσει,
3472 2635 3489 2667 t
3512 2618 3682 2689 Ἕλλησι

2180 2701 2236 2754 δὲ
2273 2702 2496 2773 μωρίαν·
2529 2723 2548 2754 ι
2582 2703 2823 2774 μυθῶδες
2866 2706 2975 2778 γὰρ
3015 2707 3274 2779 ἡγοῦνται
3304 2710 3352 2761 οί
3382 2709 3682 2781 δοκησίσοφοι,

2180 2792 2267 2846 διά
2297 2809 2356 2845 τε
2383 2791 2668 2865 ἀνθρώπου
2702 2794 2828 2847 Υἱὸν
2859 2795 2994 2849 Θεοῦ
3029 2794 3231 2862 λαλεῖν,
3262 2799 3370 2851 υἱόν
3392 2816 3446 2852 τε
3475 2799 3593 2867 ἔχειν
3616 2797 3685 2854 τὸν

2179 2883 2313 2937 Θεὸν
2333 2924 2348 2949 ,
2384 2885 2474 2938 καὶ
2504 2884 2568 2957 δὴ
2601 2886 2693 2938 καὶ
2726 2885 3047 2942 πεπονθέναι
3087 2888 3311 2943 τοῦτονο
3344 2889 3457 2943 ὅθεν
3484 2892 3683 2961 αὐτοὺςῄ

2181 2973 2447 3045 πρόληψις
2491 2974 2589 3045 τῆς
2630 2976 2857 3046 οἰήσεως
2894 2975 3179 3031 ἀναπείθει
3225 2981 3480 3032 ἀπιστεῖν.
3520 2978 3574 3031 Ἥ
3607 2977 3686 3047 γὰρ

502 3074 577 3129 sit
605 3090 800 3145 passus
849 3093 864 3130 :
914 3091 1024 3146 quo
1073 3076 1154 3141 ﬁt,
1208 3085 1269 3131 ut
1320 3076 1488 3130 nimia
1532 3076 1618 3130 sui
1672 3075 2072 3131 existimatione

2184 3065 2445 3136 παρουσία
2478 3065 2573 3120 τοῦ
2605 3068 2853 3140 Σωτῆρος
2881 3071 2941 3122 ού
2977 3071 3198 3142 μωροὺς
3223 3072 3437 3142 ἐποίησε
3467 3073 3547 3129 καὶ
3570 3070 3689 3139 σκληι

499 3167 886 3238 praeoccupati,
917 3167 1136 3223 credere
1188 3168 1386 3222 nolint.
1432 3165 1737 3221 Servatoris
1782 3168 1927 3221 enim
1983 3168 2073 3222 ad-

499 3266 718 3324 ventus,
753 3272 861 3313 non
907 3257 1103 3313 stultos
1151 3257 1297 3325 fecit,
1343 3265 1397 3313 et
1428 3258 1595 3312 duros
1642 3258 1824 3325 corde,
1871 3267 1924 3313 et
1953 3258 2073 3313 inli-

438 3344 447 3355 ‘
500 3340 670 3411 deles;
704 3343 796 3399 sed
851 3343 1169 3414 prudentes,
1205 3353 1259 3401 et
1309 3353 1466 3415 aptos
1492 3345 1692 3416 quibus
1739 3347 2073 3416 persuadeas

502 3443 616 3500 tur,
651 3442 705 3490 et
733 3444 990 3505 praeterea
1040 3436 1246 3492 ﬁdeles.
1280 3436 1502 3505 Verum,
1538 3438 1633 3508 qui
1663 3453 1854 3507 parere
1885 3440 2076 3494 nolue-

501 3535 650 3593 runt,
683 3526 752 3582 ab
789 3543 1000 3595 eorum,
1031 3529 1128 3600 qui
1171 3529 1515 3594 obedierunt,
1542 3530 1848 3584 voluntaria
1895 3532 2076 3587 adhm—

500 3620 656 3675 sione
676 3619 1025 3686 discedendo,
1052 3622 1258 3677 ostensi
1308 3632 1433 3677 sunt
1465 3621 1855 3692 imprudentes,
1886 3632 1941 3678 et
1988 3623 2074 3678 in—

498 3711 710 3778 ﬁdeles,
762 3719 819 3766 et
849 3711 1021 3766 stulti.
1056 3730 1077 3763 ι
1117 3713 1254 3782 Ipsis
1301 3724 1481 3767 autem
1518 3714 1747 3781 vocatis,
1771 3712 1972 3770 ludatis
2022 3724 2077 3769 et

500 3806 727 3875 Graecis,
744 3807 993 3863 Christus
1012 3805 1263 3871 ος)ιῇῡεί
1294 3807 1488 3871 virtus,
1506 3816 1555 3862 et
1582 3805 1677 3862 Dei
1702 3806 1965 3876 sapientia
1989 3818 2035 3859 α.
2051 3826 2069 3858 ι

497 3896 641 3953 Num
673 3912 803 3969 ergo
851 3898 1021 3970 (quod
1059 3907 1142 3955 est
1182 3900 1347 3954 etiam
1389 3898 1604 3967 melius)
1654 3898 2075 3953 existimandum

499 3996 585 4044 est
640 4004 761 4044 esse
799 3990 1111 4059 negativum
1168 3990 1320 4055 illud,
1373 4007 1391 4041 ι
1435 3988 1571 4060 Οὐχὶ
1604 3988 1886 4061 ἐμώρανεν
1937 3989 2081 4043 Deus

500 4079 824 4151 sapientiam
868 4081 1081 4143 mundi,
1139 4101 1158 4134 ι
1189 4080 1442 4154 “perinde
1500 4096 1566 4136 ac
1622 4081 1724 4134 οὐκ
1773 4080 2077 4152 ἐμώρανεν,

506 4189 527 4223 ι
557 4186 665 4227 non
698 4171 918 4227 stultam
971 4170 1118 4239 fecit,
1167 4192 1186 4226 ι
1240 4188 1310 4228 ne
1339 4189 1505 4228 causa
1556 4171 1774 4228 duritiei
1820 4173 2001 4227 cordis
2050 4188 2082 4227 a

499 4262 612 4320 Deo
639 4264 720 4321 eis
756 4262 903 4319 facta
930 4256 1179 4320 rideatur
1233 4283 1253 4317 ‹
1287 4265 1384 4335 qui
1431 4265 1653 4320 stultam
1696 4263 1825 4319 fecit
1861 4265 2081 4335 sapien-

2175 3157 2508 3229 ροκαρδίους,
2541 3161 2633 3213 καὶ
2674 3161 2953 3225 ἀπίστους,
2987 3162 3124 3215 ἀλλὰ
3158 3163 3407 3227 συνετοὺς
3435 3164 3518 3217 καὶ
3543 3164 3685 3215 εὐπει-

2171 3248 2305 3313 θεῖς,
2342 3250 2562 3321 προσέτι
2601 3252 2840 3316 πιστούς.
2908 3252 3261 3326 Ἐδείχθησαν
3292 3234 3369 3317 δὲ,
3396 3255 3455 3306 ἐκ
3495 3254 3579 3324 τῆς
3607 3251 3688 3306 τῶν

2172 3342 2592 3397 ὑπακουσάντων
2647 3346 2895 3401 ἑκουσίου
2956 3346 3333 3416 προσκλίσεως
3371 3344 3685 3418 χωρισθέντες.

2171 3436 2221 3488 οί
2254 3435 2328 3508 μὴ
2374 3435 2727 3507 ἐθελήσαντες
2759 3438 3041 3493 πείθεσθαι
3073 3440 3323 3494 ἀσύνετοί
3362 3456 3438 3503 τε,
3482 3438 3561 3491 καὶ
3594 3436 3691 3490 6::-

2174 3542 2320 3591 στοι,
2376 3528 2471 3581 καὶ
2524 3530 2714 3600 μωροί.
2756 3549 2775 3581 ‹
2807 3531 3001 3595 Αὑτοῖς
3043 3530 3101 3584 δὲ
3151 3536 3266 3596 τοῖς
3322 3531 3541 3603 κλητοῖς,
3592 3527 3690 3580 ’Ῑαθ

2172 3616 2342 3681 δαίοις
2386 3636 2446 3672 τε
2495 3621 2589 3674 καί¹
2621 3621 2866 3693 Ἕλλησι,
2908 3622 3144 3694 Χριστὸς
3185 3623 3320 3677 Θεοῦ
3352 3622 3560 3693 δύναμίς
3584 3621 3688 3679 ἐστιν

2175 3709 2269 3762 καὶ
2322 3709 2456 3763 Θεοῦ
2507 3713 2685 3781 σοφίαο
2712 3732 2731 3765 ι
2762 3714 2852 3786 Μή
2890 3731 2943 3767 τι
2992 3710 3083 3769 οῦν
3134 3716 3294 3786 (ὅπερ
3334 3715 3425 3767 καὶ
3468 3706 3688 3784 ἄμεινσνίε

2176 3803 2509 3872 ἀποφατικὸν
2559 3805 2791 3876 ήγητέον
2848 3806 2934 3871 τὸ,
2983 3825 3002 3859 ‹
3034 3808 3170 3878 Οὐχὶ
3208 3806 3477 3879 ἐμώρανεν
3524 3807 3549 3859 6
3594 3802 3691 3863 Θεὸς

2176 3895 2274 3966 τὴν
2334 3894 2524 3964 σοφίαν
2582 3895 2676 3949 τοῦ
2724 3897 2951 3969 κόσμου,
2988 3918 3007 3950 ι
3057 3899 3278 3972 ἐπίσης,
3324 3918 3342 3951 ί
3373 3899 3479 3951 υὺκ
3522 3892 3691 3966 Elui)?”

2178 4003 2288 4050 νεν,
2315 4006 2333 4038 ι
2355 3986 2441 4040 ἵνα
2467 3987 2542 4059 μὴ
2569 3988 2775 4060 ήαίτία
2799 3990 2899 4061 τῆς
2925 3991 3355 4063 σκληροκαρδίας
3380 3991 3544 4052 αὐτοῖς
3580 3982 3694 4053 ἰτίερὶ

2177 4077 2271 4131 τοῦ
2316 4076 2450 4131 Θεοῦ
2486 4079 2741 4152 φαίνηται
2777 4082 3065 4154 γενομένη,
3099 4101 3119 4134 ι
3144 4082 3241 4136 τοῦ
3286 4082 3597 4155 μωράνοντος
3620 4076 3692 4144 τὴν

2182 4170 2405 4239 σοφίαν;
2433 4190 2451 4223 ι
2501 4172 2589 4226 Ἐν
2627 4174 2761 4227 πᾶσι
2787 4174 2918 4246 γὰρ,
2947 4174 3125 4228 καίτοι
3162 4176 3317 4245 σοφοὶ
3341 4175 3500 4237 ὄντες,
3525 4174 3574 4224 ἐν
3602 4167 3692 4241 μεί-

2184 4260 2297 4325 ζονι
2325 4263 2473 4335 αἰτίᾳ
2494 4263 2768 4332 γεγόνασι,
2799 4265 2873 4336 μὴ
2906 4265 3300 4330 πιστεύσαντες
3321 4265 3397 4337 τῷ
3416 4262 3689 4336 κηρύγματι·

462 4353 670 4413 .tiam?
714 4372 734 4407 ι
776 4352 1016 4411 Omnino
1048 4356 1197 4410 enim
1230 4370 1356 4410 cum
1405 4354 1676 4425 sapientes
1724 4363 1927 4422 essent,
1958 4370 2073 4410 ma-

2184 4353 2428 4417 ὲκούσιος
2454 4353 2616 4426 γὰρῆ
2641 4372 2700 4409 τε
2726 4357 2957 4428 αἵρεσις,
2980 4358 3015 4428 ἥ
3040 4374 3101 4410 τε
3123 4356 3227 4427 τῆς
3249 4356 3496 4428 ἀληθείας
3523 4351 3691 4420 ἐκλογή.

492 4445 601 4516 jori
638 4446 808 4517 culpae
834 4444 988 4502 fuere
1015 4446 1259 4514 obnoxii,
1292 4447 1387 4518 qui
1419 4446 1790 4519 praedicationi
1820 4462 1931 4502 non
1957 4434 2073 4501 cre-

496 4535 753 4591 diderunt
781 4555 796 4592 :
827 4537 1135 4594 voluntaria
1187 4539 1333 4594 enim
1374 4547 1459 4595 est
1510 4539 1702 4595 electio
1735 4550 1790 4595 et
1835 4538 2074 4594 delectus

496 4628 762 4684 veritatis.
851 4627 1159 4696 Quinetiam
1235 4629 1368 4686 illud
1421 4651 1433 4686 :
1496 4648 1516 4682 ι
1562 4629 1791 4685 Perdam
1860 4628 2077 4699 sapien-

496 4718 629 4773 tiam
669 4719 998 4789 sapientum,
1040 4738 1059 4772 ι
1098 4720 1238 4791 ejus,
1291 4736 1413 4791 quae
1466 4720 1831 4776 contemnitur
1858 4734 1923 4775 ac
1975 4719 2072 4774 de-

495 4809 744 4879 epicitur,
804 4809 1056 4866 barbara:
1106 4811 1472 4883 philos0phite
1534 4810 1877 4881 oppositione
1941 4808 2074 4864 dicit

495 4901 841 4975 illustrasse;
889 4903 1034 4958 sicut
1076 4902 1244 4957 etiam
1276 4900 1524 4970 lucerna,
1554 4918 1676 4972 qua:
1704 4917 1734 4957 a
1787 4901 1902 4956 sole
1948 4901 2073 4956 illu-

494 4999 719 5060 stratur,
755 4992 958 5049 dicitur
999 4993 1246 5064 periisse,
1281 5008 1349 5050 eo
1391 4993 1537 5064 quod
1572 5008 1679 5049 non
1712 4992 1784 5048 sit
1824 4992 1972 5063 paris
1994 4990 2075 5047 ef-

2190 4444 2349 4498 Ἀλλὰ
2402 4446 2498 4500 καὶ
2545 4447 2625 4512 τὸ,
2664 4467 2683 4500 t
2723 4449 2930 4503 Ἀπολῶ
2976 4451 3076 4521 τὴν
3119 4451 3333 4520 σοφίαν.
3357 4448 3460 4503 τῶν
3491 4444 3689 4516 σοφῶν.)

2177 4538 2244 4607 τῇ
2286 4537 2384 4609 τῆς
2427 4534 2940 4613 καταφρονουμένης
2975 4541 3402 4613 ὑπερορωμένης
3449 4537 3549 4608 (52)
3605 4533 3696 4604 βαρ

2181 4625 2348 4699 σάρου
2382 4627 2697 4697 φιλοσοφίας
2733 4628 3152 4701 ἁντιπαραθέσει
3188 4628 3527 4699 καταλάμψαι
3553 4622 3692 4694 φησίν·

2178 4716 2255 4782 ὡς
2303 4719 2395 4771 καὶ
2427 4720 2457 4771 6
2487 4718 2711 4791 λύχνος,
2745 4719 2850 4774 ὑπὸ
2895 4719 2989 4773 τοῦ
3038 4720 3191 4793 ἡλίου
3244 4715 3694 4788 καταλαμπόμενος.

2179 4809 2515 4864 ἀπολωλέναι
2547 4811 2782 4882 λέγεται,
2815 4810 2894 4882 τῷ
2933 4811 3007 4883 μὴ
3035 4813 3137 4885 τὴν
3168 4811 3293 4883 ῐσην
3335 4809 3556 4864 ἐκτελεῖν
3584 4804 3696 4870 ἐνέρ-

2177 4919 2352 4971 γειαν.
2394 4904 2618 4958 Πάντων
2672 4905 2848 4960 τοίνυν
2903 4904 3207 4977 ἀνθρώπων
3262 4901 3619 4974 κεκλημένων,
3662 4893 3695 4944 οἱ

2181 4995 2484 5051 ὑπακοῦσαι
2507 4995 2876 5069 βουληθέντες,
2905 5018 2924 5050 ι
2944 4996 3130 5069 κλητοὶ
3155 4996 3271 5073 (53)
3290 5013 3310 5046 ι
3337 4991 3695 5065 ὠνομάσθησανο

569 5154 626 5213 εἰ(
658 5147 719 5205 P.
743 5149 845 5205 371
873 5148 983 5206 ED.
1011 5148 1306 5219 POTTER,
1343 5150 1451 5207 514
1489 5150 1602 5209 ΕΙ).
1640 5149 1870 5210 PARIS.
1951 5162 1982 5194 ι
2011 5148 2073 5205 1(

2219 5168 2261 5219 ι,
2300 5151 2397 5216 19,
2440 5151 2530 5205 20.
2613 5153 2643 5193 ιι
2673 5153 2871 5225 Ephes.
2902 5170 2977 5221 tv,
3006 5153 3093 5207 18.
3185 5150 3261 5205 οι
3298 5151 3421 5206 Cor.
3470 5164 3507 5213 ι,
3545 5138 3695 5197 21-24.

562 5292 676 5364 (27)
708 5293 818 5348 Kal
847 5295 980 5362 περὶ
1006 5296 1250 5350 τούτων.
1281 5293 1442 5349 Forte
1473 5295 1567 5349 καὶ
1595 5295 1687 5349 ἐπὶ
1706 5295 1929 5356 τούτων,
1962 5311 1983 5364 «ν
2014 5302 2067 5364 et

493 5363 561 5436 de
597 5363 702 5436 his,
743 5384 763 5417 ι
802 5373 862 5436 ut
892 5365 1247 5436 pauloksupra
1277 5363 1520 5436 ἐπὶτῶν
1551 5364 1861 5436 προφητῶν,
1894 5374 1945 5417 et
1973 5363 2066 5414 ἐπὶ

488 5432 597 5486 τῶν
624 5432 986 5506 κλεπτόντων.
1026 5432 1357 5506 Ἐπίουιοηι
1386 5435 1443 5506 in
1465 5436 1568 5490 hoc
1596 5432 1848 5503 loquendi
1875 5446 2068 5506 genere

493 5499 670 5570 magis
704 5499 992 5570 convenire
1027 5513 1191 5570 quam
1233 5503 1381 5570 περί,
1410 5503 1596 5570 liquet,
1622 5499 1787 5557 etiam
1822 5499 1901 5556 εί
1935 5502 2060 5557 aliis

494 5565 872 5636 scriptoribus,
904 5565 1203 5636 praesertim
1235 5565 1544 5626 Aristotele.
1579 5569 1847 5627 Susum}.

565 5635 681 5707 (28)
724 5634 1133 5709 ΑΤοῦῂφὶόςγμου.
1189 5636 1346 5709 Vulg.
1397 5639 1515 5695 Bib.
1551 5638 1571 5693 l
1606 5640 1734 5696 Cor.
1771 5658 1822 5707 ι,
1866 5640 2060 5709 majori

495 5704 881 5779 οιιῐρῂᾴιείηοῦ
908 5704 1109 5779 κόσμου
1140 5704 1347 5779 τούτου.
1378 5710 1636 5767 SYLBuao.

566 5776 680 5847 (2’3)
707 5778 920 5832 Αὐτόν.
952 5776 1105 5846 Θεόν,
1139 5778 1311 5835 lCor.

2245 5272 2358 5361 (ὅθ)
2400 5289 2609 5358 Οὗτος.
2655 5292 2822 5348 Abest
2846 5291 2920 5347 al
2949 5291 3079 5347 Cor.
3120 5290 3249 5346 Mox
3286 5290 3385 5360 τῆς
3414 5282 3606 5358 μωρίας
3625 5272 3699 5329 τοῦ

2172 5359 2547 5433 κηρύγματοςι
2572 5362 2715 5433 Ibid,-

2239 5429 2369 5556 (5η
2397 5430 2657 5498 Ἰησοῦν.
2683 5431 2853 5487 Abest
2876 5447 2907 5485 a
2936 5432 3081 5501 vulg.
3115 5429 3239 5486 Bib.
3514 5491 3527 5503 θ

2241 5500 2333 5556 (52
2380 5499 2955 5556 Καταφρονουιιένπο
2973 5499 3446 5556 ὑπεοοοωιιένηςο
3469 5490 3527 5546 ΠΙ

2241 5490 2354 5572 (52)
2380 5490 2955 5573 καταφρονουμένης
2973 5490 3446 5573 ὑσῖερορωμέτςηςξ
3469 5490 3561 5546 Hic
3576 5497 3700 5573 asyli.

2166 5564 2473 5636 deton'est;
2502 5564 2663 5640 quale
2691 5564 2857 5641 supra
2889 5564 3212 5640 notatum'p.
3237 5564 3385 5641 126.
3407 5564 3639 5641 Syrum-

2240 5641 2351 5711 (55)
2382 5626 2620 5709 Κληέοί.
2650 5641 2667 5694 1
2695 5626 2825 5697 Οάγ.
2856 5657 2894 5706 ι,
2924 5641 2998 5696 2.5
3025 5626 3256 5711 εΑὐτοῖς
3281 5638 3353 5711 δὲ.
3368 5637 3475 5711 τοῖς
3500 5626 3696 5711 κλητοῖς(

2178 5690 2465 5774 ἰοἷᾶδέεᾷἱξ
2475 5690 2539 5763 1;;
2548 5690 2667 5766 ’,ξεί
2692 5690 3003 5784 ῖιέλὶξηὲιξὲἰ
3012 5690 3199 5782 {Sili-£64
3212 5690 3355 5762 Θεοῦ
3382 5690 3606 5772 δύναμιν,
3625 5690 3699 5748 κτλ

2167 5779 2302 5834 Θεοῦ
2335 5782 2549 5834 σοφίαν.
3021 5812 3041 5831 ο

2214 5799 2302 5834 sou
2335 5797 2549 5853 σοφίαν.
3021 5812 3041 5831 .
