3938 6324
427 343 534 400 815

1591 347 1980 403 CLEMENTlS
2016 347 2493 404 ALEXANDRINI

3563 355 3666 410 κισ

425 480 606 525 autem
628 511 643 532 ,
679 478 739 524 ut
769 485 833 526 ea
859 487 982 524 cum
1013 471 1098 525 his
1128 470 1344 540 quidem
1385 471 1514 525 insit
1549 472 1713 527 rebus
1733 513 1748 538 ,
1791 471 1984 527 dicatul

2107 471 2488 541 ἐγγενομένην,
2507 471 2757 540 λέγεσθαι
2791 474 3070 545 φρόνησιν,
3094 477 3151 528 ἐν
3168 475 3375 538 τούτοις
3390 475 3444 528 δὲ
3468 492 3669 547 σωφρο-

427 563 734 632 prudentia.
773 562 826 616 in
858 562 965 617 illis
995 571 1174 617 autem
1203 564 1582 633 temperantia,
1621 565 1673 617 in
1707 563 1827 619 aliis
1862 576 1992 617 vero

424 658 591 712 animi
623 657 937 726 magnitudo
961 657 1041 710 vel
1073 656 1300 725 iustitia.
1339 657 1534 710 Eadem
1563 665 1740 711 autem
1783 657 1992 712 ratione

425 768 548 804 cum
588 751 660 805 sit
693 766 800 805 una
839 765 1058 820 quoque
1089 751 1308 815 veritas,
1355 753 1406 804 in
1437 751 1732 821 geometria
1779 767 1992 822 geome-

425 843 540 896 triae
575 843 809 907 veritas;
845 843 898 896 in
931 842 1139 897 musica
1169 853 1347 897 autem
1380 844 1634 906 musica;
1669 851 1723 897 et
1753 844 1806 898 in
1845 853 1991 899 recta

422 931 765 1001 philosophia
812 931 975 986 fuerit
1011 932 1196 987 Graeca
1231 936 1450 986 veritas.
1491 932 1616 986 Sola
1663 943 1841 987 autem
1879 935 1993 988 haec

421 1033 504 1078 est
550 1025 860 1079 authentica
910 1026 1152 1088 veritas,
1200 1041 1428 1095 quaeque
1468 1041 1497 1079 a
1547 1025 1763 1079 nemine
1800 1025 1989 1095 attingi

409 1121 632 1185 potest,
683 1131 846 1185 quam
893 1116 1204 1170 docmnura
1242 1115 1334 1170 Dei
1365 1115 1521 1170 Filio.
1574 1115 1775 1172 Eodem
1829 1117 1991 1171 modo

421 1221 528 1258 una
565 1205 864 1276 eademque
894 1207 1173 1271 drachma,
1210 1209 1255 1262 si
1283 1209 1404 1262 data
1441 1209 1602 1263 fuerit
1634 1216 1830 1272 nauta,
1857 1225 1992 1263 nau-

421 1295 570 1361 lum;
605 1297 652 1350 si
687 1298 997 1366 publicano,
1047 1301 1308 1371 vectigal;
1344 1303 1387 1356 si
1419 1304 1467 1356 ei
1516 1303 1606 1370 qtti
1651 1301 1874 1356 domum
1907 1303 1988 1357 1οο

419 1397 528 1454 cat,
562 1405 771 1461 merces
792 1393 1073 1446 contluctce
1102 1394 1325 1459 domus;
1366 1396 1410 1449 si
1446 1395 1784 1466 praeceptori.
1813 1411 1992 1466 operte

419 1498 663 1552 merces;
703 1483 747 1537 si
777 1484 825 1538 ei
891 1485 984 1554 qui
1015 1486 1226 1551 vendit,
1278 1488 1438 1542 ari-ha
1485 1488 1706 1544 dicitur.
1754 1486 1991 1559 Singulae

419 1586 622 1639 autem,
658 1592 749 1631 seu
788 1577 1034 1641 virtutes,
1087 1595 1178 1633 seu
1223 1581 1507 1645 veritates,
1550 1581 1828 1634 communi
1870 1583 1990 1650 qui-

417 1675 538 1728 dem
589 1675 810 1730 nomine
857 1675 1214 1739 conveniunt,
1266 1675 1358 1729 sed
1408 1676 1684 1744 proprium
1717 1674 1987 1745 aliquem,

417 1784 654 1838 eumque
705 1768 961 1830 unicum,
1009 1767 1258 1821 effectum
1307 1767 1536 1830 habent;
1585 1782 1817 1835 quorum
1871 1781 1988 1819 om-

2095 564 2281 635 σὺνην,
2315 567 2370 617 ἐν
2401 564 2608 628 τούτοις
2625 566 2682 618 δὲ
2708 565 3006 637 ἀνδρείανῆ
3034 567 3399 638 δικαιοσύνην.
3432 568 3557 621 Ἀνὰ
3578 566 3668 621 τὸν

2093 657 2255 709 αὑτὸν
2273 653 2366 710 οὖν
2380 657 2536 726 λόγον
2562 659 2654 710 καὶ
2669 659 2796 727 μιᾶς
2811 657 2975 730 οὑσης
2993 659 3269 730 ἀληθείας,
3288 661 3346 711 ἐν
3359 659 3671 732 γεωμετρίᾳ

2097 747 2193 817 μὲν
2220 750 2559 820 γεωμετρίας
2576 748 2823 819 ἀλήθεια,
2844 752 2902 802 ἐν
2925 753 3154 820 μουσικῇ
3170 751 3226 803 δὲ
3245 749 3507 819 μουσικῆς
3525 767 3539 779 ο
3569 751 3670 802 κάν

2094 838 2378 910 φιλοσοφίᾳ
2411 841 2624 912 τῇόρθῇ
2655 840 2936 912 Ἑλληνικὴ
2972 844 3052 914 είη
3085 842 3152 896 ἂν
3180 841 3589 912 ἀληθεια.Μόνη
3613 843 3669 895 δὲ

2094 929 2126 998 ἠ
2140 930 2300 1000 κυρία
2315 929 2450 1001 αὐτη
2467 930 2708 1001 ἀλήθεια,
2728 933 3211 1004 ἀπαρεγχείρητος,
3227 933 3294 1003 ἥν
3306 933 3456 1002 παρά
3467 932 3543 1002 τῷ
3557 932 3670 1000 Υίῷ
3765 968 3776 978 ι

2093 1020 2184 1074 τοῦ
2208 1021 2338 1074 Θεοῦ
2369 1022 2752 1092 παιδευόμεθα.
2781 1023 2981 1078 Τοῦτόν
3001 1041 3178 1094 φαμεν
3205 1024 3316 1094 (74)
3351 1025 3441 1076 τὸν
3473 1024 3671 1094 τρόπον
3695 1086 3706 1098 ι

2097 1115 2226 1183 μιᾶς
2251 1116 2346 1169 καὶ
2375 1116 2473 1185 τῆς
2505 1115 2672 1186 αὑτῆς
2697 1116 2980 1187 δραχμῆς,
3013 1116 3094 1187 τῷ
3129 1117 3225 1186 μὲν
3258 1115 3552 1187 ναυκλήρῳ
3581 1115 3670 1168 δοο

2093 1203 2298 1275 θείσης,
2336 1204 2586 1273 λέγεσθαι
2619 1205 2843 1269 ναῦλον,
2889 1206 2965 1276 τῷ
3004 1207 3060 1260 δὲ
3100 1206 3303 1279 τελώνῃ
3349 1206 3538 1270 τέλοςο
3575 1206 3673 1259 καὶ

2089 1295 2318 1348 ἐνοίκιον
2360 1295 2458 1365 μὲν
2487 1295 2562 1366 τῷ
2597 1297 2944 1368 σταθμούχῳο
2992 1297 3180 1368 μισθὸν
3215 1297 3272 1350 δὲ
3303 1296 3381 1367 τῷ
3413 1295 3672 1352 διδασκά-

2091 1388 2167 1458 λῳ
2189 1404 2202 1418 ο
2235 1387 2424 1458 καὶτῷ
2451 1390 2810 1460 πιπράσκοντι
2838 1390 3150 1462 ἀρραϐῶνα.
3199 1390 3432 1461 Έκάστη
3467 1390 3523 1443 δὲ
3559 1391 3672 1443 εἴτε

2090 1480 2277 1551 ἀρετὴ,
2337 1480 2444 1532 εἴτε
2492 1482 2587 1534 καὶ
2634 1481 2878 1552 ἀλήθεια,
2950 1482 3277 1552 συνωνύμως
3333 1482 3666 1552 καλουμένη,

2095 1570 2254 1640 μόνου
2305 1569 2396 1622 τοῦ
2432 1571 2551 1624 καθ’
2590 1572 2787 1642 ἑαυτὴν
2821 1573 3257 1643 ἀποτελέσματος
3301 1573 3450 1625 ἐστιν
3484 1573 3668 1626 αἰτίαο

2089 1662 2231 1715 κατὰ
2265 1663 2562 1733 σύγχρησιν
2603 1662 2659 1715 δὲ
2709 1663 2910 1716 τούτων
2958 1664 3162 1733 γίνεται
3214 1665 3274 1717 τὸ
3333 1663 3672 1735 εὐδαιμόνως

2093 1749 2223 1822 ζῇν·
2257 1751 2332 1822 μὴ
2363 1753 2470 1824 γὰρ
2503 1751 2565 1822 δὴ
2590 1751 2992 1822 εὑδαιμονῶμεν
3019 1753 3156 1823 πρὸς
3187 1754 3256 1806 τὰ
3291 1753 3554 1823 ὀνόματα,
3589 1754 3672 1806 ὅτ’

417 1860 568 1914 nium
595 1875 660 1915 ex
687 1860 1069 1928 conjunctione
1092 1860 1334 1913 nascitur
1362 1859 1465 1912 vita
1493 1859 1665 1912 beata.
1697 1857 1810 1912 Non
1845 1858 1984 1912 enim

2093 1841 2157 1895 ἂν
2185 1843 2274 1895 τὸν
2295 1843 2451 1914 ὀρθὸν
2481 1843 2593 1914 βίον
2613 1844 2953 1915 εὐδαιμονίαν
2974 1844 3240 1915 λέγωμεν,
3266 1845 3359 1898 καὶ
3381 1845 3675 1916 εὐδαίμονα

417 1952 549 2006 solis
583 1951 896 2006 nominibus
929 1951 1070 2005 beati
1102 1951 1396 2014 reddimur,
1428 1965 1550 2005 cum
1588 1959 1787 2004 rectam
1821 1950 1986 2004 vitam

416 2044 663 2100 dicamus
697 2045 1120 2110 beatitudinem;
1167 2053 1222 2099 et
1274 2045 1424 2100 illum
1471 2044 1710 2108 beatum,
1751 2046 1838 2100 cui
1875 2045 1987 2098 vir«

417 2145 529 2191 tute
549 2145 811 2191 exornata
844 2146 928 2191 est
959 2137 1160 2190 anima.
1197 2135 1350 2202 Quod
1382 2136 1426 2190 si
1460 2136 1620 2190 etiam
1648 2135 1983 2205 philosophia

415 2246 445 2284 e
487 2230 782 2301 longinquo
819 2245 976 2299 opem
1028 2228 1133 2283 fert
1189 2229 1485 2283 inventioni
1523 2229 1784 2294 veritatis,
1825 2228 1987 2282 variis

414 2323 729 2379 notionibus
759 2321 984 2376 tendens
1010 2321 1075 2374 ad
1102 2330 1340 2375 nostram
1369 2321 1674 2385 scientiam,
1709 2335 1830 2388 quae
1858 2335 1984 2388 pro-

413 2414 560 2468 xime
603 2412 818 2482 attingit
858 2410 1174 2474 veritatem;
1221 2411 1301 2465 sic
1340 2417 1518 2464 tamen
1560 2413 1608 2464 ei
1653 2426 1808 2480 opem
1843 2410 1982 2476 fert,

400 2505 509 2575 qui
552 2502 684 2572 Logi
733 2501 940 2556 auxilio
983 2510 1212 2556 conatur
1265 2501 1668 2570 apprehendere
1719 2501 1986 2570 cognitio-

414 2612 562 2652 nem.
603 2594 838 2648 Proinde
869 2591 1054 2648 Grzeea
1091 2591 1312 2655 veritas,
1348 2591 1560 2645 etiarnsi
1603 2592 1672 2646 sit
1712 2591 1852 2644 idem
1885 2606 1986 2644 no-

407 2704 537 2744 men
583 2687 805 2751 sortita,
834 2699 1012 2740 tamen
1039 2701 1068 2738 a
1100 2694 1282 2740 nostra
1316 2692 1428 2737 tum
1486 2683 1856 2751 magnitudine
1887 2699 1982 2739 co-

313 2789 318 2794 ‘
411 2778 705 2848 gnitionis,
741 2786 854 2831 tum
897 2776 1421 2831 demonstrationum
1461 2775 1764 2841 evidentia,
1800 2784 1854 2830 et
1897 2777 1983 2830 di-

412 2873 538 2924 vina
568 2873 796 2933 virtute,
838 2876 892 2924 et
925 2868 1046 2924 aliis
1092 2868 1392 2934 similibus,
1443 2867 1576 2924 satis
1609 2869 1981 2940 distinguitur.

412 2962 459 3017 Λ
488 2961 597 3016 Deo
631 2963 773 3016 enim
808 2961 951 3016 docti
978 2976 1188 3026 sumus,
1226 2961 1318 3030 qui
1354 2961 1562 3016 litteras
1593 2977 1714 3016 vere
1743 2977 1929 3016 sacras
1951 2977 1982 3015 a

413 3053 552 3109 Filio
583 3053 675 3108 Dei
707 3053 1026 3114 didicimus;
1064 3054 1205 3108 unde
1249 3070 1356 3108 non
1391 3055 1613 3124 perinde
1650 3069 1715 3108 ac
1757 3069 1857 3109 nos
1904 3054 1982 3108 illi

413 3155 632 3202 moveut
655 3146 885 3210 animas,
922 3145 1014 3200 sed
1049 3145 1263 3200 diversa
1295 3147 1452 3208 plane
1479 3147 1732 3200 methodo
1772 3162 1836 3201 ac
1865 3145 1982 3200 dis-

2093 1933 2182 1986 τὸν
2217 1935 2622 2007 κεκοσμημένον
2665 1933 2764 2006 τὴν
2807 1934 2982 2005 ψυχὴν
3033 1935 3300 2006 εὑαρέτως
3336 1935 3473 2003 (75).
3510 1936 3575 1989 Et
3613 1936 3671 1990 δὲ

2089 2027 2188 2080 καὶ
2221 2026 2499 2098 πόρρωθεν
2532 2026 2960 2097 συλλαμϐάνεται
2997 2026 3280 2095 φιλοσοφία
3306 2029 3371 2097 τῇ
3399 2028 3539 2098 πρὸς
3571 2029 3674 2100 τὴν

2093 2115 2346 2187 ἀλήθειαν
2380 2118 2626 2189 εὑρέσει,
2672 2119 2812 2173 κατά
2851 2118 3140 2190 διαφόρους
3186 2118 3446 2182 ὲπιὸολάς
3477 2119 3675 2174 διατεί-

2093 2223 2256 2259 νουσα
2303 2208 2397 2260 ὲπὶ
2441 2208 2537 2279 τὴν
2586 2209 2869 2282 προσεχῶς
2903 2209 3210 2280 ἁπτομένην
3251 2209 3347 2280 τῆς
3386 2210 3672 2281 ἀληθείας,

2092 2300 2190 2369 τὴν
2220 2298 2340 2351 καθ’
2391 2302 2542 2370 ἡμᾶς
2578 2302 2810 2372 εἴδησιν·
2850 2302 2986 2355 ἀλλὰ
3027 2301 3459 2372 συλλαμϐάνεταί
3489 2322 3556 2373 γε
3593 2305 3674 2374 τῷ

2091 2388 2321 2457 λογικῶς
2371 2391 2666 2464 ἐπιχειρεῖν
2711 2393 3063 2446 ἐσπουδακότι
3107 2393 3476 2446 ἀνθάπτεσθαι
3530 2394 3672 2462 γνώ-

2094 2499 2247 2544 σεως.
2285 2481 2586 2554 Χωρίζεταί
2619 2500 2678 2536 τε
2719 2486 2751 2554 ὴ
2799 2484 3084 2555 Ἑλληνικὴ
3130 2485 3355 2556 ἀλήθεια
3396 2487 3495 2556 τῆς
3545 2485 3670 2538 καθ’

2091 2573 2256 2642 ἡμᾶς,
2306 2575 2353 2626 εί
2400 2574 2492 2627 κα)⁵
2535 2574 2626 2627 τοῦ
2670 2574 2831 2627 αὐτοῦ
2884 2575 3205 2648 μετείληφεν
3253 2577 3536 2648 ὀνόματος,
3575 2580 3671 2630 καὶ

2095 2665 2311 2734 μεγέθει
2342 2664 2615 2734 γνώσεως,
2651 2667 2746 2720 καὶ
2777 2668 3045 2734 ἀποδείξει
3067 2670 3395 2742 κυριωτέρα.
3432 2671 3528 2724 καὶ
3549 2669 3672 2742 θείᾳ.

2089 2753 2333 2826 δυνάμει,
2356 2758 2448 2810 καὶ
2470 2760 2579 2820 τοῖς
2599 2758 2820 2828 ὁμοίοις.
2857 2758 3191 2812 Θεοδίδακτοι
3213 2759 3322 2829 (76)
3345 2760 3453 2832 γὰρ
3480 2763 3667 2832 ἡμεῖς,

2093 2846 2212 2916 ἱερὰ
2251 2845 2418 2910 ὅντως
2450 2847 2752 2919 γράμματα
2787 2849 2900 2918 (77)
2947 2849 3096 2922 παρὰ
3144 2849 3222 2920 τῷ
3263 2850 3376 2921 Υίῷ
3408 2850 3501 2904 τοῦ
3531 2849 3671 2904 Θεοῦ

2091 2935 2507 3006 παιδευόμενοι·
2555 2936 2702 2991 ἔνθεν
2734 2938 2842 2990 οὐδ’
2886 2939 3148 3004 ὡσαύτως
3193 2939 3399 2994 κινοῦσι
3434 2942 3532 3004 τὰς
3575 2941 3673 3010 ψυ-

2089 3025 2208 3096 χάς,
2244 3027 2376 3081 ἀλλὰ
2411 3029 2648 3100 διαφόρῳ
2680 3029 3012 3102 διδασκαλίᾳ.
3060 3033 3122 3085 Εί
3158 3033 3213 3086 δὲ
3257 3033 3670 3088 διαστέλλεσθαι

2090 3117 2237 3188 ἡμᾶς
2269 3117 2356 3173 διὰ
2377 3121 2502 3184 τοὺς
2535 3120 2969 3192 φιλεγκλήμονας
2989 3123 3185 3194 δεήσει,
3223 3125 3493 3181 συναίτιον
3527 3125 3671 3196 φιλοο

410 3239 631 3310 ciplina.
671 3237 828 3305 Quod
873 3207 918 3291 si
962 3248 1179 3307 propter
1207 3207 1322 3301 eos,
1355 3239 1448 3308 qui
1483 3254 1583 3293 nos
1615 3237 1980 3292 calumniandi

2093 3207 2277 3275 σοφίαν
2305 3208 2414 3280 (78)
2437 3210 2531 3262 καὶ
2554 3211 2811 3283 συνεργὸν
2845 3211 3091 3280 λέγοντες
3124 3214 3222 3284 τῆς
3241 3214 3473 3286 ἀληθοῦς
3502 3234 3671 3270 κατα-

410 3367 576 3406 ansas
605 3362 888 3420 quaerunt,
925 3348 1199 3418 Oportebit
1228 3363 1328 3402 nos
1356 3347 1712 3418 distinguere,
1742 3346 1985 3416 philoso-

410 3445 617 3512 phiam,
650 3451 710 3496 ut
732 3455 852 3512 quae
877 3440 930 3494 in
967 3440 1187 3494 veritate
1217 3439 1518 3508 indaganda
1545 3448 1808 3504 versetur,
1835 3453 1986 3493 com-

408 3537 804 3608 prehendenda
831 3536 1076 3590 veritatis
1106 3550 1434 3590 concausam
1465 3544 1516 3589 et
1553 3535 1984 3604 cooperatricem

411 3632 778 3701 appellantes,
819 3627 1110 3682 fatebimur
1156 3643 1277 3682 eam
1313 3643 1432 3682 esse
1467 3629 1721 3697 praeviam
1748 3629 1986 3685 hominis

411 3723 641 3794 gnostici
667 3721 1032 3791 disciplinam,
1069 3736 1175 3775 non
1224 3729 1403 3775 tamen
1435 3735 1557 3776 esse
1585 3737 1830 3790 causam,
1864 3739 1987 3794 qua:

410 3816 588 3869 solum
635 3824 720 3869 est
756 3828 1283 3882 concausa;.neque
1327 3813 1656 3884 continens,
1701 3814 1788 3878 id,
1839 3815 1987 3884 quod

411 3907 633 3974 adjuvat
662 3914 712 3962 et
744 3915 1090 3974 cooperatur,
1120 3921 1218 3959 nec
1248 3904 1472 3974 perinde
1498 3920 1563 3960 ac
1591 3905 1635 3960 si
1665 3920 1773 3960 non
1803 3906 1873 3960 sit
1897 3922 1986 3962 ve-

410 3998 545 4052 ritas
575 3997 782 4064 absque
828 3996 1192 4066 philosophia.
1234 3994 1370 4052 Nam
1415 4012 1606 4052 omnes
1635 3995 1748 4052 fere
1782 3999 1987 4069 absque

410 4089 824 4157 disciplinarum
849 4088 1002 4150 orbe,
1018 4103 1181 4158 quam
1204 4106 1224 4140 ι
1247 4089 1700 4161 encycloptediam
1729 4109 1747 4142 ι
1769 4102 1983 4159 vocant,

409 4192 465 4236 et
501 4180 684 4236 Graeca
717 4181 1082 4251 philosophia,
1115 4182 1206 4235 alii
1243 4190 1424 4236 autem
1461 4184 1624 4238 etiam
1656 4185 1861 4254 absque
1894 4187 1985 4241 lit-

409 4273 564 4338 teris,
597 4273 781 4328 divina
809 4282 862 4328 et
895 4273 1122 4328 barbara
1162 4275 1294 4330 moti
1328 4275 1690 4346 philosophia,
1723 4287 1988 4347 potestate

409 4383 554 4430 eum,
593 4368 684 4438 qui
719 4367 784 4421 de
814 4365 924 4422 Deo
961 4376 1064 4435 est,
1106 4384 1201 4438 per
1229 4369 1386 4422 tidem
1425 4370 1734 4440 accepimus
1777 4388 1988 4428 sermo-

410 4476 556 4523 nem,
578 4460 776 4515 eruditi
801 4459 1083 4530 sapientia,
1100 4476 1221 4530 qua:
1240 4476 1335 4529 per
1351 4476 1409 4514 se
1429 4475 1701 4530 operatur.
1717 4463 1872 4532 Quod
1889 4483 1984 4522 au-

2086 3297 2317 3369 λήψεως,
2349 3299 2575 3372 ζήτησιν
2600 3297 2763 3356 οὖσαν
2797 3303 3071 3374 ἀληθείας,
3109 3306 3466 3376 προπαιδείαν
3497 3309 3669 3379 αὐτὴν

2085 3391 2490 3462 ὁμολογήσομεν
2545 3393 2634 3446 τοῦ
2715 3393 3012 3462 γνωστικοῦ
3052 3438 3066 3461 ,
3135 3398 3231 3450 οὑκ
3293 3398 3470 3451 αἴτιον
3525 3398 3668 3451 τιθέο

2090 3499 2238 3553 μενοι
2266 3484 2326 3536 τὸ
2349 3486 2621 3538 συναίτιον
2642 3503 2654 3516 ’
2678 3487 2797 3539 οὐδὲ
2822 3487 2925 3559 μὴν
2948 3488 3007 3542 τὸ
3030 3490 3288 3562 συνεργὸν
3315 3491 3661 3545 συνεκτικόν·

2092 3575 2202 3627 οὐδ’
2236 3575 2311 3638 ὡς
2343 3577 2441 3629 οὐκ
2469 3577 2633 3647 οὑσης
2670 3577 2798 3632 ἀνευ
2831 3579 2928 3650 τὴν
2973 3581 3285 3650 φιλοσοφίαν
3327 3583 3463 3651 (79).
3514 3585 3664 3637 Ἐπεὶ

2089 3663 2278 3732 σχεδὸν
2310 3667 2357 3717 οί
2397 3665 2596 3730 πάντες
2626 3668 2752 3721 ἄνευ
2771 3669 2866 3739 τῆς
2891 3687 2910 3720 ι
2937 3670 3222 3738 ἐγκυκλίου
3244 3673 3544 3738 παιδείας,ι
3575 3675 3663 3728 καὶ

2086 3753 2402 3823 φιλοσοφίας
2445 3757 2544 3825 τῆς
2602 3757 2934 3830 Ἑλληνικῆς,
2999 3764 3046 3814 oi
3079 3762 3135 3816 δὲ
3185 3765 3277 3816 καὶ
3316 3763 3447 3818 ἄνευ
3489 3784 3664 3839 γραμ-

2090 3845 2294 3914 μάτων,
2329 3849 2392 3918 τῇ
2431 3846 2550 3918 θείᾳ
2596 3851 2690 3902 καὶ
2725 3849 2982 3924 βαρϐάρῳ
3017 3853 3324 3923 κινηθέντες
3356 3856 3660 3930 φιλοσοφίᾳ,

2085 3933 2309 4004 δυνάμει
2345 3935 2455 4007 (80)
2488 3937 2578 3990 τὸν
2613 3938 2742 4010 περὶ
2770 3939 2903 3992 Θεοῦ
2930 3940 3018 3994 διὰ
3053 3942 3287 4008 πίστεως
3325 3947 3662 4019 παρειλήφα-

2090 4041 2187 4094 μεν
2215 4024 2390 4094 λόγον,
2409 4027 2692 4100 αὐτουργῷ
2718 4031 2878 4102 σοφίᾳ
2902 4032 3342 4104 πεπαιδευμένοι.
3377 4039 3442 4090 Ὃ
3462 4037 3517 4090 δὲ
3545 4039 3662 4109 μεθ’

2087 4116 2273 4187 ἑτέρου
2310 4121 2470 4182 ποιεῖ,
2511 4121 2697 4183 ἀτελὲς
2739 4121 2797 4173 δν
2832 4123 2952 4175 καθ’
2986 4125 3114 4178 αὑτὸ
3161 4128 3433 4198 ἐνεργεῖν,
3478 4147 3661 4202 συνερ-

2086 4207 2182 4275 γόν
2216 4225 2394 4279 φαμεν
2427 4210 2518 4262 καὶ
2554 4212 2820 4265 συναίτιον
2841 4253 2855 4275 ,
2891 4215 3000 4268 ἀπὸ
3047 4216 3139 4269 τοῦ
3175 4220 3447 4273 συναιτίου
3497 4223 3660 4275 αἴτιον

2087 4300 2352 4370 ὑπάρχειν
2384 4301 2518 4371 (81),
2554 4303 2664 4356 ἀπὸ
2700 4304 2792 4356 τοῦ
2829 4307 3000 4378 ἑτέρῳ
3034 4310 3342 4375 συνελθεῖν,
3377 4315 3547 4368 αἴτιον
3581 4317 3662 4385 γί-

2087 4391 2310 4460 γνεσθαι
2339 4392 2722 4465 ὠνομασμένον
2744 4413 2756 4425 '
2791 4398 2910 4451 καθ’
2945 4401 3104 4453 ἑαυτὸ
3137 4402 3193 4455 δὲ
3228 4402 3584 4475 μὴδύνασθαι
3604 4407 3660 4460 τὸ

2090 4483 2434 4555 ἀποτέλεσμα
2468 4486 2526 4538 τὸ
2560 4487 2680 4541 κατ’
2714 4488 2971 4559 ἀλήθειαν
3011 4494 3290 4564 παρέχειν.
3328 4497 3527 4552 Καίτοι
3573 4507 3661 4558 καὶ

409 4558 582 4616 tem»!
603 4568 728 4608 cum
749 4551 857 4605 alio
887 4553 1017 4618 agit.
1040 4569 1166 4606 cum
1193 4568 1290 4618 per
1313 4552 1779 4622 imperfectionem
1819 4575 1977 4616 suam

2093 4576 2202 4629 καθ’
2237 4551 2436 4650 ἑαυτὴν
2463 4578 2699 4633 ἐδικαίου
2735 4551 2844 4654 (Sé)
2873 4595 3003 4638 ποτε
3038 4551 3189 4657 καὶῆ
3223 4588 3512 4661 φιλοσοφία
3537 4551 3658 4655 τοὺς

485 4679 542 4734 >14
569 4670 628 4722 Ρ.
662 4670 764 4725 577
793 4671 901 4726 El).
935 4669 1229 4738 POTTER,
1273 4674 1376 4730 319
1407 4674 1514 4729 ΕΙ).
1558 4673 1780 4734 PARIS.

477 4761 600 4845 (74)
636 4763 857 4816 Τοῦτόν
887 4781 1102 4833 φαμεν.
1135 4761 1201 4818 Η.
1236 4781 1340 4821 ms.
1391 4767 1578 4822 τοῦτον
1614 4769 1714 4838 μὲν
1749 4769 1842 4826 οὖν
1881 4793 1986 4845 φα-

410 4850 528 4903 μεν.
563 4831 831 4903 Smuac.

479 4902 590 4979 (ἶξ)
621 4903 948 4979 Emme
982 4905 1163 4979 Malim
1193 4906 1484 4979 ἐναρέεως·

478 4973 591 5047 (76)
616 4973 1008 5047 Θεοδίδακτοι.
1043 4973 1332 5045 Respicit]
1364 4975 1555 5036 Thess.
1586 4997 1637 5036 tv
1657 5021 1672 5047 ,
1701 4982 1735 5037 9
1769 5003 1782 5038 :
1813 4986 1976 5042 Αὐτοὶ

406 5043 514 5111 γὰρ
547 5045 706 5111 ὑμεῖς
740 5045 1066 5100 θεοδίδακτοί
1093 5043 1236 5100 ἐστε.

502 5111 983 5198 77)ῆ’ξερᾴ.ὄντως
1006 5116 1331 5198 γράμματα.
1371 5138 1389 5170 ι
1431 5118 1566 5177 Vere
1594 5138 1836 5198 sacras»
1875 5144 1974 5198 ap-

405 5181 1050 5268 pellatLChij‘stianoruui'
1075 5181 1361 5268 (litteras,
1398 5209 1416 5242 ι
1462 5201 1520 5246 ιιι
1555 5209 1647 5248 eas
1651 5181 1976 5268 _di_stingu'e-

406 5250 491 5337 ret
546 5250 626 5337 ab,
669 5252 1082 5337 Egyptiorum,
1139 5250 1554 5337 Chaldaeorum,
1628 5250 1972 5337 Ethioph'm,

405 5325 706 5378 aliorumve
761 5327 1003 5404 titteris,‘
1035 5345 1158 5404 quae
1207 5325 1547 5387 dicebautur
1585 5325 1836 5404 quidem;
1875 5325 1972 5396 sed

404 5409 678 5470 vereanon
701 5406 864 5470 erant
899 5399 1018 5470 ίερά
1051 5401 1370 5470 γράμματα.

475 5464 920 5538 (78)..Συναίτιον
942 5464 1074 5538 έοιλζ
1092 5464 1274 5526 Malim
1297 5488 1420 5527 cum
1445 5473 1676 5530 articulo
1703 5477 1971 5534 συναίτιον

402 5535 500 5605 τὴν
533 5535 864 5606 φιλοσοφίαν.

475 5606 758 5689 (Ἱθ)ηοὺδ”
797 5608 876 5673 ὡς
901 5609 1013 5689 οὐκ
1043 5610 1245 5689 οὔσης.
1271 5611 1418 5669 ἄνευ
1446 5613 1561 5689 τὴν
1581 5620 1970 5689 φιλοσοφίαν.

402 5674 467 5728 Α.
488 5674 552 5730 et
572 5674 674 5759 Η⁸2
699 5677 830 5759 ἄνευ
867 5679 968 5748 τῆς
999 5674 1332 5759 φιλοσοφίας
1360 5695 1419 5759 _ut
1445 5674 1710 5759 interpres
1733 5674 1971 5759 quoque,

408 5764 442 5831 ε
455 5760 555 5831 nec
567 5749 785 5831 perinde
805 5764 867 5804 ac
888 5765 995 5804 non
1013 5749 1300 5831 sitveritas
1317 5749 1915 5831 absquephilosdphia.
1950 5749 1968 5813 ἆ

399 5813 513 5888 Ego
541 5813 826 5889 legendum
853 5832 1015 5892 puto,
1041 5821 1147 5875 οὐδ’
1179 5821 1254 5888 ὡς
1285 5819 1346 5879 οὑ
1379 5813 1478 5880 οὐκ
1511 5813 1659 5898 ἀνευ,
1701 5813 1974 5903 inﬁmo-

2097 4781 2321 4852 σοφίαν·
2361 4784 2411 4838 il
2444 4794 2522 4860 est
2555 4803 2574 4836 ι
2638 4801 2812 4860 neque
2854 4797 2913 4842 ut
2953 4802 3174 4843 causam
3221 4789 3338 4843 sine
3371 4806 3481 4860 qua
3524 4808 3652 4858 non,

2093 4864 2393 4932 statuentes
2416 4856 2869 4932 philosophiam,»
2880 4868 2940 4932 ut
2963 4856 3418 4927 quemadmodum
3444 4862 3501 4916 in
3529 4856 3663 4932 pra?

2091 4925 2411 4979 cedentibus
2445 4927 2704 5000 membris
2734 4925 3023 5000 inominata
3057 4939 3138 4982 est
3169 4945 3334 4984 causa
3368 4925 3658 5000 adjuv'ans,

2083 5003 2136 5046 et
2159 5009 2324 5049 causa
2357 4997 2673 5069 continens;
2705 4999 2803 5069 Aita
2853 4999 2940 5054 hic
2982 5000 3321 5069 exprimatur
3350 4997 3522 5058 causa
3545 5005 3665 5060 sine

2082 5079 2385 5187 (siglanénn;
2435 5066 2581 5121 sicut
2634 5067 2775 5124 infra
2808 5085 3026 5140 quoque
3054 5066 3118 5139 ‘p.
3170 5071 3295 5137 180,
3353 5071 3481 5138 552,
3534 5074 3658 5130 335.

2127 5150 2350 5190 YLBUBG.

2155 5205 2270 5281 (_8(_l)
2327 5205 2624 5281 domum.“
2664 5207 2953 5281 ﬂespieere
2987 5209 3219 5281 _videtur
3265 5209 3427 5266 Rom.
3481 5230 3537 5281 ι,
3578 5217 3611 5271 ι
3645 5235 3660 5272 :

2081 5274 2188 5358 Τοῦ
2216 5274 2691 5358 ὁρισθέντος-ἰ’ἱοῦ
2729 5274 2861 5358 Θεοῦ
2893 5279 3241 5358 ὲ-ν-διέ-νάμει,
3265 5282 3408 5358 κατᾲ
3439 5274 3667 5358 mea,“

2079 5344 2409 5424 aytospvgg~
2433 5345 2487 5424 ιι,
2511 5347 2702 5424 Thess.
2739 5365 2776 5413 ι,
2805 5350 2980 5424 5312;
3012 5344 3340 5424 [εὐαγγέλιον
3372 5355 3532 5424 ἡμῶν
3563 5344 3668 5412 ἆὺκ

2079 5415 2312 5492 ἐγενηθη
2338 5415 2397 5470 ἐν
2426 5415 2574 5492 Δλόγῳ
2610 5419 2789 5492 μόνον,
2819 5419 2954 5492 ἀλλὰ
2977 5421 3072 5492 καὶ
3104 5415 3449 5492 ἐν’δυνάμεῖ,
3488 5428 3581 5480 καὶ
3603 5430 3665 5480 ὲν

2075 5485 2352 5607 Ρνεύματι
2413 5485 2621 5558 ἁγίῳο⁷
2673 5489 2754 5544 vel
2804 5491 2971 5542 alium
3021 5491 3200 5545 locum
3251 5485 3340 5546 his
3401 5485 3665 5552 consimi-

2095 5571 2202 5607 em.

2095 5571 2202 5609 em.

2155 5626 2266 5694 (8|)
2311 5626 2650 5712 ’Υπάρχειγη
2677 5628 2745 5712 §i
2779 5629 2902 5699 quis
2938 5630 3091 5686 malit
3121 5633 3470 5705 participium
3495 5637 3668 5712 ὑπάρ-

2081 5708 2196 5764 χον,
2243 5713 2336 5764 per
2368 5713 2456 5752 me
2490 5700 2634 5753 licet.
2677 5700 2937 5756 Summo.

2151 5766 2611 5846 (822A’gdtgtatog.
2646 5771 2804 5846 ilonf.
2835 5788 2957 5844 quae
2993 5772 3244 5846 superius
3270 5774 3411 5832 dixit
3438 5785 3664 5846 auctor,

2080 5851 2202 5907 pag.
2235 5836 2341 5891 282
2375 5838 2506 5894 edit.
2543 5837 2718 5898 Paris.
