3938 6324
359 353 462 408 907

1514 351 1903 407 CLEMENTIS
1943 349 2411 406 ALEXANDRINI

3497 353 3634 415 908

359 471 706 541 Argivorum,
762 471 1062 526 Alexander
1109 485 1237 526 vero
1271 487 1361 526 rex
1403 471 1507 526 fuit
1545 473 1922 554 Macedonum.

2037 493 2105 546 τῳ
2129 477 2190 528 οὑ
2221 475 2526 546 πρόσεστιν·
2576 464 2620 540 ᾧ
2649 473 2856 544 Πέρσαι
2901 473 2992 526 ἐπὶ
3034 474 3133 544 τὴν
3179 474 3400 530 Ἐλλάδα
3443 494 3643 552 στρα-

360 563 540 619 Tertia
563 576 665 631 est,
702 577 822 634 qua:
851 581 1017 618 unutn
1058 564 1232 618 solum
1259 565 1611 635 concupiscit,
1647 582 1840 636 nempe
1874 575 1932 620 ut

357 658 541 712 vincat
571 665 626 710 et
675 663 915 721 evertat;
951 656 1003 709 in
1035 656 1238 709 malum
1285 667 1467 710 autem
1501 657 1583 710 vel
1623 657 1830 711 bonum
1867 657 1934 711 li-

349 759 484 802 mem
515 750 739 803 victoria
771 748 868 814 uti,
900 749 948 801 ei
988 748 1209 803 minime
1245 750 1385 803 inest
1417 770 1428 803 :
1458 767 1564 819 qua
1595 751 1815 820 quidem
1847 751 1932 803 nsi

363 854 492 899 sunt
519 842 716 909 Persae,
768 859 892 897 cum
944 843 1145 897 bellum
1199 852 1451 913 gererent
1488 844 1755 900 adversus
1795 843 1937 898 Crte-

365 938 524 992 ciam.
559 934 693 989 Nam
733 934 1024 989 irascihilis
1061 937 1332 1004 appetitus
1362 936 1500 990 alias
1531 937 1750 1005 quidem
1781 951 1935 1006 pror-

361 1045 460 1086 sus
511 1038 594 1082 est
634 1027 1028 1092 contentiosus,
1062 1028 1155 1097 qui
1198 1027 1485 1098 imperium
1525 1029 1723 1098 quzerit
1766 1028 1935 1084 solius

360 1118 756 1174 dominationis
779 1118 950 1188 gratia
969 1159 985 1181 ,
1017 1118 1154 1174 alias
1181 1135 1308 1174 vero
1334 1121 1460 1175 boni
1495 1122 1796 1186 studiosus,
1823 1137 1935 1190 quo

359 1213 542 1271 anima
565 1212 632 1267 ad
665 1212 740 1275 id,
771 1211 918 1281 quod
956 1211 1160 1265 bonum
1196 1222 1281 1266 est
1309 1221 1364 1266 et
1394 1213 1706 1278 honestum,
1740 1213 1934 1268 utitur.

359 1305 563 1372 Quarta
600 1313 782 1358 autem
817 1305 1080 1375 regnandi
1117 1305 1326 1374 species
1355 1314 1442 1359 est
1487 1305 1735 1359 omnium
1765 1306 1937 1374 pessi-

357 1414 467 1464 ma,
498 1413 619 1468 quae
647 1406 806 1467 prout
831 1398 936 1450 fert
961 1397 1130 1451 libido
1157 1398 1442 1452 ordinatur
1473 1416 1484 1450 :
1517 1397 1676 1467 quale
1705 1397 1808 1452 fuit
1848 1413 1936 1451 re-

357 1507 524 1563 gnum
561 1490 916 1560 Sardanapali
948 1500 1001 1546 et
1041 1505 1254 1556 eorum,
1311 1490 1406 1560 qui
1457 1491 1604 1546 hunc
1631 1491 1791 1545 linem
1831 1491 1934 1545 sibi

357 1568 697 1654 proponunt,
738 1589 798 1635 ut
828 1581 1295 1650 quamplurimum
1333 1580 1648 1650 indulgeant
1686 1580 1800 1635 suis
1842 1595 1938 1633 cn-

357 1672 698 1744 piditatibus.
761 1669 1046 1741 Regnandi
1095 1679 1278 1724 autem
1347 1670 1608 1733 scientiae,
1659 1680 1769 1724 tam
1818 1683 1939 1738 qum

362 1772 422 1830 ›Ι‹
459 1767 656 1820 virtute
685 1764 878 1828 vincit,
906 1779 1069 1833 quam
1102 1779 1222 1832 qua:
1257 1762 1332 1826 vi,
1376 1763 1805 1817 instrumentum
1849 1769 1937 1814 est

2032 567 2320 630 τεύσαντες
2355 566 2770 637 συνεχρήσαντο.
2821 565 2927 618 Τοῦ
2968 567 3074 638 γάρ
3105 567 3278 638 θυμοῦ
3308 568 3366 621 τὸ
3397 569 3494 639 μὲν
3535 588 3647 639 φι-

2034 660 2272 712 λόνεικον
2296 659 2402 732 (56)
2452 660 2608 730 μόνον
2646 661 2816 721 ἐστὶν,
2863 657 3026 712 αὑτοῦ
3067 658 3161 711 τοῦ
3201 665 3418 732 κρατεῖν
3444 661 3649 716 ἕνεκα

2033 751 2130 822 τὴν
2189 751 2505 805 δυναστείαν
2559 750 2944 822 πεποιημένον·
3000 748 3141 804 τὸ’δὲ
3186 752 3487 820 φιλόκαλον,
3543 754 3654 816 εἰς

2035 843 2203 914 καλὴν
2231 843 2659 914 καταχρωμένης
2709 844 2807 914 τῆς
2833 843 3010 914 ψυχῆς
3038 843 3114 913 τῷ
3147 843 3321 915 θυμῷ.
3365 846 3655 915 Τετάρτῃ

2034 938 2108 1002 δὲ’
2138 940 2170 1008 ἡ
2198 937 2385 992 πασῶν
2417 937 2669 1006 κακίστην
2695 936 2728 1006 ἦ
2755 936 2894 990 κατά
2920 937 3017 1000 τὰς
3041 937 3335 1008 ἐπιθυμίας
3361 938 3654 991 τάττεται

2038 1032 2299 1102 βασιλεία·
2343 1032 2418 1096 ὡς
2467 1033 2499 1102 ἡ
2553 1029 2994 1100 Σαρδαναπάλου,
3043 1031 3140 1084 καὶ
3198 1029 3306 1082 τῶν
3343 1031 3403 1084 τὸ
3457 1031 3658 1092 τέλος

2037 1126 2390 1196 ποιουμένων,
2416 1128 2534 1187 ταῖς
2570 1122 2881 1193 ἐπιθυμίαις
2917 1123 2992 1186 ὼς
3023 1122 3248 1177 πλεῖστα
3275 1123 3655 1196 χαρίζεσθαι.

2037 1219 2141 1272 Τοῦ
2193 1219 2250 1272 δέ
2311 1217 2630 1288 βασιλικοῦ,
2693 1217 2783 1270 τοῦ
2836 1234 2894 1270 τε
2941 1217 3061 1269 κατ’
3101 1216 3300 1288 ἀρετὴν
3357 1216 3662 1278 νικῶντος

2039 1312 2131 1364 καὶ
2169 1310 2262 1364 τοῦ
2311 1309 2448 1363 κατά
2500 1309 2640 1380 βίαν,
2683 1309 2912 1383 ὄργανον
2943 1308 3003 1360 τὸ
3047 1309 3323 1362 τακτικόν.
3363 1307 3532 1361 Ἀλλο
3579 1307 3659 1358 δὲ

2037 1404 2156 1457 κατ’
2190 1401 2353 1474 ἄλλην
2381 1401 2539 1470 φύσιν
2571 1419 2627 1454 τε
2662 1403 2754 1454 καλ⁹
2787 1400 2946 1470 ὓλην·
2987 1402 3042 1452 ἐν
3080 1401 3181 1471 μέν
3204 1419 3266 1470 γε
3295 1401 3492 1464 ὅπλοις,
3525 1402 3658 1453 καὶ

2037 1499 2147 1560 τοῖς
2197 1494 2456 1566 μαχίμοις
2489 1492 2667 1558 ζώοις,
2711 1495 2776 1546 δι’
2821 1493 3080 1564 ἐμψύχων
3123 1510 3183 1546 τε
3219 1494 3313 1547 καὶ
3352 1494 3604 1564 ἀψύχων
3629 1530 3653 1552 .

2037 1581 2181 1653 ψυχὴ
2211 1583 2270 1635 τὸ
2299 1582 2492 1634 τάττον
2526 1583 2642 1634 ἐστὶ
2677 1581 2770 1634 καὶ
2801 1581 2953 1645 νοῦς·
2987 1585 3044 1634 ἐν
3079 1581 3136 1634 δὲ
3166 1585 3280 1645 τοῖς
3311 1583 3405 1652 τῆς
3432 1582 3653 1653 ψυχῆς

2038 1675 2285 1740 πάθεσιν,
2321 1667 2394 1726 ὧν
2443 1673 2848 1746 ἐπικρατοῦμεν
2881 1676 2946 1744 τῇ
2988 1675 3178 1747 ἀρετῇ,
3213 1674 3464 1744 λογισμός
3492 1676 3653 1726 ἐστι

2040 1770 2098 1822 τὸ
2122 1767 2396 1832 τακτικὸν,
2434 1768 2963 1838 ἐπισφραγιζόμενος
3009 1767 3329 1836 ἐγκράτειαν
3374 1767 3467 1818 καὶ
3505 1782 3651 1818 σω-

357 1859 644 1915 ordinandi
675 1859 924 1915 scientia.
960 1857 1032 1912 Ea
1066 1872 1196 1913 vero
1227 1873 1326 1926 pro
1351 1857 1550 1926 objecti
1585 1857 1670 1912 sui
1699 1856 1932 1911 diversi-

2038 1857 2308 1930 φροσύνην
2357 1856 2476 1926 μεθ’
2511 1835 2814 1926 ὁσιότητος,
2848 1856 2943 1908 καὶ
2989 1835 3187 1923 γνῶσιν
3239 1855 3441 1926 ἀγαθὴν
3489 1855 3650 1926 μετ’

358 1961 467 2008 tate
497 1952 646 2006 varia
682 1960 783 2006 est.
817 1949 950 2005 Nam
983 1967 1134 2005 arma
1166 1951 1388 2021 quidem
1417 1957 1471 2004 et
1502 1949 1767 2019 pugnacia
1809 1949 1930 2003 ani-

358 2045 543 2110 malia,
574 2060 674 2114 ope
705 2059 828 2098 cum
862 2044 1250 2107 animatornm,
1292 2051 1405 2096 tum
1441 2043 1608 2096 etiam
1657 2042 1932 2096 inanima-

357 2149 562 2203 torum,
599 2136 779 2191 anima
808 2149 862 2190 et
894 2151 1047 2190 mens
1078 2136 1323 2201 ordinat;
1361 2134 1558 2188 anima:
1591 2142 1769 2188 autem
1801 2133 1934 2188 atre-

358 2241 500 2291 ctus,
556 2231 611 2284 in
645 2244 786 2299 quos
833 2244 934 2298 ope
980 2227 1198 2282 virtutis
1245 2225 1536 2296 imperium
1583 2225 1930 2290 obtinemus,

357 2325 576 2380 ordinat
607 2325 768 2386 ratio,
796 2331 857 2375 ut
877 2337 998 2390 qua:
1027 2321 1417 2374 continentiam
1440 2328 1493 2374 et
1515 2318 1930 2388 temperantiam

357 2427 483 2468 cum
516 2411 824 2474 sanctitate,
851 2419 906 2464 et
935 2410 1130 2464 bonam
1157 2409 1524 2479 cognitionem
1555 2424 1680 2464 cum
1707 2409 1934 2464 veritate

359 2504 630 2574 obsignet,
662 2501 846 2556 omnia
868 2501 1084 2556 demum
1113 2502 1179 2555 ad
1207 2503 1462 2571 pietatem
1485 2500 1689 2572 Deique
1720 2503 1930 2556 cultum

357 2594 603 2651 referens
629 2613 643 2648 :
675 2595 754 2649 sic
785 2593 932 2648 enim
967 2595 1169 2649 virtute
1202 2593 1484 2648 utentibus
1509 2594 1798 2663 prudentia
1825 2603 1930 2660 est,

357 2702 480 2759 quae
507 2702 594 2742 res
620 2686 871 2748 ordinat;
903 2702 966 2741 ac
992 2685 1205 2741 divinas
1239 2685 1485 2755 quidem,
1516 2663 1812 2756 sapieniia;
1838 2686 1934 2740 hu-

357 2795 552 2837 manas
599 2794 749 2844 vero,
800 2779 1055 2849 politica;
1115 2779 1401 2835 universas
1450 2789 1655 2840 autem,
1703 2779 1928 2835 scientia

354 2872 640 2944 regnandi.
671 2871 784 2926 Rex
814 2872 996 2942 itaque
1027 2873 1072 2927 is
1099 2881 1204 2937 est,
1229 2873 1322 2943 qui
1358 2872 1590 2942 imperat
1630 2872 1928 2927 secundum

355 2965 525 3038 leges,
549 2975 603 3020 et
625 2966 883 3036 praeditus
902 2974 983 3020 est
1010 2966 1234 3020 scicntia
1257 2966 1559 3036 imperandi
1585 2966 1889 3021 volentibus
1913 2985 1928 3021 :

354 3058 664 3129 cuiusmodi
706 3067 793 3114 est
826 3057 1109 3124 Dominus,
1155 3059 1247 3128 qui
1277 3074 1394 3124 eos,
1439 3059 1534 3129 qui
1582 3059 1636 3112 in
1669 3060 1844 3129 ipsum
1876 3068 1932 3114 et

353 3167 456 3223 per
496 3150 674 3221 ipsum
721 3151 977 3217 credunt,
1012 3151 1270 3205 admittit.
1303 3149 1498 3206 Omnia
1530 3152 1674 3206 enim
1709 3152 1928 3206 tradidit
1956 3182 1997 3240 ε

357 3239 523 3306 Deus,
551 3250 605 3295 et
629 3239 811 3294 omnia
841 3238 1065 3293 Christo
1109 3238 1339 3308 subjecit
1398 3237 1510 3309 regi
1556 3247 1774 3302 nostro,
1813 3255 1832 3289 ι
1873 3247 1930 3292 ιιι

359 3333 414 3387 ἱιι
465 3333 685 3388 nomine
727 3330 859 3386 Jesu
908 3347 1072 3386 omne
1100 3347 1240 3400 genu
1266 3331 1537 3396 ﬂectatur,
1581 3331 1926 3395 caelestium,

359 3425 722 3489 terrestrium,
758 3435 813 3480 et
842 3422 1212 3488 infernarum;
1248 3432 1301 3478 et
1337 3424 1517 3480 omnis
1543 3425 1733 3498 lingua
1757 3425 1929 3480 conﬁ-

359 3527 574 3583 teatur,
631 3515 780 3587 quod
828 3514 1095 3572 Dominus
1139 3514 1300 3571 Jesus
1354 3515 1612 3572 Christus
1684 3514 1740 3569 in
1812 3516 1926 3585 glo-

359 3610 498 3665 riam
543 3608 638 3664 Dei
682 3608 858 3663 Patris
893 3621 943 3664 ι.
996 3627 1015 3660 ι
1051 3613 1153 3664 Ars
1202 3623 1367 3678 porro
1419 3609 1768 3678 imperatoria
1815 3610 1918 3665 tri-

361 3702 464 3757 ltus
487 3701 798 3756 continetur
822 3700 1141 3770 speciebus:
1167 3701 1442 3766 cautione,
1467 3702 1718 3766 audacia,
1742 3711 1794 3756 et
1820 3711 1929 3756 ter-

360 3793 456 3858 tia,
495 3809 615 3864 qum
641 3809 706 3848 ex
743 3793 988 3863 utrisque
1029 3793 1193 3847 mista
1223 3803 1324 3848 est.
1357 3791 1710 3863 Unaquzeque
1746 3804 1927 3848 autem

359 3900 547 3940 earum
581 3884 926 3954 componitur
949 3899 1016 3939 ex
1048 3884 1247 3950 tribus,
1285 3899 1338 3939 et
1370 3885 1453 3938 vel
1488 3901 1582 3954 per
1604 3887 1928 3951 orationem,

359 3978 442 4050 vel
472 3992 567 4047 per
593 3975 762 4043 facta,
796 3977 877 4031 vel
907 3991 1002 4046 per
1029 3986 1261 4046 utraque
1283 3977 1450 4032 simul
1477 3987 1782 4034 exercetur.
1808 3977 1932 4032 Haec.

337 4079 540 4126 'autem
571 4069 754 4124 omnia
794 4069 979 4124 licebit
1009 4069 1242 4136 efﬁcere,
1285 4070 1366 4125 vel
1398 4071 1810 4141 persuadendo,
1846 4071 1932 4125 vel

361 4163 630 4233 cogendo,
660 4163 742 4218 vel
772 4163 973 4233 injuria
1021 4162 1326 4227 alliciendo,
1359 4179 1498 4233 quos
1531 4163 1719 4218 ulcisci
1761 4178 1926 4233 expe-

359 4255 468 4321 dit;
501 4262 557 4308 et
587 4253 725 4318 hac,
770 4255 856 4307 vel
900 4252 1151 4309 faciendo
1181 4254 1234 4309 id
1264 4253 1409 4325 quod
1440 4254 1652 4324 justum
1687 4261 1802 4322 est;
1849 4256 1932 4310 vel

361 4345 701 4411 mentiendo,
732 4345 817 4400 vel
849 4362 973 4401 vera
1002 4347 1264 4414 dicendo;
1299 4346 1384 4402 vel
1421 4347 1586 4402 etiam
1621 4347 1814 4403 harum
1839 4363 1932 4402 ar-

363 4439 498 4493 tium
541 4439 793 4509 pluribus
837 4439 1029 4494 eodem
1065 4446 1310 4509 tempore
1335 4441 1554 4496 utendo.
1589 4439 1716 4498 Hac
1749 4450 1931 4497 autem

2035 1947 2310 2020 ἀληθείας,
2355 1949 2417 2000 τὸ
2461 1947 2616 2011 τέλος
2655 1949 2734 2010 εἰς
2772 1947 3056 2001 εὐσέϐειαν
3101 1948 3388 2019 ἀναφέρων
3440 1945 3645 1999 Θεοῦ·

2033 2042 2175 2094 οὑτω
2201 2040 2310 2113 γὰρ
2343 2044 2410 2112 τῇ
2446 2042 2615 2112 ἀρετῇ
2663 2042 2968 2111 χρωμένοις
2994 2041 3254 2112 φρόνησις
3287 2043 3320 2110 ἡ
3346 2041 3650 2094 τάττουσά

2033 2137 2184 2187 ἐστι·
2219 2134 2289 2187 τὰ
2321 2135 2378 2187 δὲ
2414 2134 2535 2188 θεῖα
2563 2137 2596 2205 ἡ
2630 2133 2820 2204 σοφία·
2858 2133 2927 2186 τά
2957 2133 3269 2206 ἀνθρώπεια
3299 2134 3354 2188 δὲ
3387 2135 3424 2204 ἡ
3463 2133 3648 2186 πολι-

2031 2230 2156 2297 τικη
2175 2241 2188 2254 '
2215 2223 2506 2296 σύμπαντα
2531 2225 2587 2277 δέ
2620 2227 2652 2295 ἡ
2679 2224 2953 2296 βασιλική.
2981 2225 3243 2289 Βασιλεὺς
3265 2226 3440 2280 τοίνυν
3463 2225 3647 2280 ἐστὶν

2031 2320 2060 2371 ὁ
2079 2319 2261 2390 ἄρχων
2295 2316 2434 2371 κατά
2469 2317 2686 2388 νόμους,
2718 2320 2746 2370 ὁ
2772 2317 2871 2388 τὴν
2901 2317 2994 2371 τοῦ
3020 2318 3208 2390 ἄρχειν
3237 2318 3467 2372 ἑκόντων
3490 2320 3612 2371 ἐπι
3629 2348 3649 2358 ο

2038 2412 2137 2482 στη
2148 2427 2256 2481 μην
2279 2404 2572 2480 έχων·οἷὸς
2589 2412 2776 2462 ἐστινὸ
2804 2409 3026 2481 Κύριος,
3061 2412 3188 2475 τοῦς
3213 2413 3292 2475 είς
3323 2411 3482 2466 αὑτὸν
3517 2413 3650 2466 καὶ

2031 2501 2099 2554 δι’
2142 2498 2306 2553 αὑτοῦ
2345 2499 2700 2563 πιστεύοντας
2743 2501 3070 2570 προϊέμενος
3105 2501 3236 2571 (57).
3270 2501 3452 2556 Πάντα
3497 2504 3646 2575 (38)

2031 2591 2141 2662 γὰρ
2172 2589 2484 2661 παρέδωκεν
2515 2592 2543 2642 ὁ
2575 2589 2726 2652 Θεὸς,
2759 2591 2851 2642 καὶ
2883 2590 3057 2643 πάντα
3090 2592 3321 2658 ὑπέταξε
3366 2593 3645 2664 Χριστῷ.

2030 2687 2110 2758 τῷ
2144 2686 2351 2758 βασιλεῖ
2383 2685 2569 2757 ἡμῶν·
2613 2703 2630 2735 ι
2667 2685 2752 2736 ἵνα
2789 2687 2844 2738 ἐν
2891 2685 2970 2756 τῷ
3005 2687 3232 2756 ὀνόματι
3277 2687 3449 2759 Ἰησοῦ
3499 2692 3648 2742 πᾶν

2031 2779 2160 2846 γόνυ
2184 2776 2396 2849 κάμψῃ,
2420 2774 2886 2850 ἐπουρανίων,καὶ
2912 2777 3191 2844 ἐπιγείων,
3220 2779 3313 2832 καὶ
3329 2781 3647 2849 ,καταχθο-

2032 2870 2186 2924 νίων·
2224 2869 2319 2922 καὶ
2349 2870 2498 2921 πᾶσα
2525 2867 2745 2936 γλῶσσα
2773 2851 3260 2939 ἐξομολογήσηται,
3294 2871 3372 2922 ὅτι
3403 2871 3646 2943 Κύριος
3731 2883 3742 2898 “·

2044 2962 2250 3034 Ἰησοῦς
2278 2960 2511 3033 Χριστὸς
2535 2961 2616 3022 είς
2647 2957 2806 3023 δόξαν
2838 2960 2972 3012 Θεοῦ
3009 2962 3240 3034 Πατρός.
3272 2983 3290 3014 ι
3337 2963 3523 3027 Ἰδέαις
3565 2965 3646 3018 δὲ

2032 3060 2274 3130 ἐνέχεται
2305 3057 2365 3109 τὸ
2391 3056 2759 3126 στρατήγημα
2787 3055 2986 3128 τρισὶν,
3019 3055 3268 3124 ἀσφαλεῖ,
3296 3058 3641 3130 παραϐόλῳ,

2034 3154 2128 3206 καὶ
2161 3150 2238 3222 τῷ
2266 3151 2329 3204 ἐκ
2361 3148 2564 3202 τούτων
2601 3147 2806 3218 μικτῷ·
2845 3147 3150 3202 συντίθεται
3176 3149 3231 3202 δὲ
3259 3150 3462 3204 τούτων
3483 3151 3647 3205 ’ἑκα-

2034 3264 2154 3304 στον
2188 3249 2252 3300 ὲκ
2283 3243 2470 3314 τριῶν,
2505 3243 2538 3313 ἢ
2575 3242 2662 3295 διὰ
2715 3241 2894 3310 λόγου,
2930 3243 2963 3312 ἢ
3009 3243 3075 3295 δι’
3111 3243 3305 3316 ἔργων,
3339 3245 3371 3317 ἢ
3405 3245 3503 3298 καὶ
3542 3246 3642 3299 δι’

2034 3339 2354 3413 ἀμφοτέρων
2397 3336 2514 3405 ἆμα
2550 3333 2774 3388 τούτων.
2825 3334 3010 3388 Ταῦτα
3055 3335 3111 3389 δὲ
3150 3337 3376 3408 ὑπάρξει
3427 3339 3643 3395 πάντα

2035 3431 2321 3493 ἐπιτελεῖν,
2346 3429 2378 3499 ἦ
2411 3426 2712 3488 πείθοντας,
2741 3426 2775 3497 ἢ
2803 3425 3176 3497 βιαζομένους,
3204 3428 3235 3499 ἢ
3264 3429 3638 3498 ἀδικοῦντας,

2033 3527 2090 3578 ὲν
2141 3520 2218 3592 τῷ
2267 3516 2606 3590 ἀμύνασθαι,
2653 3509 2735 3579 οἷς
2770 3515 3190 3587 ἐμπεριέχεται·
3239 3519 3270 3589 ἢ
3320 3521 3383 3573 τὰ
3421 3521 3640 3577 δίκαια.

2033 3614 2342 3676 ποιοῦντας,
2374 3610 2406 3682 ἢ
2429 3608 2814 3680 ψευδομένους,
2848 3606 2880 3676 ἢ
2906 3607 3288 3678 ἀληθεύοντας,
3312 3610 3344 3682 ἢ
3371 3612 3466 3664 καὶ
3487 3615 3640 3665 τού-

2032 3724 2137 3760 των
2190 3705 2305 3775 ἆμα
2351 3702 2464 3755 τισὶ
2517 3701 2836 3772 χρωμένους
2873 3699 3014 3754 κατά
3058 3701 3148 3754 τὸν
3192 3697 3352 3755 αὑτὸν
3391 3705 3632 3776 καιρόν,
3676 3713 3690 3728 ·

2031 3797 2217 3852 Ταῦτα
2245 3797 2302 3850 δέ
2339 3795 2648 3866 σύμπαντα,
2681 3795 2775 3848 καὶ
2806 3793 2864 3846 τὸ
2899 3791 3016 3856 πῶς
3045 3792 3126 3846 δεῖ
3153 3795 3382 3866 χρῆσθαι
3402 3796 3636 3851 τούτων

2033 3891 2266 3960 ἑκάστῳ,
2298 3888 2447 3960 παρά
2477 3888 2757 3954 Μωῦσέως
2791 3889 3046 3953 λαϐόντες
3070 3889 3344 3961 Ἕλληνες,
3363 3889 3638 3961 ὠφέλην-

2033 4001 2138 4037 ται.
2162 3981 2343 4036 Τύπου
2369 3980 2426 4033 δέ
2451 3980 2655 4046 ἕνεκεν,
2681 3981 2798 4044 ἐνὸς
2825 3981 2856 4052 ἢ
2878 3982 2973 4038 καὶ
3000 3981 3250 4054 δευτέρου
3273 3983 3638 4055 ἐπιμνησθή-

2037 4091 2198 4145 σομαι
2217 4071 2654 4144 παραδείγματος
2672 4073 3058 4144 στρατηγικοῦ.
3085 4073 3342 4143 Μωῦσῆς,
3359 4073 3452 4126 τὸν
3481 4073 3634 4128 λαὸν

2036 4167 2337 4236 ἐξαγαγὼν,
2373 4164 2717 4229 ὑποπτεύσας
2751 4166 3056 4233 ἐπιδιώξειν
3100 4168 3224 4230 τοὺς
3255 4167 3628 4234 Αἰγυπτίους,

2033 4261 2132 4331 τὴν
2170 4259 2363 4330 -ἁλίγην
2407 4259 2500 4312 καὶ
2550 4257 2810 4329 σύντομον
2859 4257 3139 4312 ἀπολιπὼν
3192 4257 3329 4323 ὁδὸν,
3376 4259 3469 4312 ἐπὶ
3511 4260 3632 4332 τὴν

2035 4353 2239 4425 ἔρημον
2285 4353 2575 4424 ἐτρέπετο·
2613 4351 2709 4403 καὶ
2739 4351 2956 4423 νύκτωρ
2998 4351 3066 4405 τά
3101 4352 3269 4406 πολλὰ
3299 4354 3363 4422 τῇ
3410 4353 3634 4426 πορείᾳ

2028 4445 2315 4517 ἐκέχρητο.
2369 4444 2560 4516 Ἑτέρα
2598 4444 2706 4515 γὰρ
2737 4439 2804 4514 ἦν
2837 4445 3150 4514 οἰκονομία,
3191 4443 3313 4498 καθ’
3347 4446 3412 4516 ἢν
3451 4448 3632 4498 ἐπαι-

358 4531 567 4597 omnia,
593 4538 646 4584 et
668 4530 945 4601 quomodo
973 4540 1222 4600 oporteat
1252 4531 1333 4586 uti
1358 4548 1697 4604 unoquoque
1717 4548 1930 4600 eorum,

2037 4537 2252 4591 δεύοντο
2307 4536 2574 4608 Ἑϐραῖοι,
2622 4535 2688 4587 δι’
2738 4536 2974 4606 ἐρημίας
3021 4535 3222 4606 πολλῆς
3271 4537 3361 4590 καὶ
3411 4538 3630 4609 χρόνον

361 4635 485 4677 cum
515 4619 688 4676 Grmci
727 4621 1070 4690 accepissent
1100 4636 1131 4676 a
1158 4619 1360 4693 Moyse,
1391 4638 1500 4678 non
1525 4640 1748 4694 parvam
1776 4641 1934 4680 acce-

360 4729 489 4785 pere
513 4714 825 4769 utilitatem.
858 4712 1023 4769 Verbi
1045 4726 1227 4769 autem
1262 4718 1458 4788 gratia,
1486 4719 1650 4774 unius
1671 4728 1772 4773 aut
1801 4720 1932 4774 alte-

362 4806 478 4860 rius
509 4805 846 4875 imperatorii
891 4807 1122 4876 exempli
1154 4809 1476 4864 meminero.
1521 4809 1764 4882 Moyses,
1807 4827 1931 4866 cum

360 4896 621 4967 populum
649 4895 948 4961 eduxisset,
983 4898 1289 4966 suspicatus
1312 4897 1429 4956 {ore
1457 4909 1518 4955 ut
1542 4917 1934 4972 persequeren-

363 4996 451 5042 tur
483 4985 750 5059 Egyptii,
783 4987 932 5042 brevi
965 4996 1020 5042 et
1044 4989 1432 5059 compendiosa
1457 4992 1543 5046 via
1578 4992 1786 5057 relicta,
1809 5008 1936 5047 con-

361 5093 555 5134 versus
584 5089 670 5135 est
700 5080 755 5134 in
782 5080 1154 5144 solitudinem,
1187 5091 1242 5135 et
1272 5083 1511 5138 maxima
1545 5099 1612 5138 ex
1651 5093 1807 5154 parte
1835 5085 1938 5139 iter

362 5180 529 5226 noctu
558 5171 808 5230 faciebat.
836 5172 972 5228 Nam
1003 5173 1152 5244 quod
1183 5172 1392 5232 Hebraei
1419 5176 1680 5232 diuturno
1709 5193 1806 5247 per
1849 5178 1939 5232 in-

365 5269 583 5331 gentem
629 5259 977 5319 solitudinem
1012 5265 1248 5320 transitu
1285 5267 1352 5320 ad
1395 5282 1564 5322 unum
1609 5266 1779 5322 Deum
1813 5283 1934 5323 cre-

365 5351 605 5410 dendum
633 5355 1000 5424 erudirentur,
1033 5369 1086 5413 et
1118 5357 1184 5412 ad
1227 5358 1546 5427 prudentem
1591 5360 1937 5416 tolerantiam

437 5501 496 5559 >14
561 5492 626 5548 P.
675 5494 779 5548 417
833 5492 942 5548 ΕΙ).
1000 5495 1308 5561 POTTER,
1376 5495 1480 5552 ’547
1530 5497 1640 5553 ΕΙ).
1708 5496 1933 5552 PARlS.

433 5632 547 5704 (ὅθ)
587 5629 662 5686 Τὸ
680 5629 798 5701 μὲν
827 5629 1078 5704 5p.j_lan_c
1100 5633 1421 5704 sententiam
1447 5634 1656 5704 priores
1678 5633 1941 5689 editiones

361 5703 449 5774 sic
475 5703 820 5774 distinguunt
847 5702 966 5774 :ATb
1000 5702 1099 5773 μὲν
1141 5702 1636 5774 φιλόνεικονμόνον
1667 5705 1815 5758 ἐστὶν
1850 5707 1941 5758 αὑ-

357 5773 600 5843 τοῦ,τοῦ
627 5771 849 5843 κρατεῖν
877 5771 954 5828 ἐν,
1003 5771 1011 5773 ⁷
1156 5771 1161 5772 “
1474 5771 1485 5774 ⁷
1587 5788 1598 5814 ι

427 5842 546 5911 (37)
575 5842 946 5913 Πρὸῒέμενος.
976 5843 1402 5902 Convenientius
1440 5846 1821 5916 προσιέμενος,
1843 5845 1939 5899 ad-

2040 4626 2272 4698 μακροῦ,
2315 4629 2394 4689 είς
2448 4627 2606 4696 μόνον
2643 4625 2702 4678 τὸ
2741 4626 3016 4679 πιστεύειν
3057 4627 3147 4680 τὸν
3189 4627 3319 4680 Θεὸν
3349 4623 3513 4691 εἶναι,
3542 4629 3626 4682 δι’

2037 4719 2310 4789 ὑπομονῆς
2344 4716 2643 4788 ἐθιζόμενοι
2679 4715 2970 4788 σώφρονος.
3003 4717 3076 4770 Τὸ
3093 4717 3221 4786 γοῦν
3249 4720 3628 4790 στρατήγημα

2037 4808 2128 4863 τοῦ
2153 4808 2430 4871 Μωῦσέως
2445 4807 2683 4861 διδάσκει
2706 4807 2810 4879 πρὸ
2825 4807 2932 4860 τῶν
2957 4807 3215 4862 κινδύνων
3245 4809 3350 4862 δεῖν
3375 4811 3440 4865 τὰ
3472 4813 3626 4882 χρή-

2040 4917 2172 4970 σιμα
2198 4899 2443 4961 συνιδεῖν,
2480 4899 2572 4952 καὶ
2600 4898 2771 4963 οὕτως
2801 4899 3096 4954 ἐπιϐαλεῖν.
3146 4901 3359 4972 Ἀμέλει
3385 4903 3628 4972 γέγονεν

2038 4993 2173 5062 ὅπερ
2203 4992 2297 5044 καὶ
2333 4989 2718 5044 ὑπώπτευσεν·
2757 4989 3051 5054 ἐπεδίωξαν
3081 4992 3188 5062 γὰρ
3225 4994 3272 5045 οἱ
3323 4991 3621 5061 Αίγύπτιοι

2041 5085 2123 5153 ἐφ’
2147 5083 2324 5137 ἵππων
2351 5082 2445 5136 καὶ
2471 5082 2790 5155 ὀχημάτων·
2824 5082 2936 5136 ἀλλ’
2959 5081 3234 5136 ἀπώλοντο
3267 5084 3476 5150 θᾶττον,
3517 5090 3625 5158 ρα-

2041 5177 2229 5247 γείσης
2270 5175 2370 5246 τῆς
2410 5174 2707 5244 θαλάσσης,
2756 5176 2850 5228 καὶ
2884 5175 2982 5229 σὺν
3015 5176 3201 5240 ἵπποις
3233 5178 3327 5230 καὶ
3370 5177 3621 5250 ἅρμασιν

2040 5269 2235 5332 αὐτοὺς
2260 5266 2699 5337 κατακλυσάσης,
2733 5267 2808 5330 ὡς
2845 5267 2977 5338 μηδὲ
3010 5267 3258 5338 λείψανον
3281 5270 3456 5323 αὐτῶν
3477 5273 3619 5325 ἀπο-

2041 5359 2340 5429 λειφθῆναι.
2389 5356 2541 5411 Μετὰ
2583 5356 2637 5408 δὲ
2677 5355 2847 5410 ταῦτα
2889 5355 3072 5420 στύλος
3120 5357 3290 5429 πυρὸς
3343 5358 3616 5430 ἑπόμενος

2044 5505 2069 5541 ε
2092 5498 2286 5569 Philip.
2327 5515 2385 5563 ιι,
2421 5497 2504 5563 l0,
2538 5497 2622 5550 ll.

2045 5634 2275 5703 mittens,
2325 5630 2577 5703 i_nquiun_t
2611 5627 2888 5703 Sylburg.,
2925 5630 3137 5703 LowthA.

2115 5700 2480 5780 (38_)_]Id_rtgz.
2534 5699 2788 5780 Despicio
2803 5699 2936 5754 Luc.
2973 5715 3006 5752 ιι
3031 5741 3045 5765 ,
3081 5699 3168 5780 A2?
3263 5699 3453 5758 Πάντα
3481 5773 3507 5780 Δ
3517 5721 3617 5780 μοι

2044 5770 2316 5854 παρεδόθη
2347 5771 2452 5854 ὑπὸ
2481 5770 2594 5854 τοῦ.
2611 5770 2821 5854 Πατρός
2875 5786 3005 5853 μου·
3033 5778 3095 5854 et
3139 5769 3157 5822 1
3189 5771 3337 5854 C_or._
3357 5790 3447 5838 xv,
3476 5769 3547 5828 2'1
3590 5791 3606 5827 :

2043 5840 2227 5897 Πάντα
2259 5840 2366 5913 γάρ
2392 5840 2655 5907 ὑπέταξεν
2687 5841 2791 5892 ὑπὸ
2820 5842 2945 5904 τοὺς
2981 5841 3144 5904 πόδας
3175 5842 3362 5899 αὑτοῦ.
