3938 6324
319 309 431 364 917

1669 316 2105 374 8.ΤΒΟΜΛΤΙ]Μ
2135 315 2263 370 LIB.
2299 317 2338 370 Ι.

3469 312 3572 371 918

320 425 543 495 ἀγαθός,
573 431 700 500 μιᾶς
723 433 820 503 τῆς
849 434 1069 502 ἀγέλης,
1101 455 1118 486 I
1141 435 1248 488 τῶν
1272 437 1434 490 αὐτοῦ
1459 439 1753 492 ἐπαϊόντων
1775 457 1868 511 πρ(

2005 439 2226 507 gislator
2253 456 2267 494 :
2298 446 2352 492 et
2397 436 2642 506 ejusdem
2695 436 2896 509 gregis,
2927 451 3118 507 nempe
3157 454 3176 487 ι
3206 451 3418 504 earum,
3449 454 3571 508 qua:

317 519 519 586 ϐάτων,
549 540 568 572 I
598 523 626 574 6
669 517 751 586 εἷς
785 526 1058 596 κηδεμὼν,
1099 548 1116 578 I
1139 528 1168 580 6
1211 530 1276 582 τὸ
1319 531 1594 596 ἀπολωλὸς
1623 534 1893 606 ἐπιζητῶν

313 627 374 663 τε
402 629 421 661 ι
458 613 554 666 καὶ
600 614 887 685 εὑρίσκων,
938 619 1086 690 νόμῳ
1133 623 1225 674 καὶ
1271 621 1444 692 λόγῳ·
1487 624 1540 675 εἴ
1574 641 1636 693 γε
1673 627 1702 678 6
1731 626 1893 696 νόμος

313 707 704 774 πνευματικὸς,
733 710 824 762 καὶ
860 711 953 763 ἐπὶ
983 711 1079 783 τὴν
1108 714 1452 784 εὐδαιμονίαν
1483 715 1630 784 ἄγων
1648 733 1662 746 °
1711 719 1740 768 6
1784 717 1892 789 γάρ

313 796 596 868 Πνεύματι
620 800 760 871 ἁγίῳ
782 803 1087 874 γενόμενος,
1109 803 1667 877 πνευματικός.υῦτος
1687 809 1743 863 δὲ
1765 813 1793 863 6
1813 811 1891 881 τῷ

308 888 429 942 ὄντι
463 893 776 963 νομοθέτης,
811 895 870 958 ὃς
906 897 965 951 ού
1003 899 1164 969 μόνον
1195 901 1580 969 ἐπαγγέλλεται
1611 902 1678 956 τὰ
1713 904 1892 972 ἀγαθά

307 999 370 1036 τε
395 985 492 1038 καὶ⁵
515 987 676 1050 καλὰ,
703 987 837 1041 ἀλλά
860 991 952 1043 καὶ
978 992 1287 1046 ἐπίσταται.
1315 993 1516 1048 Τούτου
1543 997 1634 1049 καὶ
1655 998 1684 1049 6
1703 997 1887 1068 νόμος,

305 1075 405 1129 τοῦ
437 1076 537 1149 τὴν
569 1079 876 1150 ἐπιστήμην
902 1082 1134 1152 ἔχοντος,
1161 1085 1223 1138 τὸ
1253 1087 1516 1158 σωτήριον
1542 1088 1884 1159 πρόσταγμα·

306 1167 514 1236 μᾶλλον
537 1170 592 1222 δὲ
620 1171 928 1244 ἐπιστήμης
953 1175 1278 1247 πρόσταγμα
1302 1179 1330 1230 6
1352 1179 1540 1249 νόμοςο
1573 1180 1840 1252 «Δύναμις
1864 1200 1882 1232 ι

302 1257 416 1330 γὰρ
450 1278 470 1311 ‹
493 1263 586 1314 καὶ
619 1263 780 1331 σοφία
807 1283 824 1314 ι
859 1267 887 1318 6
919 1266 1090 1335 Λόγος
1123 1287 1142 1320 I
1167 1271 1260 1324 τοῦ
1284 1270 1437 1324 Θεοῦ.
1467 1290 1484 1322 ι
1515 1272 1711 1343 Νόμων
1733 1289 1790 1326 τε
1819 1269 1884 1326 αὖ

299 1351 585 1424 ἐξηγητὴς
623 1347 776 1419 οὗτος
806 1357 986 1421 αὐτὸς,
1018 1359 1082 1412 δι’
1107 1353 1168 1414 οὗ
1199 1365 1227 1414 6
1270 1362 1433 1433 νόμος
1461 1363 1614 1436 ἐδόθη
1637 1382 1649 1394 ·
1678 1366 1706 1417 ὁ
1737 1366 1887 1437 πρῶ-

297 1461 397 1509 τος
427 1446 700 1518 ἐξηγητὴς
724 1448 830 1502 τῶν
863 1449 1022 1504 θείων
1045 1455 1499 1526 προσταγμάτων,
1524 1458 1552 1509 6
1570 1457 1660 1510 τὸν
1688 1458 1885 1512 κόλπον

295 1537 398 1591 τοῦ
431 1539 644 1611 Πατρὸς
675 1539 1055 1613 ἐξηγούμενος,
1089 1544 1216 1608 Υἱὸς
1250 1551 1807 1620 μονογενής.”Επειτα
1836 1553 1883 1604 οί

297 1629 404 1698 μὲν
435 1628 746 1700 πειθόμενοι
768 1630 846 1701 τῷ
873 1632 1042 1703 νόμῳ,
1067 1633 1144 1706 τῷ
1169 1651 1228 1687 τε
1252 1635 1454 1704 γνῶσιν
1477 1638 1622 1710 ἔχειν
1650 1641 1771 1694 τινὰ
1789 1642 1884 1693 αύ-

291 1720 420 1786 τοῦ,
445 1719 554 1774 οὔτ’
571 1723 838 1787 ἀπιστεῖν,
856 1723 967 1776 οὔτ’
984 1726 1199 1792 ἀγνοεῖν
1223 1728 1581 1802 δύνανταιτὴν
1595 1731 1850 1802 ἀλήθειαν
1865 1752 1878 1764 ο

2005 531 2181 597 ipsum
2233 527 2482 593 audiunt,
2509 527 2695 581 ovium
2717 543 2792 592 -,I
2831 542 2974 581 unus
3006 535 3090 583 est
3113 537 3354 594 curator,
3377 541 3569 597 nempe

2002 619 2070 683 is,
2117 623 2212 689 qui
2262 639 2278 670 ι
2313 619 2580 688 perditam
2611 626 2664 672 et
2688 619 2922 687 quaeritb
2956 636 2976 670 ι
3012 627 3064 673 et
3095 619 3322 686 invenit,
3365 619 3481 689 lege
3515 625 3570 673 et

2001 712 2212 767 ratione
2251 731 2264 767 :
2308 711 2574 781 siquidem
2633 709 2718 764 lex
2763 719 2848 763 est
2893 709 3188 778 spiritalis,
3239 720 3294 764 et
3336 725 3456 777 quze
3500 709 3568 764 ad

2001 803 2172 873 ipsam
2206 805 2358 859 ducit
2385 803 2798 858 beatitudinem.
2827 799 2957 866 Qum
2978 801 3123 856 enim
3155 799 3355 870 Spiritu
3378 809 3568 856 sancto

1999 895 2141 950 facta
2168 905 2272 963 est,
2302 907 2386 952 est
2415 895 2696 965 spiritalis.
2728 893 2778 949 ls
2809 904 2990 948 autem
3025 903 3106 948 est
3133 909 3322 949 revera
3353 895 3569 965 legisla-

1996 997 2108 1053 tor,
2138 989 2232 1058 qui
2266 1004 2373 1044 non
2408 989 2583 1044 solum
2615 988 2754 1043 bona
2787 995 2841 1041 et
2872 988 3099 1041 honesta
3134 986 3440 1056 proﬁtetur,
3471 987 3565 1042 sed

1995 1081 2102 1136 scit
2133 1083 2319 1138 etiam.
2355 1080 2420 1136 Et
2472 1081 2557 1136 lex
2607 1087 2692 1135 est
2736 1079 2878 1149 ejus,
2909 1081 3002 1150 qui
3047 1079 3329 1134 scientiam
3381 1078 3562 1142 habet,

1989 1171 2204 1240 jussum
2239 1174 2508 1239 salutare;
2541 1172 2623 1226 vel
2656 1173 2857 1242 potius,
2899 1173 2984 1226 lex
3018 1181 3102 1227 est
3129 1172 3346 1241 jussum
3387 1171 3564 1227 scicn-

1996 1263 2103 1317 tiae.
2146 1281 2164 1312 ι
2196 1261 2443 1317 Potentia
2483 1281 2499 1314 ι
2533 1264 2677 1318 enim
2707 1273 2790 1319 «et
2813 1264 3108 1334 sapientiai
3136 1273 3220 1318 est
3241 1263 3355 1333 ipse
3386 1261 3564 1333 Logos

1998 1352 2124 1409 «Dei
2145 1364 2226 1408 ο.»
2247 1353 2310 1408 Et
2339 1355 2428 1411 hic
2457 1355 2573 1425 ipse
2603 1372 2796 1412 rursus
2828 1365 2914 1412 est
2942 1357 3120 1427 legum
3146 1357 3435 1426 interpres,
3466 1370 3562 1426 per

1996 1450 2055 1509 ᾗ
2088 1460 2252 1515 quem
2304 1445 2390 1501 lex
2440 1447 2566 1501 data
2613 1456 2731 1514 est;
2769 1448 2862 1517 qui
2909 1457 2993 1502 est
3028 1449 3238 1518 primus
3280 1431 3560 1518 expositor

1949 1539 1952 1555 λ
1989 1537 2302 1592 divinorum
2335 1547 2747 1609 praceptorum,
2783 1539 2877 1609 qui
2926 1539 3106 1594 sinum
3160 1539 3337 1594 Patris
3385 1539 3558 1608 aperit

1989 1646 2054 1685 ac
2085 1632 2330 1701 exponit,
2367 1631 2538 1689 Filius
2571 1634 2904 1704 unigenitus.
2935 1633 3138 1688 Deinde
3177 1633 3270 1703 qui
3307 1633 3406 1703 legi
3436 1633 3558 1702 qui--

1988 1722 2108 1777 dem
2139 1734 2351 1794 parent,
2381 1724 2527 1794 quod
2554 1725 2788 1779 habeant
2837 1726 3077 1796 aliquam
3126 1725 3243 1795 ejus
3283 1724 3553 1795 cognitio-

290 1814 346 1865 οἱ
378 1813 440 1866 δὲ
465 1812 834 1878 ἀπιστοῦντες,
861 1815 1059 1885 ἣκιστά
1090 1833 1149 1869 τε
1183 1819 1241 1870 ἐν
1263 1820 1384 1883 ’τοῖς
1416 1820 1598 1891 ἔργοις
1627 1818 1764 1876 εἶναι
1797 1823 1868 1894 βε-

1990 1831 2133 1881 nem,
2162 1831 2337 1908 usque
2363 1826 2593 1887 possunt
2627 1833 2734 1872 non
2765 1818 3006 1882 credere,
3042 1832 3143 1872 nec
3176 1817 3426 1888 ignorare
3461 1833 3554 1871 ve-

292 1903 644 1976 ϐουλημένοι,
680 1907 834 1977 εἴπερ
857 1907 999 1971 τινὲς
1023 1906 1191 1972 ἄλλοι,
1219 1911 1311 1962 καὶ
1333 1904 1479 1966 οὗτοι
1515 1914 1724 1981 ἀγνοεῖν
1754 1918 1881 1985 ὁμο-

290 1995 582 2065 λογοῦνται
626 1998 724 2068 τὴν
769 1997 1041 2070 ἀλήθειαν.
1070 2001 1164 2065 Τίς
1208 2000 1384 2056 τοίνυν
1502 2005 1727 2059 ἀπιστία
1771 2009 1879 2062 τῶν

303 2091 612 2162 Ἑλλήνων;
657 2094 747 2164 Μή
784 2111 859 2165 πη
889 2094 1141 2164 βούλεσθε
1173 2095 1284 2169 (60)
1330 2097 1612 2151 πείθεσθαι
1649 2102 1712 2170 τῇ
1748 2099 1878 2172 ἀλη-

289 2183 440 2255 θείᾳ,
495 2186 777 2259 φασκούσῃ
827 2186 1008 2240 θεόθεν
1059 2187 1147 2241 διὰ
1189 2189 1465 2252 Μωῦσέως
1507 2190 1748 2246 δεδόσθαι
1788 2194 1877 2246 τὸν

287 2275 479 2346 νόμον,
515 2277 673 2329 ὁπότε
702 2293 765 2344 γε
807 2279 901 2331 καὶ
931 2280 1080 2332 αὐτοὶ
1107 2280 1170 2332 ἐκ
1193 2279 1301 2333 τῶν
1325 2281 1477 2351 παρὰ
1504 2283 1652 2352 σφίσι
1674 2285 1873 2355 τιμῶσι

288 2364 468 2443 Μωσῆ
498 2371 629 2442 (61);
683 2372 774 2424 τόν
797 2391 856 2426 τε
883 2373 1038 2426 Μίνω
1070 2373 1220 2444 παρά
1241 2373 1361 2438 Διὸς
1391 2375 1455 2427 δι’
1481 2377 1699 2430 ὲννάτου
1724 2377 1872 2442 ἔτους

286 2462 592 2534 λαμϐάνειν
623 2466 746 2528 τοὺς
777 2465 973 2535 νόμους
1001 2467 1289 2537 ἱστοροῦσι,
1315 2468 1580 2536 φοιτῶντα
1599 2471 1677 2532 εἰς
1695 2470 1754 2523 τὸ
1778 2470 1870 2523 τοῦ

287 2553 418 2619 Διὸς
447 2556 638 2626 ἄντρον
657 2572 672 2586 ο
708 2556 797 2609 τόν
822 2573 879 2609 τε
905 2553 970 2610 αὖ
995 2557 1307 2629 Λυκοῦργον
1334 2558 1403 2612 τά
1425 2560 1765 2631 νομοθετικά,
1791 2564 1870 2628 είς

287 2645 530 2715 Δελφοὺς
565 2647 700 2719 πρὸς
731 2648 820 2701 τὸν
870 2648 1174 2702 Ἀπόλλωνα
1211 2651 1429 2720 συνεχὲς
1458 2653 1708 2720 ἀπιόντα,
1745 2671 1873 2708 παι-

287 2737 542 2793 δεύεσθαι
575 2735 843 2810 γράφουσι
876 2739 1099 2792 Πλάτων
1121 2759 1203 2805 τε,
1225 2743 1318 2795 καὶ
1356 2744 1749 2818 Ἀριστοτέλης,
1778 2747 1870 2800 καὶ

290 2831 562 2900 Ἐφοροςη
600 2830 920 2900 Χαμαιλέων
945 2849 1003 2884 τε
1040 2835 1068 2886 6
1105 2834 1486 2908 Ἡρακλεώτης
1527 2841 1585 2891 ἐν
1616 2839 1693 2910 τῷ
1727 2841 1866 2908 Περὶ

285 2924 498 2992 μέθης,
540 2924 634 2978 καὶ⁵
676 2926 1052 2996 Ἀριστοτέλης
1090 2928 1148 2979 ἐν
1187 2931 1250 2998 τῇ
1292 2928 1534 2997 Λοκρῶν
1577 2934 1864 2998 πολιτείᾳ,

284 3016 560 3070 Ζάλευκον
585 3015 693 3086 (6'2)
715 3017 803 3070 τὸν
833 3017 1037 3088 Λοκρὸν
1071 3018 1217 3090 7:696
1246 3020 1347 3089 τῆς
1379 3020 1604 3092 Ἀθηνᾶς
1633 3023 1756 3088 τοὺς
1779 3025 1867 3076 νό-

287 3126 427 3179 μους
459 3108 753 3180 λαμϐάνειν
785 3111 1338 3180 ἀπομνημονεύουσιν.
1375 3115 1436 3165 Ui
1470 3113 1546 3177 δὲ,
1575 3114 1633 3168 τὸ
1658 3115 1868 3182 ἀξιόπι-

285 3216 417 3252 στον
441 3199 539 3270 τῆς
574 3201 702 3270 παρ’
717 3197 939 3269 Ἕλλησι
965 3197 1303 3268 νομοθεσίας,
1329 3200 1404 3264 ὡς
1431 3198 1542 3254 οἷόν
1571 3219 1628 3256 τε
1661 3204 1860 3268 αὐτοῖς,

283 3291 609 3364 ἐπαίροντες
653 3293 730 3354 είς
773 3291 832 3343 τὸ
872 3291 1042 3355 Θεῖον,
1071 3294 1188 3344 κατ’
1221 3293 1402 3345 εἰκόνα
1449 3294 1547 3364 τῆς
1588 3296 1728 3349 κατά
1775 3298 1866 3351 τὸν

281 3377 530 3432 Μωῡσὲα
561 3378 913 3449 προφητείας,
943 3377 1272 3449 ἀγνώμονες,
1299 3382 1397 3434 οὐκ
1422 3383 1644 3438 αὐτόθεν
1676 3387 1864 3458 ὁμολο-

281 3466 513 3536 γοῦντες
541 3471 640 3541 τήν
668 3487 729 3522 τε
761 3469 1013 3541 ἀλήθειαν
1037 3472 1131 3524 καὶ
1155 3472 1214 3525 τὸ
1248 3473 1550 3543 ἀρχέτυπον
1583 3475 1689 3529 τῶν
1716 3481 1864 3550 παρά

283 3559 474 3632 σφίσιν
506 3563 713 3634 ίστορου
722 3562 914 3633 μένων.

1989 1908 2223 1962 ritatem.
2253 1908 2355 1976 Qui
2389 1920 2569 1963 autem
2602 1925 2708 1964 non
2750 1910 3000 1976 credunt,
3031 1917 3084 1963 et
3124 1908 3258 1979 legis
3298 1909 3554 1977 operibus

1987 2001 2210 2055 minime
2241 2011 2456 2068 vacant,
2493 2001 2529 2055 ii
2561 2017 2797 2071 quoque.
2835 2002 2879 2056 si
2911 2003 3004 2056 ulli
3036 2002 3150 2069 alii,
3181 2017 3239 2057 se
3268 2002 3551 2055 veritatem

1987 2092 2236 2162 ignorare
2264 2092 2522 2147 fatentur.
2555 2093 2815 2160 Qumnam
2847 2103 2932 2150 est
2961 2109 3090 2165 ergo
3123 2093 3433 2149 Graecorum
3469 2093 3554 2147 in-

1983 2184 2308 2241 credulitas?
2341 2186 2424 2240 An
2471 2187 2614 2257 quod
2668 2188 2844 2242 nolint
2889 2188 3112 2244 credere
3158 2187 3393 2253 veritati,
3428 2202 3552 2257 quae

1982 2273 2115 2329 dicit
2157 2276 2326 2346 legem
2355 2293 2451 2347 per
2479 2277 2715 2350 Moysem
2744 2278 2923 2332 datam
2951 2293 3074 2333 esse
3105 2277 3388 2340 divinitus,
3423 2291 3546 2331 cum

1981 2365 2084 2434 ipsi
2111 2382 2333 2422 suorum
2379 2369 2702 2424 auctoritate
2729 2369 2933 2424 inducti
2973 2369 3212 2440 Moysem
3243 2368 3551 2423 honorent?

1981 2456 2046 2512 Et
2074 2457 2304 2515 Minoem
2332 2462 2400 2516 ad
2432 2460 2583 2516 Jovis
2608 2470 2824 2516 antrum
2851 2460 3178 2527 venientem,
3214 2474 3406 2512 novem
3446 2475 3547 2513 an-

1979 2564 2171 2604 norum
2201 2553 2374 2621 spatio
2406 2553 2551 2624 leges
2587 2569 2617 2608 a
2657 2552 2791 2607 Jove
2820 2553 3126 2622 accepisse;
3162 2561 3216 2607 et
3240 2551 3544 2623 Lycurgum

3573 1475 3842 1618 2,...)

1977 2640 2196 2696 assidue
2244 2641 2480 2713 Delphos
2520 2653 2736 2699 euntem
2771 2645 2837 2700 ad
2860 2644 3185 2713 Apollinem,
3216 2643 3362 2714 leges
3385 2643 3454 2698 ab
3482 2658 3577 2696 eo.

1976 2733 2252 2799 didicisse,
2296 2736 2541 2791 scribunt
2578 2736 2750 2813 Plato,
2790 2738 3131 2800 Aristoteles,
3171 2747 3224 2791 et
3258 2736 3542 2808 Ephorus;

1975 2833 2029 2879 et
2072 2825 2376 2882 Chamaeleo
2420 2828 2767 2885 Heracleotes
2795 2830 2849 2884 in
2881 2818 3047 2898 opere
3085 2829 3155 2884 De
3179 2831 3450 2896 ebrietate,
3491 2843 3546 2889 et

1975 2917 2290 2974 Aristoteles
2338 2921 2391 2974 in
2441 2919 2725 2990 Republica
2769 2920 3079 2986 Locrorum,
3112 2921 3404 2978 Zaleucum
3433 2923 3542 2978 Lo-

1973 3028 2129 3067 crum
2156 3013 2302 3085 leges
2331 3029 2361 3068 a
2397 3014 2632 3070 Minerva
2677 3015 2971 3086 accepisse,
3012 3017 3312 3072 litterarum
3347 3033 3543 3073 monu-

1976 3106 2172 3160 mentis
2220 3105 2568 3161 mandarunt.
2615 3105 2718 3172 Qui
2769 3117 2949 3162 autem
3005 3107 3317 3162 Graecorum
3374 3110 3540 3180 leges,

1977 3208 2034 3251 ut
2061 3198 2254 3268 majori
2285 3199 2388 3256 lide
2418 3199 2594 3266 dignae
2619 3198 2928 3264 videantur,
2957 3215 3056 3268 pro
3088 3199 3295 3255 viribus
3315 3199 3542 3256 efferen-

1972 3296 2074 3351 tes,
2106 3287 2174 3341 ad
2207 3289 2338 3343 deos
2363 3287 2625 3354 referunt,
2664 3290 2912 3359 exemplo
2937 3289 3188 3345 Mosaicae
3223 3291 3538 3361 prophetiae,

1971 3379 2093 3434 ideo
2126 3389 2254 3434 sunt
2288 3380 2505 3452 ingrati,
2531 3381 2675 3450 quod
2724 3396 2832 3434 non
2877 3379 3152 3436 fateantur
3179 3384 3457 3438 veritatem
3487 3397 3540 3440 et

1970 3473 2248 3543 exemplar
2272 3473 2622 3544 archetypum
2649 3488 2860 3540 eorum,
2890 3489 3012 3545 qua:
3035 3490 3069 3530 a
3100 3490 3158 3532 se
3193 3476 3496 3531 traduntur.

1669 3665 1900 3725 CAPUT
1950 3671 2163 3727 XXVII.

930 3752 1114 3825 Legem
1147 3757 1420 3810 commoda
1455 3758 1724 3816 hominum
1754 3778 2011 3838 spectare,
2045 3771 2207 3824 etiam
2236 3771 2363 3825 dum
2393 3773 2608 3843 corrigit
2635 3783 2688 3827 et
2715 3775 2906 3844 punit.’

357 3871 451 3943 Μὴ
464 3873 640 3926 τοίνυν
672 3891 844 3928 κατατ
853 3875 1052 3947 ρεχέτω
1067 3893 1151 3940 τις
1165 3877 1258 3930 τοῦ
1283 3878 1446 3950 νόμου
1477 3881 1565 3936 διά
1584 3884 1680 3954 τῆς
1693 3903 1865 3957 τιμω-

283 3965 431 4037 ρίας,
456 3965 532 4029 ὡς
568 3968 628 4019 οὐ
670 3966 836 4021 καλοῦ
869 3969 1112 4037 κάγαθοῦ
1134 3988 1148 4001 ο
1183 3972 1241 4024 ού
1274 3972 1381 4046 γάρ
1413 3975 1441 4027 6
1485 3975 1584 4046 μὲν
1625 3977 1724 4049 τὴν
1771 3982 1864 4035 τοῦ

280 4056 538 4128 σώματος
583 4060 734 4112 νόσον
777 4062 1004 4128 ἀπάγων
1050 4062 1343 4137 εὐεργέτης
1384 4065 1558 4132 δόξει·
1602 4069 1778 4143 ψυχῆς
1809 4075 1865 4128 δὲ

275 4149 498 4215 ἀδικίας
523 4150 633 4222 (63)
666 4156 694 4206 6
725 4153 1061 4225 πειρώμενος
1091 4158 1451 4213 ἀπαλλάττειν
1471 4163 1532 4214 οὐ
1563 4163 1760 4233 μᾶλλον
1799 4165 1865 4220 ἂν

275 4238 368 4310 εἴη
418 4240 689 4311 κηδεμὼν,
733 4244 950 4316 ὅσῳπερ
993 4246 1140 4320 ψυχὴ
1189 4250 1437 4322 σώματος
1480 4255 1825 4328 ἐντιμότερον
1848 4276 1862 4290 ’

2037 3890 2210 3948 Nemo
2253 3899 2436 3949 autem
2482 3903 2701 3964 propter
2727 3895 2994 3964 supplicia
3025 3887 3535 3966 insecteturlegem,

1970 3992 2030 4036 ut
2071 3999 2183 4038 non
2212 3985 2410 4040 bonam
2446 3993 2501 4040 et
2534 3985 2842 4041 honestam.
2875 3984 2993 4043 Non
3042 3987 3186 4041 enim
3228 3987 3319 4056 qui
3360 3986 3538 4042 aufert

1968 4077 2215 4132 morbum
2247 4079 2513 4148 corporis,
2556 4078 2818 4134 beneﬁcio
2863 4079 3072 4136 afﬁcere
3104 4079 3395 4143 videbitur,
3440 4079 3535 4150 qui

1967 4178 2148 4225 autem
2192 4171 2261 4225 ab
2303 4171 2566 4242 injustitia
2602 4173 2842 4230 animam
2873 4182 3102 4228 conatur
3140 4172 3392 4238 liberare,
3429 4187 3535 4228 non

1969 4271 2121 4318 tanto
2153 4265 2325 4336 magis
2354 4266 2625 4321 videbitur
2651 4283 2839 4322 curam
2884 4267 3055 4323 nostri
3099 4281 3304 4338 gerere,
3329 4275 3536 4334 quanto

274 4331 396 4390 ἀλλ’
423 4331 530 4404 ἄρα
552 4333 655 4416 ,τῆς
689 4336 788 4406 μὲν
817 4337 908 4390 τοῦ
937 4338 1187 4410 σώματος
1209 4343 1420 4411 ὑγιείας
1453 4346 1636 4413 ἓνεκα,
1664 4352 1755 4404 καὶ
1774 4369 1853 4404 τοο

1979 4364 2047 4409 2st
2091 4357 2274 4412 anima
2327 4372 2555 4427 corpore
2587 4361 2968 4429 praestantior;
3017 4359 3111 4414 sed
3159 4374 3259 4429 pro
3303 4359 3535 4414 sanitate

279 4426 412 4493 μάς,
449 4427 542 4479 καὶ
585 4427 829 4492 καύσεις,
863 4433 954 4484 καὶ
1002 4437 1456 4505 φαρμακοποσίας
1480 4439 1854 4512 ὑφιστάμεθα·

275 4517 376 4570 καὶ
401 4519 431 4571 6
456 4519 628 4574 ταῦτα
650 4523 939 4592 προσάγων
967 4528 1149 4598 σωτήρ
1174 4545 1232 4581 τε
1258 4531 1351 4583 καὶ
1375 4532 1556 4603 ἰατρὸς
1578 4534 1854 4589 καλεῖται’

272 4612 340 4664 ού
373 4612 550 4685 φθόνῳ
583 4616 709 4679 τινὶ,
732 4618 852 4670 οὐδὲ
877 4617 1166 4693 δυσμενείᾳ
1188 4626 1252 4694 τῇ
1280 4624 1415 4696 πρὸς
1436 4626 1528 4681 τὸν
1554 4629 1849 4699 πάσχοντα,

271 4702 355 4767 ὡς
387 4704 433 4757 δ’
458 4705 524 4760 ἂν
561 4709 589 4761 6
626 4707 725 4777 τῆς
769 4709 964 4782 τέχνης
1011 4713 1338 4785 ύπαγορεύοι
1380 4711 1562 4786 λόγος,
1588 4723 1682 4774 καὶ
1711 4724 1852 4796 μέρη

1964 4447 2183 4517 quidem
2217 4455 2486 4520 corporis,
2512 4460 2578 4507 et
2612 4455 2806 4519 secari,
2831 4463 2884 4508 et
2916 4454 3022 4520 uri,
3046 4461 3102 4508 et
3136 4452 3532 4508 medicamenta

1964 4553 2154 4614 potare
2183 4546 2536 4614 sustinemus,
2560 4557 2622 4603 et.
2655 4549 2748 4619 qui
2791 4550 2904 4604 hac
2941 4549 3182 4615 adhibet,
3211 4555 3265 4602 et
3285 4556 3534 4606 servator

1962 4644 2187 4690 vocatur
2211 4645 2265 4691 et
2291 4639 2564 4705 medicus;
2591 4649 2642 4694 et
2674 4640 2813 4694 idem
2846 4655 2944 4695 nec
2974 4656 3041 4693 ex
3071 4637 3296 4705 invidia,
3331 4653 3430 4694 nec
3463 4656 3531 4693 ex

1960 4727 2088 4782 odio
2121 4728 2176 4783 in
2207 4742 2495 4799 aegrotum,
2529 4732 2622 4787 sed
2657 4733 2792 4789 artis
2819 4733 3057 4788 dictante
3091 4733 3320 4796 ratione,
3348 4742 3532 4803 partes

349 4866 412 4925 ιι(
432 4861 502 4921 Ρ.
525 4863 628 4916 422
654 4862 761 4918 ED.
786 4863 1083 4934 POTTER,
1118 4869 1224 4923 552
1249 4869 1361 4926 ED.
1400 4872 1622 4929 PARIS.
1685 4890 1712 4917 ι
1747 4877 1868 4935 Joat

1979 4922 1998 4945 ,
2029 4882 2115 4937 16.
2192 4884 2447 4940 h-Matth.
2478 4902 2629 4949 vaII,
2667 4887 2750 4940 12.
2831 4896 2852 4924 ε
2895 4885 3062 4941 lCor.
3089 4902 3127 4950 ι,
3155 4886 3244 4941 2.5.

271 5017 525 5101 7:966:16
559 5019 684 5101 ἔχει),
712 5019 746 5074 ά
769 5023 868 5101 οὐκ
893 5021 1039 5101 ἐστιν
1068 5025 1132 5101 ἐκ
1156 5025 1253 5097 τῆς
1280 5026 1447 5101 αςῦλῆς
1481 5029 1683 5101 ταύτης
1707 5050 1718 5062 ·
1756 5037 1854 5088 κά-

257 5089 431 5169 ’κεξνά
467 5106 533 5169 με
557 5090 636 5144 δεῖ
659 5093 906 5169 ἀγαγεῖν,
935 5096 1028 5169 καὶ
1058 5096 1154 5166 τῆς
1178 5089 1360 5169 φ’ωνῇς
1394 5089 1497 5169 μου
1535 5089 1850 5158 ἀκούσουσι·

270 5161 368 5214 καὶ
399 5160 683 5241 γενησεται
729 5160 826 5241 μία
863 5164 1088 5241 ποίμνη,
1112 5160 1217 5241 ’καῖ
1384 5160 1606 5241 ποιμήν.
1660 5173 1849 5232 Matth.

269 5246 432 5292 ινιιι,
463 5231 530 5314 ιε
559 5250 574 5314 ξ
600 5231 971 5314 Ἐἀνργένηταί
994 5231 1106 5314 τινι
1126 5236 1398 5314 ἀνθρόιπῳ
1435 5231 1627 5314 ἑκατόν
1655 5244 1856 5314 7:966:1-

265 5319 358 5362 τα,
392 5300 487 5354 καὶ
517 5300 846 5381 πλανηθῇλῷ
867 5300 941 5371 ’ἐξ
974 5303 1170 5381 ασῦτιῖιν,
1203 5300 1322 5378 οὖχὶ
1353 5300 1511 5378 ἀφεὶς
1541 5311 1608 5363 τά
1647 5300 1858 5381 ἐννενη-

267 5371 611 5453 κοξαεννκιὲα2
627 5374 719 5453 επὶ
732 5371 907 5453 756693
927 5377 1229 5453 πορευθεὶς,
1244 5371 1395 5453 ζητεῖ
1483 5371 1848 5453 πλανώμενον’;

495 5442 1220 5518 {3913113062'S'cribendum
1249 5442 1552 5518 βούλεσθαι.

361 5513 470 5589 σιλ
496 5511 705 5589 Μωσῇ.
778 5513 846 5589 H_.
885 5532 994 5573 ms.
1023 5511 1266 5589 Μοῡσῆν,
1314 5521 1570 5576 usitatius
1593 5559 1607 5583 ,
1643 5531 1695 5576 et
1726 5540 1849 5579 mox

265 5582 509 5653 συνεχῶς
534 5583 783 5638 ἀπιόντα.
810 5583 967 5639 Sua.

337 5654 454 5724 (62)
491 5653 819 5709 Ζάλευκον.
863 5655 1114 5712 Valerius
1145 5656 1417 5714 Maximus
1463 5679 1477 5714 :
1530 5680 1547 5711 ι
1579 5661 1849 5717 Zaleucns

264 5724 372 5779 sub
397 5728 617 5796 nomine
645 5725 899 5780 Minerva:
937 5729 1397 5796 prudentissimus
1440 5732 1659 5788 habitus
1687 5744 1788 5788 est.
1825 5756 1840 5785 ι

337 5795 454 5864 (65)
502 5796 712 5865 Ψυχῆς
741 5796 807 5849 δὲ
834 5795 1085 5866 ἀδικίας.
1127 5798 1846 5875 Congruentins,vel'boxigv

1953 5037 2010 5091 δὲ
2042 5040 2274 5104 ἀδικίας,
2310 5041 2394 5096 vel
2419 5041 2597 5112 ψυχῆς
2629 5041 2684 5094 δὲ
2716 5042 2949 5106 ἀδικίαν,
2977 5043 3238 5097 alterutro
3260 5044 3313 5096 in
3340 5028 3526 5098 acetis.

1953 5124 2140 5181 casum
2173 5127 2330 5164 verso
2358 5131 2376 5166 ι
2400 5122 2495 5165 aut
2522 5122 2664 5166 certe.
2701 5113 2911 5176 ἀδικίας
2943 5113 3138 5181 plurali
3175 5129 3403 5168 numero
3430 5130 3524 5169 acv

1953 5179 2283 5303 Epicadum.
2305 5181 2446 5237 Belle
2475 5183 2580 5236 huc
2608 5185 2896 5251 quadrant,
2921 5179 3099 5252 inquit
3122 5181 3212 5250 H.,
3237 5184 3339 5239 ista
3355 5197 3525 5256 pocla:

1998 5266 2025 5302 a
2057 5267 2128 5303 ιιιι
2155 5271 2169 5303 :

2062 5343 2135 5399 Ut
2152 5346 2318 5420 valeat
2341 5363 2550 5420 corpus.
2578 5347 2776 5416 ferrum
2798 5349 3016 5420 patieris
3037 5359 3085 5402 et
3107 5350 3271 5420 ignes,

2166 5416 2336 5470 Arida
2355 5434 2444 5471 nec
2465 5418 2648 5472 sitiens
2669 5436 2764 5471 ora
2785 5416 2982 5487 rigabis
3004 5416 3144 5488 aqud
3165 5435 3183 5472 :

2063 5485 2129 5540 Ut
2151 5489 2326 5542 valeas
2349 5490 2546 5559 animo,
2569 5485 2855 5559 quidquam
2878 5485 3102 5545 tolerare
3122 5508 3323 5546 recuses
3337 5494 3365 5548 γ

2163 5561 2231 5610 At
2250 5575 2374 5626 pars
2397 5557 2508 5612 lucc
2527 5557 2759 5625 pretium
2781 5577 2997 5630 corpore
3025 5562 3199 5631 majus
3222 5562 3393 5616 habet.

1955 5666 2110 5718 Sun.
2164 5665 2418 5739 Eamdcm
2469 5668 2877 5723 similitudinem
2945 5670 2999 5723 in
3049 5669 3346 5739 Pwdagogo
3393 5668 3520 5722 Cle-

1952 5752 2128 5808 mens,
2165 5748 2217 5790 et
2267 5737 2319 5789 in
2366 5739 2630 5806 principio
2679 5742 2996 5808 Θεραπευτ.
3043 5745 3108 5800 α’,
3145 5737 3522 5795 Τιιριιάυιυιιιε

1953 5807 2114 5861 latius
2150 5817 2567 5877 persequuntur.
