3938 6324
241 355 342 412 921

1574 357 2008 416 STROMATUM
2037 359 2166 414 LIB.
2197 359 2238 412 ι.

3313 407 3319 420 κ
3361 351 3470 412 923

243 476 314 530 τὰ
351 477 576 546 πρῶτα,
609 477 796 532 ἔπειτα
837 477 892 530 δὲ
945 479 1132 532 πιστὸν
1177 479 1427 546 γενέσθαι
1478 479 1802 550 θεράποντα,

1929 479 2120 534 tientia:
2159 477 2496 540 adhibentes,
2539 477 2712 545 primo
2751 477 2971 544 legitimi
3016 475 3110 531 Dei
3143 473 3306 536 servi,
3339 473 3466 528 dein

243 567 574 638 φοϐούμενον
613 569 814 641 Κύριον
857 571 946 624 τὸν
992 571 1153 622 Θεὸν·
1191 573 1240 623 εί
1262 571 1318 624 δέ
1363 587 1448 634 τις
1489 572 1807 641 ὲπαναὸαίη,

243 660 358 721 τοῖς
389 661 524 724 υἱοῖς
555 661 994 729 ὲγκαταλέγεται.
1038 661 1206 715 Ἐπάν
1238 661 1294 714 δὲ
1329 681 1346 712 ι
1371 663 1560 732 ἀγάπη
1597 662 1812 734 καλύψῃ

247 749 452 818 πλῆθος
503 751 816 822 ἁμαρτιῶν,
846 773 866 804 ι
924 754 1196 824 μακαρίας
1253 753 1464 816 ἐλπίδος
1515 753 1810 816 τελειώσει,

244 841 548 910 αὐξηθέντα
591 845 648 896 ἐν
694 845 882 917 ἀγάπῃ
931 846 1240 914 ἐκδέχεσθαι
1268 845 1474 902 τοῦτον.
1509 847 1810 913 ἐγκατατα-

243 933 414 1001 γέντα
451 939 516 1005 τῇ
549 937 772 1007 ἐκλεκτῇ
809 937 1078 1008 υἱοθεσία,
1106 940 1170 1008 τῇ
1209 938 1334 1010 φίλῃ
1370 937 1680 1010 κεκλημένῃ
1718 937 1811 989 τοῦ

244 1024 408 1086 θεοῦ,
433 1025 624 1096 ᾄδοντα
654 1026 752 1096 ἤδη
779 1027 876 1095 τὴν
909 1027 1092 1098 εὐχὴν,
1124 1027 1220 1079 καὶ
1248 1025 1502 1094 λέγοντα·
1543 1023 1814 1076 ιΓενέσθω

247 1134 342 1185 μοι
379 1117 580 1189 Κύριος
623 1120 700 1179 είς
732 1117 882 1170 Θεόν.
917 1138 934 1168 ι
988 1117 1092 1169 Τοῦ
1143 1118 1306 1187 νόμου
1351 1117 1406 1170 δὲ
1441 1117 1540 1188 τὴν
1569 1115 1812 1170 εὐποιίαν

242 1207 334 1260 διὰ
385 1209 481 1278 τῆς
527 1207 662 1278 πρὸς
709 1209 830 1270 τοὺς
866 1207 1148 1270 Ἰουδαίους
1177 1206 1478 1276 περικοπῆς
1521 1205 1814 1274 δεδήλωκεν

239 1302 274 1352 ὁ
313 1299 634 1362 ’Δπόστολος
659 1339 674 1362 ,
718 1299 941 1370 γράφων
987 1291 1088 1350 ὧδέ
1132 1315 1246 1362 πως
1271 1315 1284 1327 °
1345 1317 1362 1349 ι
1397 1299 1458 1350 Εί
1495 1298 1551 1350 δὲ
1594 1297 1700 1366 (69)
1737 1297 1814 1348 ’σὺ

257 1391 514 1456 Ἰουδαῖος
563 1393 906 1464 ἐπονομάζῃ,
963 1393 1053 1445 καὶ
1108 1391 1434 1463 ἐπαναπαύῃ
1483 1391 1670 1462 νόμῳ,
1723 1391 1815 1443 καὶ

242 1486 526 1553 καυχᾶσαι
581 1485 638 1536 ἐν
713 1483 850 1554 Θεῷ,
899 1485 992 1537 καὶ
1043 1483 1327 1551 γινώσκεις
1373 1484 1433 1536 τὸ
1475 1482 1682 1554 θέλημα
1721 1481 1816 1534 τοῦ

243 1574 389 1628 Θεοῦ
425 1574 556 1644 (70),
603 1576 696 1628 καὶ
731 1573 1038 1646 δοκιμάζεις
1077 1575 1144 1628 τὰ
1185 1573 1506 1644 διαφέροντα
1549 1571 1816 1642 κατηχού-

247 1683 420 1734 μενος
465 1667 528 1718 ὲκ
568 1666 660 1720 τοῦ
701 1667 894 1736 νόμον,
941 1665 1200 1728 πέποιθας
1257 1683 1316 1718 τε
1361 1664 1584 1718 σεαυτὸν
1625 1664 1816 1732 ὁδηγὸν

244 1754 396 1809 εἶναι
441 1755 672 1824 τυφλῶν,
713 1755 826 1824 φῶς
854 1756 960 1809 τῶν
1001 1757 1058 1808 ὲν
1097 1757 1306 1818 σκότει,
1335 1755 1622 1824 παιδευτὴν
1653 1754 1818 1824 ἀφρό-

1911 573 2152 642 ejusdem
2195 569 2378 624 ﬁdeles
2413 569 2598 622 fanmli
2639 567 2852 626 ﬁamus.
2891 568 3139 622 timentes
3176 566 3466 618 Dominum

1913 663 2104 718 Deum.
2143 660 2296 728 Quod
2343 659 2386 714 si
2435 660 2558 728 quis
2593 659 2820 712 ulterius
2863 657 3185 720 ascenderit,
3237 655 3470 710 refertur

1913 755 1967 808 in
2000 767 2283 808 numerum
2321 751 2576 804 ﬁliorum.
2619 747 2912 816 Postquam
2961 757 3136 801 autem
3171 765 3190 796 ι
3230 745 3468 800 cluat-itas

1911 845 2187 916 operuerit
2214 843 2624 936 multitudinqu
2643 854 2982 910 peccatorum
3015 853 3062 898 ει.
3101 858 3118 890 ι
3155 840 3322 892 beatae
3351 837 3466 906 spei

1913 936 2402 998 consummatione,
2443 935 2568 988 licet
2595 931 2730 986 'luuc
2759 943 2974 986 auctum
3009 931 3272 986 cliarilate
3296 931 3470 984 susci-

1913 1047 2058 1101 pere.
2095 1031 2326 1084 relatum
2355 1029 2408 1082 in
2433 1028 2658 1082 electam
2691 1025 2922 1078 liliorum
2951 1023 3314 1092 adoptionem,
3349 1037 3472 1091 quae

1913 1124 2008 1178 Dei
2037 1132 2224 1178 vocata
2251 1131 2336 1176 est
2363 1119 2556 1178 amica.
2599 1119 2708 1186 jam
2753 1127 2934 1170 votum
2961 1127 3266 1170 canentem.
3305 1125 3358 1168 et
3383 1113 3470 1164 di-

1914 1225 2153 1270 centem:
2187 1231 2206 1264 ι
2249 1211 2330 1264 Sit
2357 1211 2486 1264 mibi
2523 1209 2780 1262 Dominus
2820 1210 2872 1261 in
2923 1207 3108 1260 Deum.
3143 1225 3160 1256 ι
3193 1205 3346 1272 Legis
3373 1221 3472 1260 au-

1915 1316 2022 1360 tem
2055 1302 2482 1364 beneﬁcentiam,
2515 1315 2608 1368 per
2631 1315 2754 1354 eum
2779 1300 2976 1362 locum,
2999 1299 3052 1352 in
3083 1313 3192 1367 quo
3213 1299 3320 1368 agit
3347 1313 3472 1352 cum

1913 1395 2132 1459 Judaeis,
2167 1393 2458 1448 declaravit
2487 1392 2799 1460 Apostolus,
2833 1391 2912 1446 sic
2947 1391 3222 1446 scribens:
3259 1411 3278 1442 ι
3329 1389 3384 1443 Si
3417 1399 3478 1446 tu

1915 1496 2092 1540 autem
2123 1492 2180 1550 ὦ
2212 1483 2430 1539 Judaaus
2456 1483 2883 1552 cogumninaris,
2923 1492 2976 1536 et
3011 1485 3062 1536 in
3109 1483 3224 1552 lege
3266 1484 3478 1551 requie-

1915 1580 2042 1643 scis,
2075 1587 2128 1632 et
2157 1579 2209 1631 in
2271 1576 2380 1630 Deo
2413 1575 2658 1644 gloriaris
2679 1615 2692 1636 ,
2738 1583 2792 1628 et
2835 1574 3116 1641 cognoscis
3150 1573 3474 1630 voluntatem

1917 1669 2032 1730 Dei,
2064 1679 2116 1722 et
2143 1667 2340 1737 probas
2363 1666 2576 1720 utiliora
2609 1665 2902 1718 instructus
2927 1680 3017 1732 per
3041 1665 3233 1734 legem,
3265 1679 3320 1718 et
3346 1680 3474 1730 cou-

1917 1760 2038 1814 ﬁdis
2071 1759 2300 1828 teipsum
2334 1773 2454 1812 csse
2493 1757 2682 1810 ducem
2727 1771 2992 1809 carcerum
3021 1795 3034 1816 ,
3073 1755 3254 1808 lumen
3285 1771 3474 1810 eorum

243 1865 382 1908 ww,
416 1847 726 1899 διδάσκαλον
773 1847 996 1916 νηπίων,
1039 1847 1225 1916 ἔχοντα
1263 1847 1360 1915 τὴν
1401 1845 1682 1916 μόρφωσιν
1723 1845 1819 1914 τῆς

1929 1851 2014 1915 qui
2041 1855 2168 1900 sunt
2191 1847 2244 1898 in
2275 1845 2532 1908 tenebris,
2571 1843 2899 1898 eruditorem
2939 1845 3326 1914 insipientium,
3363 1861 3480 1898 ma-

247 1937 511 2004 γνώσεως
559 1939 650 1990 καὶ
688 1936 938 2007 ἀληθείας
999 1940 1058 1990 ὲν
1097 1936 1174 2006 τῷ
1219 1937 1398 2006 νόμῳ·
1431 1955 1448 1988 ›
1509 1933 1678 1988 ταῦτα
1711 1936 1818 2006 γὰρ

247 2027 520 2082 δύνασθαι
543 2028 630 2080 τὸν
663 2029 822 2097 νόμον
846 2027 1214 2098 ὁμολογεῖται·
1245 2027 1346 2080 κᾶν
1389 2029 1437 2078 οἱ
1474 2027 1614 2080 κατά
1656 2027 1818 2096 νόμον

253 2121 335 2192 μὴ
365 2121 782 2191 πολιτευόμενοι,
824 2122 896 2185 ὡς
929 2122 986 2174 ἐν
1013 2121 1160 2191 νόμῳ
1202 2119 1614 2184 ἀλαζονεύονται
1647 2117 1820 2188 βιοῦν-

249 2229 370 2276 τες.
429 2233 446 2264 ι
483 2212 762 2284 Μακάριος
796 2213 852 2266 δὲ
899 2212 1032 2283 ἀνὴρ
1067 2212 1174 2282 (71)
1216 2211 1273 2274 ὃς
1311 2205 1434 2282 εὗρε
1470 2209 1681 2278 σοφίαν,
1724 2209 1817 2260 καὶ

253 2305 454 2376 θνητὸς
523 2305 581 2368 ὃς
625 2299 732 2356 εἶδε
799 2303 1074 2373 φρόνησιν.
1148 2303 1240 2354 Ἐκ
1305 2301 1360 2354 δὲ
1417 2299 1509 2352 τοῦ
1557 2299 1817 2368 στόματος

251 2394 462 2463 αὐτῆς,
493 2412 510 2445 ι
579 2393 676 2461 τῆς
709 2393 895 2459 σοφίας
941 2391 1210 2459 δηλονότι,
1265 2407 1282 2439 ι
1312 2387 1618 2458 δικαιοσύνη
1652 2387 1816 2438 ἐκπο-

255 2485 482 2558 ρεύεται
506 2501 518 2514 ·
566 2485 724 2554 νόμον
760 2483 815 2536 δὲ
851 2484 940 2535 καὶ
985 2481 1127 2534 ἔλεον
1177 2481 1268 2532 ἐπὶ
1297 2478 1544 2548 γλώσσης
1590 2480 1760 2548 φορεῖ.
1796 2497 1812 2528 ι

267 2576 422 2638 Ἐνδς
461 2575 566 2646 γὰρ
599 2575 799 2645 Κυρίου
845 2573 1121 2644 ἐνέργεια,
1156 2573 1214 2635 ὃς
1251 2573 1365 2626 ἐστι
1418 2590 1435 2621 ι
1459 2570 1680 2640 δύναμις
1710 2570 1818 2638 (Π)

253 2669 356 2722 καὶ
385 2667 544 2736 σοφία
574 2666 662 2719 τοῦ
694 2665 879 2727 Θεοῦ.»
917 2667 944 2718 ὃ
973 2682 1032 2717 τε
1061 2663 1251 2734 νόμος,
1285 2661 1345 2714 τό
1377 2679 1434 2714 τε
1457 2660 1781 2728 Εὑαγγέλιον
1803 2677 1814 2688 ·

255 2757 356 2809 καὶ
395 2755 454 2808 ὃν
483 2753 734 2826 ἐγέννησε
773 2755 932 2822 φόὸον
973 2755 1001 2805 ό
1041 2753 1222 2823 νόμος,
1257 2751 1501 2821 ἐλεήμων
1533 2749 1642 2820 (75)
1671 2745 1822 2812 οὗτος

255 2852 340 2911 είς
373 2847 660 2920 σωτηρίαν.
703 2865 720 2898 ι
755 2845 1137 2916 Ἐλεημοσύναι
1189 2845 1244 2896 δὲ
1290 2842 1420 2912 (74),
1455 2843 1547 2893 καὶ
1593 2839 1821 2904 πίστεις,

257 2941 358 2994 καὶ
405 2939 648 3009 ἀλήθεια,
684 2939 756 3010 μὴ
795 2936 1162 2990 ἐκλιπέτωσὰν
1206 2951 1290 2987 σε·
1328 2933 1534 3002 ἅφαψαι
1567 2931 1624 2985 δὲ
1655 2931 1823 2994 αὐτὰς

259 3029 394 3099 περὶ
431 3027 508 3100 σῷ
536 3028 803 3100 τραχήλῳ.
837 3047 854 3078 ι
900 3027 1130 3096 Ὁμοίως
1157 3017 1226 3079 ’δὲ
1266 3025 1346 3094 τῷ
1391 3023 1586 3094 Παύλῳ
1629 3024 1662 3093 ἡ
1693 3039 1826 3094 προ-

259 3121 462 3191 φητεία
489 3119 599 3190 (75)
631 3118 874 3183 ὀνειδίζει
906 3117 995 3170 τὸν
1027 3117 1180 3182 λαὸν,
1215 3116 1288 3179 ὡς
1332 3116 1406 3186 μὴ
1461 3113 1706 3168 συνιέντα
1733 3113 1822 3166 τὸν

1915 1940 2142 2008 gistrum
2190 1937 2512 1998 infantium,
2557 1937 2840 1990 habentem
2873 1936 3102 1990 formam
3145 1937 3386 1992 scientiae
3425 1947 3480 1994 et

1916 2031 2158 2084 veritatis
2203 2030 2254 2082 in
2295 2031 2406 2098 lege
2435 2029 2484 2082 ιι.
2521 2047 2542 2080 ι
2579 2027 2704 2082 ΠιΡο
2751 2029 2896 2082 enim
2943 2043 3100 2096 posse
3146 2029 3350 2098 legem,
3397 2037 3482 2084 est

1915 2133 2067 2176 extra
2095 2121 2555 2186 controversiam;
2595 2119 2806 2174 etiamsi
2838 2119 2894 2182 ii,
2927 2120 3018 2188 qui
3055 2119 3220 2173 vitam
3259 2135 3326 2174 ex
3365 2120 3482 2188 lege

1917 2227 2024 2266 ιιυιι
2070 2211 2391 2276 instituunt,
2439 2225 2496 2264 se
2535 2218 2790 2278 tanquam
2831 2211 2886 2263 in
2915 2210 3028 2278 lege
3067 2211 3364 2277 glorientur
3403 2211 3482 2264 vi-

1919 2317 2062 2356 vere.
2104 2319 2122 2352 ι
2161 2299 2356 2356 Beatus
2389 2311 2471 2356 est
2505 2309 2686 2354 autem
2723 2303 2836 2366 vir,
2887 2302 2978 2370 qui
3021 2303 3226 2356 invenit
3267 2303 3482 2373 sapien-
3559 2359 3570 2370 ,

1918 2393 2082 2446 tiam:
2107 2400 2160 2446 οι
2191 2391 2456 2450 mortalis.
2481 2391 2572 2460 qui
2602 2391 2734 2444 vidit
2763 2391 3120 2459 prudentiam.
3158 2391 3232 2446 Ex
3265 2407 3358 2446 ore
3391 2409 3486 2447 au-

1922 2491 2024 2536 tem
2057 2482 2248 2550 ipsius,
2285 2501 2303 2533 ›
2333 2481 2610 2550 sapientia:
2641 2481 2867 2546 scilicet,
2907 2499 2924 2532 ι
2957 2481 3168 2550 justitia
3191 2484 3482 2550 egreditur.

1920 2573 2088 2642 legem
2133 2581 2313 2626 autem
2355 2581 2408 2626 et
2445 2571 2870 2626 misericordiam
2915 2571 3018 2626 fert
3061 2575 3112 2626 in
3160 2573 3342 2644 lingua
3375 2584 3422 2628 ο.
3457 2593 3480 2627 ι

1922 2661 2212 2714 Suutenim
2245 2661 2406 2716 unius
2425 2659 2635 2714 Domini
2671 2680 2688 2711 ι
2715 2662 2980 2726 operatio,
3009 2661 3100 2730 qui
3127 2669 3212 2718 est
3253 2663 3344 2718 Dei
3371 2664 3482 2717 vir-

1923 2762 2010 2808 tus
2039 2763 2093 2806 et
2124 2753 2384 2822 sapientia
2421 2752 2446 2790 ἀ
2475 2794 2490 2818 ,
2546 2771 2564 2804 ι
2603 2753 2688 2806 lex
2731 2762 2784 2806 et
2815 2752 3162 2822 Evangelium
3189 2773 3202 2808 :
3235 2766 3288 2810 et
3320 2771 3482 2825 quem

1921 2845 2170 2898 timorem
2205 2845 2388 2914 genuit
2429 2845 2534 2910 lex,
2583 2845 2630 2899 is
2669 2853 2750 2900 est
2780 2847 3090 2900 misericors
3121 2845 3188 2900 ad
3233 2847 3482 2902 salutem.

1929 2955 1946 2987 ι
1980 2936 2346 3008 Elcemosyna:
2375 2947 2575 3002 autem,
2609 2937 2760 3002 lides,
2797 2949 2848 2992 et
2885 2938 3085 2994 veritas
3132 2953 3198 2992 ne
3241 2948 3294 2992 te
3331 2941 3486 2994 dese-

1921 3039 2063 3094 rant,
2097 3031 2254 3098 alliga
2285 3039 2461 3084 autem
2491 3046 2584 3084 eas
2611 3032 2752 3084 collo
2776 3041 2869 3084 tuo
2894 3043 2939 3086 ο.
2973 3050 2990 3082 ι
3025 3031 3282 3086 Similiter
3306 3047 3482 3088 ιιιιιειιιι

1922 3135 1985 3176 ac
2009 3119 2228 3184 Paulus,
2255 3121 2830 3192 prophetiaexprobrat
2862 3125 3081 3192 populo,
3120 3127 3266 3194 quod
3311 3126 3482 3194 legem

255 3213 460 3283 νόμον·
513 3211 873 3280 «Σύντριμμα
910 3209 1002 3262 καὶ
1047 3205 1388 3280 ταλαιπωρία
1433 3209 1489 3260 ὲν
1526 3208 1644 3270 ταῖς
1689 3204 1819 3268 ὁδοῖς

1929 3229 2032 3268 non
2082 3213 2374 3284 intelligat:
2403 3229 2424 3264 ι
2456 3213 2723 3270 Contritio
2758 3225 2811 3270 et
2835 3215 3053 3271 alllictio
3103 3217 3156 3270 in
3207 3217 3306 3272 viis
3341 3218 3488 3286 ipso-

255 3303 464 3367 αὐτῶν,
515 3304 604 3356 καὶ
649 3301 764 3355 ὁδὸν
814 3301 1032 3372 εἰρήνης
1086 3299 1184 3352 οὐκ
1236 3299 1509 3367 ἔγνωσανο
1561 3297 1662 3350 οὐκ
1705 3295 1820 3348 ἐστι

255 3395 427 3466 φόϐος
474 3395 606 3448 Θεοῦ
665 3393 922 3447 ἀπέναντι
968 3391 1074 3444 τῶν
1123 3389 1410 3461 ὀφθαλμῶν
1465 3388 1658 3442 αὐτῶν.
1714 3389 1822 3442 Φά-

261 3505 486 3552 σκοντες
524 3483 659 3538 εἶναι
689 3485 862 3554 σοφοὶ,
902 3482 1314 3555 ἐμωράνθησαν.
1379 3481 1608 3550 Οἴδαμεν
1643 3479 1700 3533 δὲ
1736 3481 1818 3533 ὅτι

259 3576 428 3640 καλὸς
465 3578 492 3628 ὁ
513 3575 694 3644 νόμος.
721 3575 814 3628 ὲάν
841 3589 924 3637 τις
950 3571 1095 3641 αὐτῷ
1123 3573 1366 3642 νομίμως
1393 3571 1662 3642 χρήσηται
1683 3569 1816 3640 (76)*

258 3669 310 3722 οἱ
337 3667 394 3720 δὲ
424 3665 664 3729 θέλοντες
702 3662 835 3718 εἶναι
867 3663 1299 3732 νομοδιδάσκαλοι
1347 3663 1408 3713 ού
1434 3659 1609 3714 νοοῦσι
1637 3659 1770 3722 (77),
1795 3679 1814 3713 ι

259 3759 428 3827 φησὶν
459 3758 486 3809 ὁ
510 3757 841 3820 Ἀπόστολος,
863 3773 882 3805 ι
910 3755 1032 3808 οὕτε
1049 3755 1364 3824 ἀλέγουσιν,
1379 3751 1500 3806 οὔτε
1515 3769 1578 3805 πε
1589 3753 1640 3826 pi
1661 3752 1820 3805 τίνων

259 3845 728 3903 διαϐεϐαιοῦνταιο
781 3867 800 3899 ι
855 3848 926 3899 Τὸ
975 3847 1030 3900 δὲ
1089 3845 1236 3908 τέλος
1288 3845 1386 3914 τῆς
1447 3843 1820 3914 παραγγελίας

261 3941 454 4008 ἀγάπη
479 3941 543 3990 ὲκ
569 3937 810 4008 καθαρᾶς
833 3937 1076 4008 καρδίας,
1099 3939 1190 3989 καὶ
1217 3935 1568 4006 συνειδήσεως
1591 3935 1820 4004 ἀγαθῆς,

263 4031 362 4084 καὶ
382 4031 620 4092 πίστεως
647 4027 1022 4106 ἀνυποκρίτου.

1927 3321 2068 3368 rum,
2097 3314 2150 3358 et
2175 3306 2316 3360 viam
2349 3307 2498 3376 pacis
2537 3323 2646 3362 non
2677 3317 3046 3377 cognoverunt
3075 3307 3120 3364 τ.
3160 3307 3276 3362 Non
3311 3318 3396 3364 est
3419 3311 3487 3363 ti-

1925 3409 2045 3447 mor
2069 3394 2160 3448 Dei
2205 3405 2330 3450 ante
2376 3395 2564 3452 oculos
2613 3399 2852 3466 ipsorum
2905 3400 2950 3454 ε.
3001 3397 3248 3454 Dicentes
3282 3415 3340 3454 se
3367 3415 3488 3454 esse

1925 3485 2214 3552 sapientes,
2261 3487 2408 3540 stulti
2453 3487 2579 3541 facti
2612 3499 2736 3542 sunt
2767 3490 2818 3541 ιι.
2865 3487 3080 3543 Scimus
3113 3499 3313 3548 autem.
3341 3493 3486 3559 quod

1923 3573 2004 3625 lex
2047 3573 2184 3628 bona
2213 3575 2304 3638 sit,
2353 3577 2398 3630 si
2443 3578 2565 3644 quis
2595 3594 2656 3632 ea
2699 3578 2935 3648 legitime
2967 3589 3168 3634 utatur.
3204 3599 3222 3632 ι
3253 3579 3354 3646 Qui
3385 3597 3486 3634 an-

1925 3672 2028 3717 tem
2071 3682 2088 3714 ι
2131 3666 2318 3720 volunt
2365 3681 2484 3722 esse
2517 3667 2648 3737 legis
2675 3668 2944 3728 doctores.
2975 3683 3079 3722 non
3113 3669 3430 3738 intelligunt,
3461 3689 3482 3720 ι

1926 3754 2100 3822 inquit
2123 3758 2435 3824 Apostolus,
2475 3777 2494 3810 ‹
2539 3775 2636 3813 nec
2670 3775 2790 3828 qua:
2817 3761 3025 3824 dicunt,
3065 3777 3162 3816 nec
3200 3761 3264 3815 de
3289 3762 3488 3830 quibus

1928 3846 2212 3901 allirmant.
2259 3847 2408 3903 Finis
2457 3859 2636 3904 autem
2699 3853 2946 3921 przecepti
2997 3861 3082 3906 est
3132 3852 3367 3906 cltaritas
3419 3867 3482 3904 ex

1927 3939 2088 3992 corde
2111 3954 2266 4008 puro,
2285 3949 2336 3994 ct
2362 3941 2694 4026 conscientia
2711 3942 2869 4009 bona,
2905 3951 2952 3997 et
2983 3943 3084 3997 (ile
3117 3943 3362 3998 nonﬁcta
3387 3944 3428 3996 ί.
3461 3962 3478 3994 ι

1611 4137 1838 4195 CAPUT
1876 4136 2110 4194 XXVIII.

1335 4259 1740 4330 Quadripertita
1771 4259 1898 4329 legis
1935 4258 2184 4314 Mosaicre
2211 4261 2416 4316 divisio.

347 4381 414 4436 Ἦ
450 4381 548 4452 μὲν
575 4377 666 4432 οὖν
709 4379 846 4432 κατά
875 4379 1109 4431 Μωῦσέα
1140 4377 1419 4446 φιλοσοφία
1475 4375 1706 4448 τετραχῆ
1735 4375 1822 4427 τὲ-

266 4487 482 4542 μνεται,
519 4469 596 4532 εἷς
627 4487 684 4522 τε
715 4469 774 4521 τὸ
801 4469 1062 4538 ἱστορικὸν
1091 4468 1183 4520 καὶ
1215 4465 1278 4519 τὸ
1309 4466 1508 4536 κυρίως
1537 4465 1822 4536 λεγόμενον

1997 4377 2064 4428 At
2121 4374 2356 4428 Mosaica
2423 4374 2640 4445 quidem
2701 4374 3039 4444 pltilOSOphia
3099 4373 3491 4444 quadripartito

1927 4467 2204 4526 dividitur,
2247 4467 2302 4519 in
2335 4477 2538 4536 partem
2583 4467 2892 4522 historicum
2918 4475 3022 4530 ,'et
3059 4482 3176 4520 eam
3213 4481 3333 4535 quae
3365 4481 3490 4530 sne-

262 4559 642 4628 νομοθετικόν·
687 4559 827 4630 ἅπερ
863 4557 927 4612 ἂν
973 4560 1056 4628 εἴη
1100 4559 1196 4628 τῆς
1228 4557 1418 4628 ἠθικῆς
1447 4556 1819 4628 πραγματείας

1929 4559 2132 4614 cialiter
2160 4567 2380 4611 vocatur
2403 4557 2587 4626 legalis
2616 4575 2628 4610 :
2657 4573 2777 4626 qua:
2803 4559 2921 4612 dua:
2950 4557 3014 4611 ad
3047 4573 3258 4610 morum
3298 4555 3494 4610 doctri-

339 4705 399 4761 ἧς
437 4697 498 4752 Ρ,
530 4699 632 4752 424
653 4697 758 4752 ED.
789 4697 1076 4760 POTTER,
1101 4698 1202 4751 554
1225 4695 1330 4749 ΕΙ).
1365 4695 1585 4750 PARlS.
1629 4708 1652 4734 ιι
1681 4695 1697 4746 Ι
1728 4695 1816 4748 Pet

1929 4712 1969 4754 ι’,
2004 4695 2056 4750 8.
2133 4695 2159 4733 b
2183 4693 2336 4746 Rom.
2365 4709 2424 4756 ιι,
2452 4695 2537 4758 17,
2569 4694 2762 4758 18,19,
2784 4693 2874 4750 20.

257 4768 290 4810 ἀ
316 4769 330 4822 l
361 4769 644 4834 Cor.l,‘24,
705 4781 726 4806 ι’
749 4767 908 4822 Prov.
940 4783 1018 4830 Ill,
1042 4769 1094 4821 5.
1153 4767 1170 4804 ί
1201 4766 1300 4822 lsa.
1331 4783 1442 4829 ιιι,
1466 4766 1516 4831 7,
1543 4765 1608 4830 8;
1643 4764 1798 4819 Rom.

1946 4765 2030 4830 -16,
2061 4763 2146 4820 17.
2190 4768 2212 4806 ε
2239 4763 2380 4819 Psal.
2413 4781 2531 4828 xm,
2555 4765 2616 4830 5;
2639 4765 2793 4817 Rom.
2827 4780 2908 4826 ιιι,
2941 4763 3022 4817 l8.

267 4841 284 4879 ί
315 4842 336 4894 Ι
365 4837 510 4891 Tim.
537 4853 575 4902 ι,
605 4841 658 4900 8,
685 4838 734 4904 7,
761 4839 812 4892 5.

338 4951 450 5018 (69)
485 4954 552 5004 El
585 4953 668 5003 δέ.
707 4949 860 5005 Rom.
899 4969 956 5012 ιι,
1027 4951 1122 5011 ἴδε,
1181 4953 1314 5014 ride,
1351 4951 1542 5020 inquit
1586 4949 1830 5020 Sylburg.

265 5021 578 5090 Legendum
613 5021 708 5082 ἴδε,
749 5023 891 5090 quod
921 5037 1025 5074 non
1059 5021 1188 5074 vidit
1223 5019 1504 5089 interpres.
1531 5019 1836 5090 Lunata—4

265 5087 414 5164 μοὶ.
448 5087 778 5164 ἐπαναπαύῃ
809 5091 886 5162 τῷ
935 5091 1105 5162 νόμῳ,
1131 5101 1190 5144 ιιι
1215 5087 1378 5160 paulo
1409 5099 1530 5160 post
1572 5091 1670 5160 τῆς
1697 5089 1832 5160 ἀλη-

263 5161 439 5222 θείας.
467 5161 765 5226 5ῃιιυιιο.”
791 5185 802 5198 ι

340 5231 452 5298 (70)
493 5229 600 5284 Τοῦ
627 5229 791 5282 Θεοῦ.
836 5227 994 5284 Abest
1025 5245 1052 5281 ιι
1079 5229 1236 5282 Rom.

348 5297 462 5369 (71)
483 5299 666 5366 Ἀνήρ.
683 5299 843 5352 Prov.
870 5315 928 5352 ιιι
975 5299 1280 5368 generalius
1302 5297 1582 5368 ἄνθρωπος
1617 5299 1832 5354 habent.

271 5369 544 5424 Summa.

317 5385 544 5426 YLBURG—

347 5439 462 5509 (72)
518 5439 792 5508 Δύναμις.
856 5437 1094 5509 Respicit
1121 5436 1146 5509 l
1201 5435 1326 5492 Cor.
1353 5453 1391 5502 ι,
1438 5437 1554 5490 είς
1599 5437 1834 5508 Χριστὸν

269 5507 414 5580 Θεοῦ
445 5509 694 5580 δύναμιν,
725 5511 818 5562 καὶ
841 5507 974 5580 Θεοῦ
1009 5508 1216 5580 σοφίαν.

345 5579 460 5649 (75)
503 5575 814 5648 Ἐλεήμων.
871 5575 984 5632 Hoc
1025 5577 1284 5649 addit,_ut
1323 5577 1698 5649 haereticorum
1741 5593 1832 5632 ar-

270 5647 534 5718 gumento
565 5647 832 5712 occurrat,
859 5647 1167 5718 negantium
1198 5647 1364 5716 legem
1388 5663 1415 5718 a
1442 5647 1580 5702 bono
1610 5647 1720 5703 Deo
1745 5649 1836 5703 da-

267 5717 386 5773 tam
417 5717 612 5779 fuisse.
640 5733 705 5774 eo
737 5719 878 5787 quod
917 5717 1164 5787 timorem
1197 5732 1370 5787 prcus:
1401 5717 1687 5772 incuteret.

343 5788 458 5858 (τι)
503 5785 930 5860 Ἐλεημοονύναι
957 5785 1009 5840 δ.
1053 5785 1434 5860 Ἐλεημοσύναι
1480 5787 1570 5840 καὶ
1627 5787 1832 5852 πίστεις

2955 4705 2976 4732 ο
3005 4692 3160 4746 Prov.
3187 4709 3266 4754 ιιι,
3294 4691 3491 4754 13,-16.

3099 4765 3124 4803 ιι
3151 4763 3308 4816 Rom.
3337 4777 3373 4827 I,
3403 4763 3496 4814 ‘22:

1943 4951 2014 5020 μὴ
2044 4949 2438 5020 ὲκλειπέτωσάν
2469 4966 2548 5014 σε,
2581 4949 2860 5016 Proverb.,
2897 4949 2986 5002 ubi
3019 4965 3142 5004 mox
3177 4947 3270 5002 ἐπὶ
3305 4946 3381 5018 σῷ
3409 4963 3493 5019 τρ.

1941 5019 2192 5092 prorss?!
2227 5019 2302 5089 σῷ
2334 5036 2419 5089 τρ.
2458 5089 2465 5092 Α
2595 5089 2604 5092 _
2642 5089 2655 5092 _
2714 5091 2759 5092 η
2969 5089 2981 5092 Α
3007 5049 3018 5059 -

2011 5087 2524 5160 (75)’Προςεη’τεία.
2578 5089 2658 5160 Ad
2711 5091 2793 5151 id,
2841 5089 2983 5158 quod
3012 5089 3260 5160 dixerat.
3297 5087 3494 5142 conﬁr-

1940 5161 2196 5214 mandum
2217 5199 2232 5222 ,
2269 5161 2473 5214 scilicet
2499 5159 2642 5228 quod
2691 5161 2770 5212 lex
2809 5161 2946 5212 bona
2977 5159 3066 5222 sit,
3095 5171 3147 5212 et
3179 5159 3496 5228 charitatem

1979 5230 2274 5299 rat-ceperit,
2311 5226 2530 5298 perinde
2563 5245 2624 5282 ac
2649 5229 3020 5298 Evangelium,
3051 5228 3300 5296 quamvis
3327 5226 3498 5299 Judaei

1979 5247 2274 5299 rat-ceperit,
2311 5247 2530 5298 pel'mue
2563 5247 2624 5282 ac
2649 5247 3020 5298 nvaugenum,
3051 5247 3300 5296 quantus
3327 5247 3496 5282 June:

1937 5247 2044 5354 iioc
2081 5316 2185 5354 non
2219 5301 2354 5354 satis
2382 5299 2763 5364 intellexerint,
2793 5299 3038 5366 quaedam
3081 5299 3363 5366 utriusque
3389 5295 3496 5348 Te-

1939 5371 2190 5424 stamenti
2241 5370 2357 5423 loca
2399 5369 2636 5434 adducit,
2681 5369 2734 5422 in
2764 5369 2962 5438 quibus
2991 5367 3301 5422 Judaeorutn
3345 5367 3495 5436 igno-

1937 5440 2112 5493 rantia
2145 5441 2470 5506 reprehensa
2501 5449 2602 5492 est.

2007 5509 2116 5580 (76)
2163 5501 2492 5580 Χρήσηται.
2531 5508 2741 5580 Χρῆται
2787 5507 2930 5575 apud
2955 5506 3202 5562 Paulum.
3251 5503 3396 5569 Mox,
3445 5501 3496 5556 οί

1935 5577 2011 5642 δέ,
2037 5579 2330 5631 Clementis
2369 5577 2791 5632 additamentum
2819 5589 2923 5633 est.

2004 5639 2116 5716 (77)
2134 5650 2237 5718 κούκ
2255 5645 2486 5702 νοοῦσι.
2517 5648 2606 5718 Μὴ
2635 5647 2878 5718 νοοῦντες
2906 5647 3044 5718 apud
3068 5645 3316 5699 Paulum.
3341 5639 3495 5718 Dein,

1936 5709 2070 5788 μήτε
2097 5709 2156 5770 ’ἃ
2184 5717 2416 5784 λέγουσι,
2471 5709 2606 5788 μήτε
2659 5735 2717 5771 π.
2751 5709 2871 5773 Mor
2897 5758 2912 5786 ,
2939 5709 3067 5786 ’τῆς
3129 5709 3498 5785 παραγγελίας

1935 5788 2078 5840 ἐστὶν
2113 5787 2320 5858 ἀγάπη.
2350 5785 2479 5840 Ibid.
