3938 6324
219 361 324 416 969

1511 349 1942 408 STROMATUM
1993 347 2118 402 LIB.
2161 346 2226 400 ll.

3379 337 3486 393 970

217 503 367 572 μίαν
403 499 471 555 δέ
515 501 612 555 καὶ
665 499 937 554 παιδείαν
999 495 1236 562 ἀσεϐεῖς
1277 492 1754 562 ἑξουθενήσουσι
1781 535 1796 558 ,

1919 469 2238 540 Sapientiam
2290 475 2446 522 vocat
2499 463 2839 520 ell‘ectionem
2867 507 2880 530 ,
2911 479 3032 535 quae
3063 473 3146 520 est
3179 465 3346 519 timor
3383 463 3488 516 Du—

215 594 364 663 λέγει
396 596 430 666 ἡ
483 591 694 665 Γραφή.
727 585 862 644 Τίνα.
897 589 953 642 δὲ
1011 587 1080 642 τά
1139 587 1346 660 φοϐερά
1389 589 1418 640 6
1465 585 1631 658 νόμος
1676 605 1810 642 κατ-

216 685 489 756 αγγέλλει,
551 679 971 754 θεασώμεθα.Εί
1009 683 1108 753 μὲν
1137 681 1206 735 τά
1241 680 1445 752 μεταξὺ
1479 679 1682 754 ἀρετῆς
1709 680 1806 733 καὶ

216 777 454 844 κακίας,
507 771 616 830 οἷον
664 773 876 836 πενίαν,
923 773 1018 828 καὶ
1061 769 1236 835 νόσον,
1282 771 1375 824 καὶ
1426 769 1662 836 ἀδοξίαν,
1712 773 1807 825 καὶ

215 861 555 939 δυσγένειαν,
587 867 682 922 καὶ
710 869 807 921 ὃσα
842 865 1199 938 παραπλήσια
1223 882 1235 894 ·
1273 862 1445 917 ταῦτα
1495 853 1593 935 μὲν
1627 863 1720 917 καὶ
1756 864 1807 916 οἱ

215 960 360 1014 κατά
403 955 560 1012 πόλιν
607 959 764 1030 νόμοι
817 949 1228 1029 προτείνοντες,
1279 951 1662 1009 ἐπαινοῦνται·
1716 953 1809 1007 καὶ

213 1054 333 1115 τοῖς
371 1051 438 1104 ὲκ
467 1051 779 1120 Περιπάτου
824 1047 951 1120 τρία
991 1047 1123 1117 γένη
1156 1045 1263 1100 τῶν
1303 1044 1521 1114 ἀγαθῶν
1556 1045 1801 1114 εἰσηγου-

217 1144 438 1214 μένοις,
485 1143 578 1197 καὶ
625 1141 694 1195 τὰ
742 1141 948 1194 τούτων
997 1138 1216 1194 ὲναντία
1259 1137 1630 1208 λογιζομένοις
1673 1133 1808 1190 εἶναι

213 1237 388 1303 κακὰ,
423 1237 676 1310 ἁρμόνιος
703 1235 796 1307 ἥδε
849 1236 884 1305 ἡ
909 1234 1036 1299 δόξα
1057 1251 1070 1263 ·
1121 1236 1255 1304 ἡμῖν
1286 1235 1343 1288 δὲ
1387 1233 1416 1285 ὀ
1441 1229 1616 1294 δοθεὶς
1645 1229 1810 1299 νόμος

212 1332 286 1385 τὰ
319 1329 397 1402 τῷ
427 1330 542 1384 όντι
571 1328 718 1382 κακά
763 1326 1095 1396 ἀποφεύγειν
1137 1326 1468 1398 προστάττει
1487 1365 1502 1389 ,
1542 1323 1806 1395 μοιχείαν,

211 1425 530 1495 ἀσέλγειαν,
589 1421 1003 1494 παιδεραστίαν.
1063 1420 1308 1490 ἄγνοιαν,
1362 1419 1598 1484 ἀδικίαν,
1656 1418 1808 1471 νόσον

211 1521 437 1592 ψυχῆς,
477 1518 738 1572 θάνατον·
784 1516 844 1570 οὐ
879 1515 968 1568 τὸν
1012 1513 1297 1568 διαλύοντα
1337 1511 1513 1584 ψυχὴν
1545 1510 1654 1565 ἀπὸ
1702 1507 1808 1562 σώ-

215 1627 430 1684 ματος,
477 1613 614 1667 ἁλλά
659 1611 750 1666 τὸν
791 1609 1078 1664 διαλύοντα
1125 1607 1302 1678 ψυχὴν
1351 1606 1458 1660 ἀπὸ
1515 1602 1804 1676 ἀληθείας·

211 1705 390 1760 δειναὶ
437 1705 546 1777 γὰρ
579 1705 673 1758 καὶ
703 1702 933 1774 φοϐεραὶ
973 1693 1050 1773 τῷ
1095 1701 1209 1754 ὄντι
1254 1699 1442 1752 κακίαι
1489 1691 1680 1762 αὗται,
1717 1695 1808 1748 καὶ

211 1799 270 1851 αἱ
303 1794 414 1849 ἀπὸ
428 1793 632 1848 τούτων
665 1793 952 1865 ἐνέργειαι.
987 1793 1068 1846 Οὐ
1091 1789 1220 1861 μὴν
1244 1789 1352 1861 (44)
1381 1783 1599 1854 ἀδίκως
1631 1786 1810 1872 ἑκτεί-
1841 1827 1881 1882 Β

211 1891 433 1942 ι·εσθαι
483 1885 698 1940 δίκτυα
749 1882 1099 1952 πτερωτοῖς,
1153 1882 1402 1950 λέγουσιν
1460 1881 1508 1932 οἱ
1565 1867 1801 1950 χρησμοὶ

209 1981 262 2032 οἱ
295 1979 462 2033 θεῖοι·
501 1977 670 2033 αὐτοὶ
702 1975 810 2048 γὰρ
835 1963 1097 2046 αἱμάτων
1141 1973 1532 2044 μετέχοντες,
1578 1976 1805 2040 θησαυ-

209 2071 489 2138 ρίζουσιν
530 2068 766 2135 ἑαυτοῖς
807 2067 980 2123 κακά.
1025 2066 1151 2130 Πῶς
1189 2061 1281 2120 οῦν
1334 2063 1416 2118 ἔτι
1453 2065 1553 2118 οὐκ
1602 2063 1804 2133 ἀγαθὸς

208 2165 241 2220 ὁ
271 2164 440 2234 νόμος
483 2163 620 2235 πρός
659 2179 818 2215 τινων
863 2161 1124 2232 αἱρέσεων
1156 2158 1391 2227 λέγεται,
1423 2155 1804 2228 ἐπιϐοωμένων

209 2257 314 2311 τὸν
349 2255 667 2308 Ἀπόστολον
696 2253 945 2322 λέγοντα,
971 2250 1075 2304 Διά
1104 2249 1216 2320 γὰρ
1237 2251 1429 2318 νόμον
1452 2246 1672 2318 γνῶσις
1695 2245 1804 2317 (45)

209 2351 547 2421 ἁμαρτιάς;
581 2348 724 2420 Πρὸς
771 2346 866 2411 οῦς
916 2361 1096 2416 φαμεν
1122 2360 1137 2374 ·
1181 2344 1242 2397 Ὀ
1278 2343 1440 2413 νόμος
1477 2341 1575 2394 οὐκ
1622 2340 1807 2410 ἐποίη-

211 2459 337 2506 σεν,
395 2440 510 2494 ἀλλ’
567 2437 770 2503 ἔδειξεν
823 2437 922 2510 τὴν
965 2435 1260 2508 ἁμαρτίαν.
1317 2433 1637 2506 Προστάξας
1698 2432 1806 2504 γὰρ

208 2533 252 2588 ἃ
281 2531 556 2604 ποιητέον,
584 2527 775 2602 ἦλεγξε
805 2529 874 2582 τὰ
901 2530 974 2600 μὴ
1006 2525 1257 2598 ποιητέα.
1275 2525 1504 2594 Ἀγαθοῦ
1537 2525 1593 2578 δὲ
1619 2523 1679 2578 τὸ
1710 2523 1806 2594 μὲν

212 2628 494 2696 σωτήριον
547 2621 854 2689 ἐκδιδάξαι,
917 2621 978 2674 τδ
1032 2619 1087 2673 δὲ
1135 2619 1460 2690 δηλητήριον
1513 2615 1803 2680 ἐπιδεῖξαι·

213 2718 324 2773 καὶ
353 2716 432 2788 τῷ
464 2717 562 2788 μὲν
595 2715 830 2786 χρῆσθαι
863 2711 1284 2784 συμϐουλεῦσαι,
1316 2710 1376 2763 τὸ
1417 2707 1473 2763 δὲ
1508 2712 1808 2780 ἀποφυγεῖν

215 2809 503 2866 κελεῦσαι.
562 2807 772 2861 Αὐτίκα
823 2809 852 2860 6
909 2804 1265 2868 Ἀπόστολος,
1325 2801 1383 2855 ὃν
1436 2801 1497 2854 ού
1556 2803 1807 2864 συνιεῖσι,

215 2904 429 2974 γνῶσιν
475 2897 630 2958 εἶπεν
672 2899 948 2971 ἁμαρτίας
996 2897 1084 2951 διὰ
1134 2896 1300 2966 νόμου
1362 2894 1808 2968 πεφανερῶσθαι,

215 2994 346 3063 οὐχὶ
377 2992 676 3045 ὑπόστασιν
709 2987 1006 3060 εἰληφέναι.
1045 2985 1168 3049 Πῶς
1195 2985 1238 3038 δ’
1261 2983 1359 3038 οὐκ
1393 2983 1598 3053 ἀγαθὸς
1629 2987 1658 3038 ό
1687 3002 1814 3038 παι-

213 3085 398 3138 δεύων
426 3083 589 3154 νόμος
609 3125 624 3147 ,
659 3084 691 3135 ό
717 3076 1087 3148 παιδαγωγὸς
1114 3079 1201 3144 είς
1223 3075 1484 3146 Χριστὸν
1502 3075 1695 3142 δοθεὶς,
1725 3077 1813 3130 ἴνα

215 3175 292 3248 δὴ
319 3174 762 3246 ἐπιστρέψωμεν,
800 3172 888 3226 διὰ
932 3169 1096 3242 φόϐου
1142 3167 1505 3232 παιδευτικῶς
1549 3167 1814 3223 κατευθυρ
1845 3192 1888 3249 c

215 3265 444 3336 νόμενοι
467 3306 482 3330 ,
514 3262 652 3337 πρὸς
685 3262 781 3333 τὴν
814 3261 903 3314 διά
927 3258 1163 3334 Χριστοῦ
1198 3258 1506 3326 τελείωσιν;
1550 3263 1633 3314 Οὐ
1665 3261 1817 3326 βού-

213 3362 410 3428 ⁸«τομαι
441 3355 575 3428 (46),
610 3355 797 3426 φησὶν,
839 3354 948 3408 τὸν
983 3352 1245 3410 θάνατον
1287 3353 1397 3407 τοῦ
1443 3353 1816 3424 ἀμαρτωλοῦ,

215 3451 308 3516 ὡς
362 3448 477 3516 τὴν
528 3443 854 3516 μετάνοιαν
899 3442 1107 3498 αὑτοῦ.
1167 3443 1480 3498 Μετάνοιαν
1533 3443 1589 3496 δὲ
1636 3444 1824 3516 ἐντολὴ

215 3543 408 3604 ποιεῖ,
452 3539 756 3611 κωλυτικὴν
794 3539 893 3610 μὲν
930 3536 1039 3590 τῶν
1087 3536 1161 3608 μὴ
1219 3535 1507 3607 ποιητέων,
1551 3536 1822 3605 ἐπαγγελ-

217 3635 395 3704 τικὴν
439 3632 499 3686 δὲ
539 3631 648 3685 τῶν
684 3631 796 3700 (47)
830 3628 1176 3702 εὐεργεσιῶν.
1227 3627 1494 3681 Θάνατον
1523 3626 1602 3689 δὲ,
1634 3622 1817 3698 οἶμαι,

219 3724 328 3796 τὴν
359 3725 582 3792 ἄγνοιαν
623 3722 796 3790 λέγει.
837 3721 948 3775 Καὶ
982 3723 1014 3774 ό
1039 3718 1220 3790 ἐγγὺς
1252 3719 1359 3788 (48)
1387 3720 1630 3788 Κυρίου,
1665 3719 1820 3786 παι-ἠδ

215 3837 344 3889 ρης
371 3818 712 3888 μαστίγων·
757 3817 786 3868 ό
821 3812 1155 3884 συνεγγίζων
1196 3811 1435 3883 δηλονότι
1483 3815 1549 3884 τῇ
1587 3813 1814 3882 γνώσει,

223 3909 518 3968 κινδύνων,
570 3907 771 3977 φόϐων,
831 3905 1016 3972 ἀνιῶν,
1078 3904 1332 3975 θλίψεων,
1383 3904 1471 3958 διὰ
1517 3905 1607 3960 τὸν
1654 3907 1816 3961 πόθον

219 3999 332 4070 τῆς
375 3997 630 4069 ἀληθείας
672 3995 962 4050 ἀπολαύει·
1010 3995 1141 4061 Υἱὸς
1187 3996 1294 4067 γὰρ
1347 3995 1817 4065 πεπαιδευμένος

223 4091 428 4162 σορὸς
461 4091 680 4158 ἀπέϐη·
735 4091 830 4144 καί
873 4089 1128 4155 διεσώθη
1175 4089 1294 4143 ἀπὸ
1337 4091 1640 4160 καύματος
1687 4091 1817 4158 υἱὸς

223 4184 495 4252 νοήμων.
555 4183 686 4250 Υἱὸς
729 4181 798 4236 δὲ
833 4181 1073 4250 νοήμων
1117 4179 1350 4246 δέξεται
1397 4182 1669 4250 ἐντολάς.
1706 4183 1816 4236 Καὶ

227 4275 522 4348 Βαρνάϐας
551 4278 580 4329 6
622 4274 958 4339 Ἀπόστολος,
1001 4273 1146 4327 Οὐαὶ
1178 4273 1286 4344 (49)
1321 4277 1372 4328 οἱ
1403 4274 1646 4327 συνετοί
1679 4274 1816 4342 παρ’

227 4365 472 4430 ἑαυτοῖς
519 4366 614 4418 καί
647 4361 905 4418 ἐνώπιον
937 4362 1136 4416 αὐτῶν
1163 4361 1594 4432 ἐπιστήμονες,
1645 4375 1816 4436 προσ-

227 4461 406 4526 τάξας
453 4458 597 4530 (50),
669 4458 914 4528 ἐπήγαγε
939 4471 951 4485 ·
1015 4457 1410 4532 Πνευματικοὶ
1479 4457 1811 4528 γενώμεθα,

1912 563 2067 628 mini,
2099 561 2374 616 deducens
2417 559 2486 614 ad
2529 558 2879 628 sapientiam.
2913 559 2968 614 Si
2991 571 3173 614 autem
3203 559 3288 614 lex
3333 557 3489 612 εὕει-ι

1913 657 2189 720 timorem,
2257 654 2588 723 principium
2651 653 2932 722 sapientiae
2969 660 3052 706 est
3105 651 3240 722 legis
3302 650 3491 721 cogni-

1911 747 2009 812 tio,
2037 754 2088 801 et
2115 761 2222 800 non
2252 755 2336 800 est
2365 746 2584 816 sapiens
2617 745 2828 814 absque
2875 745 3010 816 lege.
3049 746 3372 816 lnsipientes
3401 760 3484 800 er-

1913 852 1980 908 go
2029 845 2176 901 sunt,
2210 837 2302 906 qui
2335 837 2504 907 legem
2547 843 2806 890 recusant
2846 855 2858 890 :
2887 836 2976 891 cui
3009 845 3092 891 est
3116 852 3488 907 consequens,

1914 939 1971 983 ut
1995 929 2100 1000 ipsi
2127 937 2449 997 reputentur
2479 927 2652 993 ἄθεοι,
2689 945 2784 984 seu
2825 929 2996 1000 impii.
3035 927 3332 1000 Disciplina
3386 946 3490 986 au-

1911 1029 2022 1075 tem
2055 1031 2138 1076 est
2161 1021 2492 1091 principium
2533 1021 2831 1090 sapientiae.
2874 1019 3202 1092 Sapientiam
3237 1033 3412 1077 autem
3441 1032 3492 1078 et

1911 1115 2249 1185 disciplinam
2306 1115 2457 1183 impii
2511 1113 2666 1168 nihili
2703 1114 2948 1183 pendent,
2984 1115 3061 1168 ait
3107 1113 3410 1184 Scriptura
3439 1126 3489 1170 α.

1914 1207 2211 1262 Videamus
2245 1217 2448 1272 autem,
2473 1221 2724 1276 quaenam
2751 1221 2872 1263 esse
2899 1207 3140 1262 timenda
3168 1207 3252 1262 lex
3279 1223 3494 1262 annun-

1909 1298 2027 1352 tiet.
2066 1298 2123 1352 Si
2152 1314 2216 1353 ea
2244 1298 2498 1368 quidem,
2526 1314 2646 1366 quae
2681 1307 2809 1353 sunt
2835 1298 3012 1354 media
3049 1300 3192 1354 inter
3235 1298 3484 1356 virtutetl

1913 1399 1974 1457 ὦ
2011 1403 2065 1450 et
2093 1393 2307 1461 vitium,
2352 1401 2411 1448 ut
2443 1402 2838 1463 paupertatem,
2868 1401 2924 1448 et
2953 1393 3228 1458 morbum,
3260 1401 3314 1448 et
3343 1393 3492 1464 igno-

1911 1487 2156 1553 miniam,
2196 1495 2252 1541 et
2279 1487 2673 1557 ignobilitatem
2693 1527 2708 1550 ,
2738 1495 2792 1540 et
2822 1501 2943 1555 qum
2979 1492 3109 1540 sunt
3131 1485 3219 1540 bis
3253 1479 3489 1553 similia;

1911 1579 2026 1634 haec
2053 1579 2273 1649 quidem
2313 1579 2583 1648 pleneque
2619 1579 2902 1634 civitatum
2939 1579 3085 1648 leges
3121 1585 3490 1651 proponentcs

1909 1672 2232 1740 laudantur;
2273 1681 2326 1728 et
2370 1673 2764 1743 Peripateticis,
2806 1673 2898 1743 qui
2934 1675 3036 1728 tria
3079 1675 3350 1729 bonorum
3397 1693 3491 1747 go-

1909 1781 2040 1820 nera
2087 1766 2478 1832 introduwnt;
2536 1775 2590 1822 et
2628 1783 2817 1823 eorum
2854 1768 3130 1822 contraria
3177 1769 3321 1822 mala
3370 1785 3493 1824 esse

1911 1867 2183 1928 reputant,
2235 1875 2299 1914 ea
2359 1858 2659 1916 conformis
2709 1871 2794 1916 est
2822 1861 3027 1930 opinio.
3080 1859 3251 1918 Nobis
3309 1871 3490 1916 autem

1910 1951 2035 2006 data
2079 1952 2166 2006 lex
2210 1967 2306 2018 ea,
2352 1968 2473 2022 quae
2501 1969 2628 2008 vere
2671 1955 2816 2008 mala
2849 1962 3010 2021 sunt,
3056 1955 3214 2023 jubet
3267 1953 3487 2026 fugere,

1911 2044 2263 2110 adulterium,
2295 2045 2671 2114 petulantiam,
2701 2061 2996 2114 puerorum
3027 2059 3270 2102 amorem
3292 2087 3306 2112 ,
3339 2049 3493 2118 ignr-

1911 2138 2180 2204 rantiam,
2227 2137 2588 2207 injustitiam,
2639 2140 2890 2193 morbum
2935 2140 3172 2204 animm,
3219 2151 3488 2208 mortem;

1913 2245 2022 2284 non
2055 2245 2196 2295 eam,
2233 2247 2358 2302 quae
2395 2231 2556 2286 solvit
2581 2232 2821 2286 animam
2865 2245 2896 2286 a
2929 2247 3188 2302 corpore;
3229 2235 3322 2289 sed
3348 2251 3488 2298 eam,

1913 2339 2036 2394 qua:
2084 2325 2323 2379 animam
2374 2325 2626 2379 dissolvit
2662 2341 2692 2380 a
2723 2326 2968 2381 veritate.
3003 2324 3130 2383 Haec
3172 2339 3301 2383 sunt
3345 2329 3490 2383 enim

1912 2432 2040 2471 vere
2073 2417 2260 2488 gravia
2295 2429 2350 2472 et
2392 2417 2632 2472 timenda
2663 2417 2826 2487 vitia,
2866 2428 2922 2474 et
2959 2436 3081 2490 quae
3115 2436 3181 2475 ex
3219 2422 3300 2476 eis
3337 2425 3492 2492 proti-

1914 2509 2196 2564 ciscuntur
2228 2511 2596 2580 Operationes.
2621 2509 3110 2568 Verumenimvero
3142 2529 3244 2567 non
3292 2515 3490 2585 injuste

1915 2603 2156 2670 pennatis
2198 2603 2340 2656 tendi
2385 2604 2543 2668 retia,
2577 2603 2767 2658 dicunt
2819 2605 3002 2660 divina
3051 2621 3334 2676 responsa.
3383 2605 3496 2678 Ipsi

1915 2693 2052 2745 enim
2085 2693 2211 2746 dum
2245 2703 2367 2747 sunt
2404 2697 2722 2765 sanguinum
2747 2697 3054 2766 participes,
3095 2698 3240 2752 mala
3278 2699 3379 2754 sibi
3414 2718 3496 2755 re—

1918 2784 2150 2838 condunt
2179 2787 2229 2839 ι».
2275 2785 2565 2851 Quomodo
2619 2804 2748 2860 ergo
2791 2805 2832 2844 a.
2869 2791 3146 2846 nonnullis
3197 2791 3497 2848 haeresibus

1919 2878 2006 2931 lex
2033 2879 2213 2934 adhuc
2253 2881 2396 2934 mala
2439 2881 2661 2946 dicitur,
2690 2877 3119 2940 vociferantibus
3147 2885 3328 2940 dicere
3353 2887 3498 2956 Apo-

1919 2970 2153 3024 stolum:
2189 2972 2293 3026 Per
2314 2969 2476 3044 legem
2501 2971 2642 3027 enim
2678 2977 2908 3045 cognitio
2937 2978 3140 3046 peccati
3185 2979 3252 3032 οἳ
3284 2977 3497 3044 Quibus

1918 3061 2178 3118 dicimus:
2229 3053 2340 3120 Lex
2387 3063 2670 3136 peccatum
2719 3085 2828 3124 non
2877 3068 3042 3136 fecit,
3089 3071 3184 3126 sed
3236 3073 3493 3127 ostendit.

1919 3153 2056 3208 Cum
2085 3155 2228 3211 enim
2261 3172 2346 3224 ea,
2375 3175 2497 3230 quae
2523 3169 2650 3214 sunt
2700 3160 2965 3228 facienda,
3008 3163 3258 3234 jusserit,
3308 3181 3498 3236 repre-

1929 3247 2116 3301 hendit
2160 3264 2244 3315 ea,
2279 3267 2400 3320 qua:
2432 3269 2538 3308 non
2571 3253 2838 3309 facienda.
2891 3253 3027 3312 Boni
3057 3267 3238 3314 autem
3273 3265 3376 3327 est,
3419 3259 3498 3323 id,

1925 3339 2070 3409 quod
2121 3341 2359 3397 salutare
2399 3345 2618 3414 quidem
2669 3357 2771 3413 est,
2819 3347 3045 3416 docere;
3088 3353 3232 3422 quod
3279 3355 3500 3410 exitiale

1921 3439 2124 3496 autem,
2173 3435 2496 3492 ostendere:
2547 3449 2600 3493 et
2651 3440 2745 3496 illo
2789 3442 3008 3512 quidem
3063 3446 3140 3499 uti
3187 3449 3494 3514 consulere,

1919 3524 2024 3579 hoc
2051 3540 2179 3580 vero
2217 3526 2410 3596 jubere
2449 3528 2656 3600 fugere.
2691 3532 2810 3588 Jam
2842 3535 3156 3604 Apostolus,
3194 3554 3356 3609 quem
3389 3557 3498 3596 non

1919 3617 2268 3690 intelligunt,
2323 3621 2462 3678 dixit
2505 3629 2712 3695 peccati
2767 3631 3134 3701 cognitionem
3181 3647 3278 3702 per
3324 3633 3498 3704 legem

1917 3725 2036 3766 esse
2051 3712 2472 3784 manifestatam,
2489 3733 2596 3773 non
2614 3731 2796 3774 autem
2821 3722 3095 3792 accepisse
3111 3725 3498 3784 substantiam.

1918 3804 2208 3872 Quomodo
2242 3819 2424 3866 autem
2464 3829 2573 3870 non
2605 3823 2688 3870 est
2719 3815 2861 3870 bona
2911 3815 2998 3872 lex
3021 3819 3330 3888 castigans,
3378 3835 3502 3891 qua:

1918 3899 2042 3954 data
2072 3910 2156 3956 est
2179 3903 2494 3976 patdagogus
2521 3907 2590 3961 ad
2621 3907 2890 3962 Christum
2925 3909 2950 3949 ἀ
2973 3951 2988 3976 ,
3039 3919 3099 3966 ut
3142 3911 3272 3967 dum
3307 3927 3402 3982 per
3431 3913 3502 3966 ti-

1918 3996 2088 4051 moris
2119 3999 2532 4068 castigationem
2579 4002 2868 4072 dirigimur
2891 4044 2905 4068 ,
2943 4003 3012 4058 ad
3055 4020 3176 4059 eam
3200 4045 3214 4070 ,
3246 4021 3370 4070 qua:
3417 4015 3502 4060 est

1916 4103 2013 4158 per
2055 4087 2356 4159 Christum,
2402 4094 2790 4162 perfectionem
2842 4099 3262 4153 convertamur?
3315 4097 3456 4152 Noto
3483 4140 3498 4162 ,

1915 4181 2114 4251 inquit,
2155 4193 2375 4238 mortem
2411 4189 2724 4256 peccatoris,
2773 4189 2864 4243 sed
2905 4189 3018 4258 ejus
3051 4191 3412 4260 pwnitentiam
3453 4203 3496 4246 ⁸.

1916 4270 2300 4330 Paenitentiam
2328 4285 2509 4332 autem
2539 4279 2700 4334 eﬂieit
2724 4290 3078 4350 praeceptum,
3113 4282 3260 4351 quod
3284 4297 3346 4336 ea
3383 4285 3502 4352 qui-

1919 4365 2041 4420 dem
2075 4368 2363 4437 prohibet,
2399 4385 2522 4440 quae
2571 4387 2680 4428 non
2722 4385 2852 4428 sunt
2898 4373 3144 4430 facienda
3167 4416 3181 4438 ,
3218 4375 3498 4430 benefacta

1918 4465 2098 4514 autem
2139 4463 2384 4519 mandat.
2421 4465 2644 4520 Mortem
2677 4475 2858 4522 autem
2889 4507 2903 4530 ,
2951 4477 3011 4522 ut
3037 4469 3279 4524 arbitror
3303 4511 3318 4534 ,
3369 4470 3497 4525 dicit

225 4551 383 4618 ναὸς
419 4549 648 4616 τέλειος
689 4547 769 4614 τῷ
801 4545 946 4612 Θεῷ·
993 4546 1086 4615 ἐφ’
1124 4546 1275 4600 ὅσον
1308 4547 1484 4600 ἐστὶν
1519 4547 1613 4616 ἐφ’
1651 4548 1812 4617 ἡμῖν,

1925 4551 2308 4623 ignorantiam.
2357 4555 2426 4612 Et
2451 4560 2542 4629 qui
2569 4570 2645 4614 est
2671 4575 2827 4630 prope
2856 4560 3171 4630 Dominum,
3205 4572 3280 4617 est
3315 4563 3502 4634 plent:

307 4686 511 4772 Ρτιέγ
541 4684 648 4772 ει).
681 4679 977 4772 Ροττειι.
1010 4686 1637 4772 δτι-δῖε-ερίρλιιιε.
1670 4699 1694 4728 ι
1719 4689 1812 4745 Prc

1919 4709 1954 4762 I,
1989 4695 2041 4748 7.
2117 4695 2324 4765 lIlbid.,
2355 4699 2441 4768 l7,
2475 4700 2562 4755 18-.
2623 4712 2646 4741 ε
2684 4699 2846 4757 Rom.
2879 4719 2960 4768 ιιι,
2993 4703 3082 4758 εο.
3158 4702 3184 4742 ἀ
3208 4703 3386 4762 Galat.
3417 4721 3501 4772 ns,

233 4761 327 4814 24.
367 4769 390 4796 ο
429 4755 627 4813 Baebii.
657 4775 855 4826 χχχιιι,
895 4760 980 4816 il;
1015 4775 1168 4826 xvm,
1205 4760 1297 4824 “l5,
1329 4761 1417 4815 5‘2.

311 4914 428 4984 (Η)
463 4915 618 4987 Μὴν.
643 4915 757 4987 Γάρ
789 4914 1042 4987 Proverb.
1077 4914 1222 4980 Mox,
1243 4918 1292 4968 οἱ

230 4986 622 5058 ριόίαίμὰτων
660 4985 844 5058 μετέχ.
883 4985 1015 5040 Ibid.

311 5055 721 5126 (JSlI'r-éaic.
763 5055 1110 5125 ’E‘rtivvwatg,
1141 5055 1302 5111 Rom.
1333 5073 1416 5112 ιιι.

309 5126 427 5196 (46)
469 5131 550 5182 Οὐ
599 5129 916 5198 βούλομαι.
964 5127 1060 5199 Διά
1115 5129 1334 5199 μνήμης
1382 5131 1576 5186 recitat
1622 5130 1820 5188 Ezech.

229 5213 439 5262 xxxm,
475 5199 531 5264 2,
561 5200 646 5253 vel
671 5215 824 5260 xvm,
847 5199 940 5264 2'5,
975 5198 1064 5252 52.

309 5269 955 5340 μηκωλυτικὴνμὲν..
972 5309 984 5321 .
1007 5269 1442 5338 ἑπαγτελτικὴν
1471 5270 1540 5324 δὲ
1571 5289 1622 5325 τ.
1641 5272 1822 5328 Malim

233 5338 511 5416 κωλυτικῄ
545 5338 993 5416 ει-έπαγγελτική
1019 5349 1141 5416 .-ιιι
1187 5342 1269 5416 ha:
1312 5357 1472 5396 voces
1518 5344 1584 5396 ad
1632 5345 1820 5416 ἐντολὴ

233 5411 426 5480 relatae
473 5408 878 5478 intelligantur:
925 5408 1070 5480 quod
1099 5408 1673 5480 Latineexpressum
1714 5408 1816 5468 est:

237 5479 335 5572 Sic
349 5483 602 5570 Sppcrius
622 5483 808 5572 legem.
822 5479 1202 5572 deﬁniuitiyov
1224 5479 1402 5572 ὀρθὸν,
1426 5479 1827 5572 προστακτικὸν

241 5545 448 5622 μὲν-ὦν
479 5545 748 5626 ποιητέῶ,
785 5545 1211 5621 ἀπαγορευτικὸν
1252 5545 1310 5605 δὲ
1341 5545 1416 5606 ὧν
1439 5545 1498 5606 οὗ
1515 5625 1527 5626 7
1547 5555 1826 5626 ποιητέονε

1311 4917 1470 4985 φόνου
1505 4918 1824 4990 μετέχοντες

233 5635 441 5678 rectam
487 5625 746 5680 rationem
767 5663 781 5686 ,
812 5639 929 5694 qua:
965 5637 1026 5694 ea
1071 5637 1206 5694 (qua:
1239 5634 1440 5694 oportet
1493 5625 1612 5694 ﬁeri
1643 5625 1784 5690 iubet
1806 5643 1850 5680 :'

207 5709 359 5767 λειω
393 5707 572 5750 autem
605 5711 711 5748 non
738 5693 942 5764 opertet
972 5693 1108 5760 fieri,
1140 5693 1396 5762 prohibet.
1431 5695 1632 5751 Strom.
1677 5713 1728 5763 ι,
1765 5713 1818 5767 p.

239 5763 427 5909 352:8)
469 5837 576 5890 Καὶ
617 5841 649 5890 ό
681 5837 767 5906 ἐγ.
803 5833 1093 5904 Respicere
1117 5835 1328 5892 videtur
1360 5835 1544 5893 Juditlt
1575 5853 1694 5892 rm.
1727 5839 1815 5893 ‘27.

491 5951 756 6010 Ρηιιυι..
801 5951 918 6010 Gn.
971 5949 1132 6012 ΠΗ.

1920 4923 1980 4975 In
2011 4921 2101 4996 iis,
2121 4937 2250 4996 quae
2275 4932 2599 4996 sequuntur,
2631 4925 2742 4979 atdt‘
2760 4925 2984 4996 μνήμης
3011 4926 3203 4996 recitat
3237 4923 3518 4983 Proverb.

1919 5009 1976 5068 ξ.
2091 4993 2217 5068 Υίὸς
2251 4993 2677 5068 πεπαιδευμένος
2703 4993 3038 5068 σοφζιςξσται
3059 5017 3072 5051 :
3097 4994 3160 5050 γ.
3178 4997 3237 5051 5:
3261 4997 3505 5068 Aie-athe}:

1919 5064 2028 5117 ἀπὸ
2057 5064 2335 5135 καύματος
2370 5066 2482 5130 υίὸς
2526 5068 2761 5139 νοήμων.
2787 5065 2850 5121 ν.
2875 5065 2936 5121 8:
2972 5068 3140 5137 Σοφὺς
3177 5066 3376 5140 καρδίᾳ
3420 5064 3526 5122 δέέ.

1923 5133 2074 5199 ξεται
2103 5136 2344 5199 ἐντολάς.
3517 5137 3524 5144 ’

1955 5152 2074 5188 εται
2103 5152 2344 5200 εντοΛας.

1993 5205 2102 5277 (49)
2147 5209 2313 5264 Οὐαί.
2365 5205 2492 5264 Παξο
2525 5223 2554 5262 e
2585 5208 2773 5266 Graeco
2815 5209 2872 5264 S.
2919 5209 3178 5264 Barnaba:
3211 5217 3364 5265 textu
3405 5221 3528 5264 εσυ·

1918 5277 2201 5351 ciderunt,
2245 5279 2338 5334 sed
2374 5279 2515 5348 apud
2557 5289 2792 5351 veterem
2835 5281 2957 5348 ejus
3005 5281 3354 5351 interpretem
3401 5279 3508 5351 hoc

1919 5348 2083 5422 modo
2114 5357 2360 5422 exstant,
2389 5365 2508 5422 cap.
2541 5349 2572 5404 ι
2596 5349 2795 5422 abicit
2834 5353 2975 5405 enim
3003 5348 3316 5422 Scriptura:
3354 5371 3374 5402 ι
3417 5349 3508 5404 Va:

1927 5419 2060 5485 illis,
2089 5420 2195 5492 qui
2203 5421 2302 5474 sibi
2324 5420 2452 5474 solis
2481 5419 2802 5492 intelligunt,
2843 5431 2892 5476 et
2919 5423 3060 5488 apud
3087 5419 3140 5477 se
3161 5423 3302 5476 docti
3329 5422 3508 5476 videt:-

1932 5500 2036 5544 tur.
2092 5488 2110 5542 ι
2156 5488 2691 5564 ξὶηιιιεῄερίνίιαίεθῖ
2735 5494 2900 5546 simus
2949 5494 3197 5564 templum
3262 5505 3509 5564 consum-

1930 5571 2134 5615 matum
2167 5562 2304 5632 Deo:
2337 5562 2391 5614 in
2420 5572 2673 5632 quantum
2706 5573 2784 5618 est
2815 5565 2870 5616 in
2899 5562 3063 5624 nobis,
3101 5564 3414 5618 meditemur
3446 5563 3510 5615 ti-

1930 5648 2126 5694 morem
2161 5631 2277 5694 Dei,
2303 5643 2352 5686 et
2383 5631 2742 5688 custodiamus
2771 5635 3028 5689 mandata
3055 5635 3221 5689 illius.

2001 5691 2112 5772 (ὅθ)
2151 5691 2523 5778 Προστᾴξας.
2573 5701 2736 5760 Forte
2771 5707 2976 5762 rectius
3019 5704 3295 5778 προτάξας
3329 5743 3343 5768 ,
3387 5719 3509 5759 cum

1925 5775 2314 5844 prnaposuisset.
2350 5774 2505 5829 SvLa.

3111 5951 3182 6012 δι
