3938 6324
320 363 416 418 973

1591 357 2022 415 STROMATUM
2059 355 2190 412 LIB.
2223 355 2291 412 11.

3447 369 3484 415 9
3492 366 3548 416 ιΊ

322 485 385 534 'U
421 481 509 534 καὶ
553 477 780 552 προϊδὼν
812 476 1016 532 ἄνωθεν
1050 477 1078 530 ό
1117 475 1386 530 παιδεύων
1409 475 1600 544 Λόγος,
1629 475 1863 546 ἐκατέρῳ

1977 471 2196 545 Moysen
2243 471 2406 528 datus
2429 478 2514 528 est
2535 471 2620 540 iis,
2651 474 2744 543 qui
2777 489 2884 530 non
2915 475 3197 540 obedinnt,
3225 485 3280 530 et
3309 474 3399 547 qui
3423 487 3560 534 sunt

317 571 416 627 τῶν
462 571 672 642 τρόπων
727 569 1101 640 ἐκκαθαίρων,
1151 567 1367 630 οἰκείως
1423 567 1504 630 είς
1559 565 1871 618 θεοσέϐειαν

314 665 546 736 ἥρμοσεν
589 661 836 734 ὄργανον.
895 661 1050 714 Ἔστι
1111 661 1214 730 μὲν
1261 655 1354 711 οὖν
1397 659 1432 728 ἡ
1471 657 1566 728 μὲν
1613 655 1872 726 ἔκπληξις

315 753 471 825 φόϐος
504 754 564 806 ἐκ
591 753 887 822 φαντασίας
925 751 1246 824 ἀσυνήθους,
1279 750 1312 822 ἢ
1361 749 1446 801 ἐπ’
1483 747 1872 820 ἀπροσδοκήτῳ

315 847 594 918 φαντασίᾳ,
627 847 719 900 ἆτε
741 847 837 899 καὶ
881 843 1166 915 ἁγγελίαςλ
1199 843 1361 913 φόϐος
1387 841 1463 906 δέ,
1489 839 1566 904 ὡς
1605 841 1869 910 γεγονότι,

313 939 344 1008 ἢ
371 938 497 1002 ὃντι,
530 938 560 1008 ἦ
588 937 696 1006 (55)
727 935 1102 1008 θαυμασιότης
1131 932 1557 1004 ὑπερϐάλλουσα.
1605 931 1679 984 Οὐ
1715 947 1872 983 συνο-

316 1031 440 1106 ρῶσι
473 1031 644 1084 τοίνυν
682 1029 904 1100 ἐμπαθῆ
949 1031 1270 1098 ποιήσαντες
1301 1025 1368 1079 δι’
1399 1021 1710 1096 ἐκπλήξεως
1734 1063 1749 1086 ,
1781 1023 1872 1076 τὸν

315 1123 560 1194 μέγιστον
609 1121 704 1175 καὶ
743 1121 880 1192 πρὸς
929 1119 1105 1172 αὐτῶν
1145 1115 1543 1188 ἀνυμνούμενον
1577 1115 1708 1168 Θεὸν
1727 1157 1742 1180 ,
1781 1115 1874 1168 καὶ

311 1209 409 1289 πρό
435 1233 498 1286 γε
539 1216 638 1288 τῆς
679 1213 994 1285 ἐκπλήξεως
1027 1215 1084 1265 ἐν
1123 1212 1314 1284 ἀγνοίᾳ
1359 1209 1668 1280 γενόμενον.
1715 1207 1776 1260 El
1803 1207 1870 1280 δὴ

307 1311 490 1378 ἄγνοια
520 1306 864 1380 προκατῆρξε
905 1307 1004 1376 τῆς
1054 1304 1401 1376 ἐκπλήξεως,
1435 1305 1484 1356 εί
1526 1303 1569 1355 δ’
1603 1303 1636 1372 ή
1668 1301 1871 1378 ἐκπλη-

309 1403 386 1470 ξις
415 1403 506 1456 καί⁸
536 1405 564 1456 ὁ
603 1401 764 1472 φόϐος
810 1401 952 1473 ἁρχὴ
1000 1399 1190 1470 σοφίας
1223 1397 1386 1467 φόϐος
1413 1396 1506 1450 τοῦ
1551 1396 1684 1450 Θεοῦ
1717 1396 1874 1466 γεγέ-

305 1513 486 1566 νηται,
517 1493 817 1548 κινδυνεύει
869 1493 966 1564 τῆς
997 1509 1057 1544 τε
1107 1491 1300 1560 σοφίας
1345 1487 1438 1542 τοῦ
1471 1488 1605 1542 Θεοῦ
1649 1489 1742 1542 καὶ
1773 1488 1872 1559 τῆς

306 1588 649 1660 κοσμοποιίας
683 1585 898 1656 ἁπάσης
917 1625 931 1650 ,
965 1571 1098 1638 ἀλλὰ
1127 1585 1220 1638 καὶ
1252 1584 1350 1654 τῆς
1382 1580 1873 1643 ἀποκαταστάσεως

304 1681 462 1752 αὐτῆς
507 1681 608 1752 τῆς
657 1679 885 1750 ἐκλογῆς
932 1677 1042 1748 (56)
1095 1677 1284 1746 ἄγνοια
1337 1677 1736 1749 προκατάρχειν
1787 1677 1872 1730 αἱ·

303 1771 506 1842 τιώδης.
543 1771 780 1843 Πότερον
813 1766 906 1823 οὖν
934 1771 1042 1822 τῶν
1075 1769 1252 1822 καλῶν
1279 1769 1311 1838 ἦ
1339 1769 1554 1838 φαύλων
1582 1771 1614 1840 ἡ
1647 1769 1870 1838 ἄγνοιας

313 1863 442 1918 Ἀλλ’
474 1865 522 1916 εί
563 1865 664 1934 μὲν
691 1861 798 1914 τῶν
831 1861 1031 1922 καλῶν,
1071 1861 1124 1913 τί
1170 1859 1402 1914 παύεται
1449 1859 1747 1931 ἐκπλήξει;
1783 1860 1876 1912 καὶ
1909 1849 1949 1904 Β

302 1952 552 2024 παρέλκει
587 1954 617 2005 ὁ
646 1953 893 2015 διάκονος
939 1951 1124 2013 αὐτοῖς
1154 1953 1247 2003 καὶ
1278 1951 1340 2002 τὸ
1385 1951 1646 2022 κήρυγμα
1677 1950 1770 2004 καὶ
1809 1949 1870 2003 τὸ

303 2045 608 2118 βάπτισμα·
649 2047 698 2098 εί
730 2045 786 2098 δέ
828 2045 934 2098 τῶν
967 2042 1214 2113 φαύλων,
1263 2043 1382 2106 πῶς
1427 2043 1534 2096 τῶν
1569 2043 1869 2097 καλλίστων

299 2141 459 2194 αἴτιον
509 2139 572 2192 τὸ
625 2139 826 2204 κακόνς
859 2139 922 2191 El
959 2137 1033 2208 μὴ
1080 2135 1190 2208 γὰρ
1241 2135 1592 2208 προϋπῆρχεν
1641 2137 1868 2204 ἄγνοια,

297 2235 391 2286 οὐκ
419 2231 482 2286 ἂν
512 2235 540 2286 ὁ
573 2231 818 2294 διάκονος
864 2228 1158 2300 κατῆλθεν·
1201 2229 1308 2282 οὐδ’
1343 2229 1408 2288 ἂν
1459 2228 1718 2300 ἔκπληξις
1759 2223 1870 2282 εἷλε

299 2325 382 2380 τὸν
427 2327 732 2398 Ἄρχοντα,
775 2324 850 2386 ὡς
895 2323 1047 2376 αὐτοὶ
1097 2321 1344 2391 λέγουσιν
1365 2339 1379 2351 ·
1439 2323 1550 2376 οὐδ’
1581 2323 1646 2376 ἂν
1697 2317 1870 2394 ἀρχὴν

299 2417 480 2488 σοφίας
525 2419 594 2470 ἐκ
635 2415 730 2469 τοῦ
772 2415 934 2484 φόϐου
975 2413 1166 2468 ἔλαϐεν
1216 2415 1296 2478 εἰς
1336 2413 1436 2483 τὴν
1487 2411 1869 2486 φυλοκρίνησιν

297 2511 387 2581 τῆς
415 2527 472 2562 τε
504 2507 742 2578 ἐκλογῆς
771 2505 878 2561 τῶν
911 2523 968 2559 τε
1003 2505 1302 2576 κοσμικῶν.
1335 2505 1396 2556 Ei
1427 2503 1482 2557 δὲ
1514 2505 1542 2557 ὁ
1577 2501 1739 2574 φόϐος
1771 2501 1866 2554 τοῦ

298 2603 546 2676 προόντος
579 2601 867 2674 ἀνθρώπου
918 2599 1234 2662 ἐπιϐούλους
1281 2597 1375 2652 τοῦ
1426 2598 1684 2670 σφετέρου
1733 2595 1870 2650 πλά-

299 2710 492 2764 σματος
526 2691 795 2762 πεποίηκε
827 2691 954 2754 τοὺς
985 2689 1276 2760 ἀγγέλους,
1310 2687 1384 2751 ώς
1418 2687 1760 2760 ἐνιδρυμένου
1790 2687 1868 2760 τῷ

295 2782 734 2855 δημιουργήματι
781 2783 1014 2854 ἀοράτου
1047 2781 1142 2834 τοῦ
1179 2780 1491 2850 σπέρματος
1534 2781 1634 2852 τῆς
1663 2781 1868 2836 ἄνωθεν

295 2877 492 2940 οὐσίας,
540 2875 578 2947 ἢ
628 2875 890 2946 ὑπολήψει
931 2878 1059 2946 κενῇ
1103 2873 1494 2947 παρεζήλωσαν
1541 2865 1686 2946 (57),
1731 2875 1866 2948 ὅπερ

297 2957 586 3032 ἀπίθανον,
631 2969 893 3038 ἀγγέλους
934 2969 1294 3041 δημιουργίας
1337 2963 1404 3036 ἦς
1446 2969 1864 3040 ἐπιστεύθησαν,

293 3057 398 3114 οἷον
428 3061 623 3114 τέκνου
652 3061 814 3123 τινὸς,
851 3059 1114 3124 αὐθέντας
1144 3059 1413 3129 γενέσθαι,
1445 3060 1665 3128 ἄγνοιαν
1690 3062 1868 3114 πᾶσαν

296 3153 804 3224 κατεγνωσμένους’
840 3153 872 3224 ἦ
912 3151 1218 3224 προγνώσει
1267 3152 1576 3222 ὲίνεχόμενοι
1614 3151 1862 3222 κεκίνην·

1977 564 2098 618 duri
2118 563 2302 620 corde.
2327 561 2475 630 Quos
2497 564 2641 618 enim
2669 579 2775 619 non
2798 577 3076 636 expugnat
3097 567 3256 630 ratio,
3281 582 3376 623 eos
3398 583 3556 622 Inan-

1979 653 2208 709 suefacit
2231 662 2424 708 metus.
2445 651 2598 720 Quod
2620 653 2838 722 quidem
2863 671 2986 708 cum
3017 670 3046 709 a
3077 655 3556 725 principi-immri-

1977 747 2148 802 disset
2165 745 2362 816 Logos,
2381 748 2476 817 qui
2489 747 2696 810 erudit,
2715 757 2944 817 utroque
2967 749 3233 804 modoeos
3246 763 3310 804 ex
3317 764 3553 820 purgans

1979 841 2046 894 ad
2065 841 2319 911 pietatem
2333 840 2721 894 convenienter
2741 839 3089 895 concinnavit
3105 840 3542 896 instrumentum.

1978 933 2076 989 Est
2094 933 2256 1004 igitur
2285 931 2697 1002 obstupefactio,
2713 933 2948 988 timore:
2969 933 3178 988 insueta
3201 945 3557 1003 repraesenta-

1977 1029 2146 1094 tione,
2177 1027 2262 1082 vel
2299 1035 2518 1096 propter
2549 1029 2974 1098 inexspectalam
2999 1028 3552 1096 repraesentationem,

1979 1129 2040 1172 ut
2055 1117 2202 1172 verbi
2227 1133 2414 1182 causa,
2448 1117 2680 1180 alicujus
2706 1118 2902 1173 nuntii.
2930 1117 3556 1174 Timorautemrstinsi-

1979 1209 2100 1280 gnis
2123 1208 2432 1275 admiratio,
2459 1219 2715 1279 tanquam
2740 1209 2808 1264 ob
2834 1209 2908 1274 id,
2939 1209 3082 1280 quod
3109 1211 3192 1265 vel
3215 1211 3440 1272 exstitit,
3469 1211 3552 1264 vel

1978 1309 2083 1358 est.
2117 1299 2233 1355 Non
2273 1301 3058 1374 animadvertuntﬁitaqucse
3081 1301 3457 1358 aﬂ‘ectionibus
3489 1319 3554 1360 ac

1979 1394 2478 1464 perturbationibus
2499 1395 2691 1450 fecisse
2713 1397 3032 1462 obnoxium,
3055 1398 3374 1464 maximum,
3388 1405 3440 1450 et
3457 1397 3550 1467 qui

1979 1488 2048 1542 ab
2059 1487 2140 1544 eis
2153 1488 2475 1551 celebratur,
2493 1487 2684 1552 Deum,
2697 1503 2791 1558 per
2806 1487 3349 1558 obstupvfactionem,
3365 1499 3552 1544 etantc

1979 1579 2506 1650 obstupefactionem
2531 1591 2808 1635 versatum
2859 1595 2980 1636 esse
3015 1582 3071 1635 in
3105 1581 3464 1651 ignoratione,
3503 1581 3550 1637 si

1979 1677 2196 1747 quidem
2266 1675 2534 1747 ignoratio
2587 1675 2690 1730 fuit
2737 1684 2862 1729 ante
2910 1675 3452 1744 ob‘stupefactiouem.
3491 1673 3550 1730 Si

1980 1779 2162 1825 autem
2215 1767 2633 1839 obstupefactio,
2686 1777 2740 1824 et
2798 1771 2984 1835 timur,
3015 1769 3292 1839 sapientiae
3348 1770 3551 1840 princi—

1977 1863 2149 1934 pium,
2197 1863 2363 1917 timor
2421 1861 2514 1916 Dei
2560 1861 2683 1927 fuit,
2730 1861 3018 1916 videndum
3066 1873 3168 1928 est,
3209 1875 3278 1916 ne
3319 1869 3374 1916 et
3426 1871 3551 1918 ante

1978 1953 2071 2010 Dei
2112 1955 2434 2024 sapientiam
2471 1962 2526 2009 et
2565 1955 2732 2010 totius
2767 1955 2953 2008 mundi
2997 1957 3352 2022 creationem,
3385 1956 3549 2025 quin-

1975 2047 2138 2102 etiam
2191 2047 2588 2102 restitutionem
2647 2055 2700 2102 et
2753 2048 2922 2118 ipsam
2987 2049 3304 2103 electionem
3356 2063 3546 2114 causa,

1974 2155 2098 2210 qute
2127 2139 2424 2208 praecessit,
2455 2138 2623 2194 fuerit
2659 2139 2953 2210 ignoratio.
2979 2135 3172 2194 Utrum
3207 2155 3338 2210 ergo
3364 2156 3544 2194 rerum

1977 2230 2244 2285 bonarum
2311 2239 2407 2284 aut
2485 2231 2752 2284 malarum
2813 2237 2900 2286 est
2963 2229 3275 2300 ignoratio?
3334 2228 3438 2284 Sed
3497 2232 3544 2284 si

1979 2338 2160 2378 rerum
2216 2322 2438 2392 quidem
2500 2323 2800 2388 benarum,
2860 2323 2990 2393 quid
3046 2331 3225 2378 cessat
3286 2322 3547 2392 obstupe-

1977 2415 2250 2471 fa‘ctione?
2277 2425 2329 2470 et
2349 2413 2556 2470 frustra
2595 2423 2679 2470 cst
2705 2415 2786 2470 eis
2815 2423 2868 2470 et
2895 2414 3165 2481 minister,
3196 2423 3249 2469 et
3280 2413 3546 2483 praedica-

1977 2508 2071 2574 tio,
2112 2516 2168 2564 et
2211 2508 2500 2578 baptisma.
2555 2504 2654 2561 Sin
2693 2515 2874 2562 autem
2923 2506 3214 2572 malarum,
3267 2505 3547 2574 quomodo

1975 2608 2058 2654 est
2095 2601 2298 2654 malum
2335 2615 2504 2654 causa
2541 2607 2726 2653 rerum
2756 2597 3130 2668 optimarum?
3159 2595 3214 2650 Si
3258 2597 3404 2652 enim
3437 2612 3546 2652 non

1975 2691 2124 2760 prior
2156 2689 2347 2746 fuisset
2373 2691 2661 2762 ignoratio,
2706 2705 2816 2744 non
2859 2689 3232 2744 descendisset
3277 2688 3546 2744 minister.

1975 2783 2078 2839 Sed
2123 2799 2220 2838 nec
2269 2781 2667 2850 obstupefactio
2721 2783 2952 2854 cepisset
2989 2781 3312 2852 principem,
3345 2791 3404 2836 ut
3444 2781 3548 2852 ipsi

1976 2873 2197 2940 dicunt;
2237 2889 2414 2943 neque
2483 2875 2762 2944 sapientia:
2817 2874 3144 2944 principium
3198 2873 3431 2944 cepisset
3480 2885 3547 2928 ex

1975 2965 2172 3020 timore
2211 2966 2278 3022 ad
2315 2965 2634 3022 electionem
2675 2975 2730 3021 et
2765 2967 3038 3021 mundana
3071 2965 3440 3036 dijudicunda.
3487 2965 3548 3020 Si

1975 3069 2160 3114 autem
2207 3072 2386 3116 metus
2429 3057 2570 3132 ejus,
2599 3061 2692 3131 qui
2741 3061 2892 3132 prius
2943 3069 3078 3126 erat,
3113 3055 3372 3126 hominis,
3419 3059 3548 3116 fecit

1975 3157 2036 3205 ut
2085 3165 2186 3206 suo
2219 3150 2476 3220 figmento
2515 3151 2910 3207 insidiarentur
2943 3150 3142 3221 angeli,
3186 3159 3371 3220 utpote
3399 3149 3545 3220 quod

293 3261 408 3302 ταν
448 3247 568 3300 ἀλλ’
601 3246 700 3299 ούκ
732 3244 796 3300 ἂν
847 3244 1244 3298 ἐπεϐούλευσαν
1273 3243 1339 3297 δι’
1373 3235 1434 3296 οὗ
1480 3243 1863 3315 ἐπεχείρησαν,

1975 3243 2360 3314 inaspectabile
2399 3259 2650 3315 superna:
2681 3244 3002 3300 substantiae
3035 3259 3220 3300 semen
3248 3243 3545 3299 collocareé

293 3331 336 3406 ᾧ
363 3327 744 3410 προέγνωσαψ
785 3335 894 3390 οὐδ’
930 3337 996 3390 ἂν
1037 3335 1458 3407 κατεπλάγησαν
1489 3335 1552 3388 τὸ
1603 3335 1765 3406 ἔργον
1809 3334 1870 3388 τὺ

295 3431 461 3484 αὖτῶν
483 3433 554 3484 ἐκ
579 3427 936 3501 προγνώσεως
959 3429 1020 3483 τὺ
1041 3429 1247 3484 ἄνωθεν
1271 3430 1490 3500 σπέρμα
1517 3429 1832 3500 νενοηκότες
1851 3445 1865 3460 ·

291 3523 324 3594 ἦ
355 3524 411 3576 τὸ
443 3524 754 3577 τελευταῖον
783 3521 982 3591 γνώσει
1009 3521 1328 3585 πεποιθότες
1356 3521 1685 3594 ἐτόλμησαν,
1719 3521 1748 3575 ὃ
1775 3521 1871 3575 καὶ

291 3615 414 3668 αύτό
441 3615 732 3670 ἀδύνατον·
772 3615 1036 3686 μαθόντες
1063 3617 1125 3670 τὸ
1155 3615 1409 3687 διαφέρον
1450 3615 1511 3668 τὸ
1555 3617 1612 3669 ἐν
1643 3613 1867 3687 πληρῶ-

293 3725 416 3786 ματι
445 3711 722 3783 ἀνθρώπῳ
747 3705 1136 3777 ἐπιϐουλεύειν,
1171 3709 1251 3762 ἔτι
1281 3709 1374 3762 καὶ
1405 3708 1466 3762 τδ
1505 3710 1627 3762 κατ’
1661 3708 1866 3772 εἰκόνα,

293 3803 346 3854 ἐν
375 3797 420 3872 ᾧ
465 3805 564 3858 καὶ
595 3805 656 3857 τὸ
688 3805 1028 3876 ἀρχέτυπον,
1081 3803 1176 3856 καὶ
1223 3803 1252 3855 ὃ
1299 3803 1396 3856 σὺν
1439 3805 1506 3874 τῇ
1551 3801 1748 3871 γνώσει
1799 3805 1866 3874 τῇ

289 3893 442 3968 λοιπῇ
507 3895 786 3969 ἄφθαρτον
810 3935 824 3960 ,
884 3895 1312 3967 παρειλήφεσαν.
1389 3893 1611 3957 Τούτοις
1661 3909 1720 3945 τε
1775 3889 1868 3946 οὖν

293 3987 467 4052 αὐτοῖς
498 3989 598 4042 καὶ
631 3988 838 4059 ἑτέροις
871 3989 979 4040 τισι
1002 4027 1018 4051 ,
1055 3987 1290 4058 μάλιστα
1325 3985 1379 4039 δέ
1411 3989 1524 4050 τοῖς
1556 3985 1662 4038 ἀπὸ
1707 3986 1866 4056 Μαρ-

291 4080 498 4145 κίωνος,
537 4081 705 4151 ἐκϐοᾷ
734 4079 844 4152 (58)
879 4081 980 4134 ούκ
1021 4081 1302 4134 ἐπαΐουσιν
1349 4081 1383 4150 ἡ
1415 4079 1604 4152 Γραφή
1627 4095 1640 4110 ·
1704 4078 1766 4131 '0
1801 4077 1869 4131 δὲ

289 4171 432 4242 ἐμοῦ
460 4175 700 4228 ἀκούων
727 4175 1138 4228 ἀναπαύσεται
1165 4173 1258 4227 ἐπ’
1281 4172 1522 4240 εἰρήνης
1551 4170 1866 4236 πεποιθὼς,

289 4269 382 4322 καί
443 4266 748 4337 ἡσυχάσει
807 4267 1046 4336 ἀφόϐως
1097 4266 1216 4321 ἀπὸ
1273 4266 1500 4332 παντὸς
1553 4265 1762 4320 κακοῦ.
1803 4265 1868 4318 Τί

289 4359 460 4414 τοίνυν
487 4359 580 4412 τὸν
607 4359 768 4431 νόμον
803 4359 1114 4430 βούλονταις
1163 4360 1346 4412 Κακδν
1383 4359 1480 4430 μὲν
1521 4355 1618 4412 ὀὖν
1659 4358 1720 4413 οὐ
1759 4360 1866 4432 φή-

292 4467 457 4516 σουσι,
505 4451 714 4506 δίκαιον
751 4451 808 4504 δὲ
845 4450 1244 4515 διαστέλλοντες
1289 4451 1350 4504 τὸ
1399 4451 1599 4520 ἀγαθὸν
1642 4451 1736 4504 τοῦ
1784 4451 1867 4506 δι-

1967 3347 2059 3392 tur
2083 3338 2229 3393 intus
2265 3337 2319 3391 in
2350 3336 2592 3406 opiﬁcio,
2633 3347 2726 3392 aut
2769 3351 2834 3392 es
2879 3336 3028 3390 inani
3063 3336 3344 3403 opinione,
3391 3333 3539 3406 quod

1969 3431 2190 3500 quidem
2221 3437 2306 3485 est
2351 3429 2688 3493 incredibile,
2719 3429 3064 3484 aemulatione
3093 3429 3280 3499 perciti
3322 3437 3451 3484 sunt
3486 3429 3540 3484 in

1969 3524 2192 3594 angelus
2251 3535 2471 3594 propter
2530 3524 2848 3594 opilicium,
2901 3523 3060 3592 cujus
3125 3529 3386 3594 tanquam
3447 3523 3544 3580 illil

1968 3616 2205 3686 alicujus
2233 3617 2424 3673 crediti
2474 3626 2602 3672 sum
2654 3631 2776 3672 esse
2813 3627 3062 3672 auctores
3103 3615 3240 3671 adeo
3285 3625 3344 3672 ut
3390 3615 3542 3675 nulla

1968 3725 2078 3764 non
2120 3709 2174 3762 in
2205 3723 2304 3762 eos
2333 3709 2495 3764 cadat
2539 3709 2886 3780 ignorantia:
2930 3715 3025 3762 aut
3067 3709 3198 3763 moti
3242 3719 3372 3764 sunt
3417 3725 3543 3764 cum

1971 3809 2286 3858 tenerentur
2341 3803 2728 3872 praescientia;
2769 3801 2863 3858 sed
2911 3817 3022 3858 non
3071 3803 3312 3858 insidiati
3361 3817 3546 3860 essent

1967 3898 2074 3952 isto
2105 3904 2302 3951 conatu
2333 3897 2408 3958 ei,
2441 3896 2589 3966 quod
2621 3895 3032 3966 prtesciverunt,
3071 3911 3247 3966 neque
3278 3897 3349 3952 ob
3381 3913 3541 3952 suum

1968 4004 2108 4059 opus
2135 3987 2498 4060 obstupefacti
2520 3999 2724 4053 essent,
2750 4005 2874 4046 cum
2897 4004 2964 4043 ex
2989 3989 3330 4059 prtesclentia
3354 4005 3540 4048 semen

1969 4096 2268 4150 supernum
2301 4081 2736 4138 intellexissent:
2771 4091 2864 4138 aut
2905 4087 3180 4154 postremo
3207 4081 3328 4138 freti
3357 4084 3546 4152 cogni-

1969 4173 2118 4228 tione
2171 4173 2292 4229 ausi
2351 4182 2502 4241 sunt,
2539 4167 2684 4244 quod
2733 4176 2912 4246 ipsmn
2955 4191 3174 4246 quoque
3211 4189 3318 4228 non
3365 4183 3546 4244 potest

1971 4265 2108 4332 ﬁeri,
2164 4281 2286 4320 cum
2326 4265 2644 4322 didicissent
2689 4267 2764 4332 id,
2809 4269 2952 4338 quod
3006 4277 3088 4323 est
3137 4268 3190 4322 in
3237 4267 3537 4336 plcromate

1969 4359 2264 4423 excellens,
2297 4360 2508 4416 homini
2539 4359 2806 4416 insidiari.
2829 4361 3094 4416 Przeterea
3111 4369 3164 4416 et
3187 4359 3261 4424 id,
3281 4361 3426 4430 quod
3459 4370 3543 4416 est

1969 4449 2172 4510 factum
2215 4451 2283 4510 ad
2333 4452 2646 4523 imaginem,
2683 4454 2738 4508 in
2771 4461 2888 4523 quo
2915 4453 3078 4508 etiam
3110 4453 3326 4508 exsistit
3353 4468 3538 4508 exem—

289 4543 460 4597 καίου.
503 4544 564 4596 ’0
609 4544 668 4596 δέ
709 4543 932 4615 Κύριος,
966 4543 1248 4612 φοϐεῖσθαι
1279 4543 1342 4596 τὸ
1383 4543 1552 4598 κακὸν
1588 4545 1862 4616 προστάτ-

1971 4544 2108 4612 plar,
2128 4553 2180 4600 et
2209 4545 2282 4610 id,
2320 4546 2465 4616 quod
2493 4562 2616 4600 cum
2641 4545 2846 4616 reliqua
2889 4545 3202 4616 cognitione
3241 4553 3325 4600 est
3354 4546 3423 4600 ab
3451 4547 3537 4600 in-

289 4651 412 4700 των,
441 4637 504 4690 ού
545 4635 698 4707 κακῴ
729 4635 789 4689 τὸ
821 4636 987 4690 κακὸν
1020 4635 1382 4700 ἀπαλλάττει,
1433 4635 1512 4708 τῷ
1543 4635 1597 4690 δέ
1633 4635 1860 4704 ἐναντίῳ

287 4725 348 4780 τὸ
376 4727 615 4782 ἐναντίον
647 4727 924 4784 καταλύει.
961 4727 1172 4798 Ἀγαθῷ
1202 4726 1260 4780 δὲ
1293 4725 1460 4782 κακὸν
1491 4727 1754 4792 ἐναντίον,
1786 4727 1862 4790 ὼς

359 4913 417 4970 ›Ῑ‹
453 4905 516 4960 Ρ.
541 4907 646 4962 M9
678 4905 780 4961 ΕΙ).
821 4905 1116 4972 POTTER,
1142 4905 1380 4960 376-377
1409 4903 1517 4960 ΕΙ).
1550 4905 1772 4960 PARIS.

356 5081 470 5156 (55)
502 5085 588 5156 Ἦ.
621 5085 890 5156 interpres
919 5085 1044 5156 legit
1075 5087 1128 5153 ﬁ.

359 5151 474 5226 (56)
513 5155 626 5224 Τῆς
653 5157 739 5226 ἐκ.
770 5151 1046 5225 interpres
1075 5151 1204 5226 legit
1229 5151 1330 5226 τῆς
1361 5169 1422 5226 τε
1457 5153 1706 5226 ἐκλογῆς.

359 5223 472 5296 (57)
501 5223 950 5294 Παρεζήλωσιιιὲ.
984 5223 1156 5281 Scribi
1189 5223 1440 5296 possitjn
1467 5223 1726 5296 singulari
1753 5241 1855 5282 nu-

290 5291 1050 5370 meros-apsqu)invahoc
1090 5291 1253 5352 sensu
1299 5312 1312 5348 :
1349 5291 1502 5357 Quod
1545 5291 1848 5370 si_angeli.

289 5376 424 5436 metu
457 5365 866 5436 praexsi'stcntts
903 5365 1129 5420 hominis
1147 5407 1161 5430 ,
1189 5381 1299 5420 sum
1325 5373 1582 5436 creaturae
1609 5365 1852 5420 insidiati

287 5433 424 5509 sint,
453 5433 512 5509 eo
545 5441 682 5509 quod
727 5437 986 5491 invisibile
1035 5452 1272 5509 superna:
1317 5434 1628 5509 substantia:
1675 5454 1850 5492 semen

286 5505 494 5574 opiﬁcio
521 5505 608 5563 isti
637 5511 859 5572 inesset;
891 5521 982 5560 aut
1005 5508 1216 5578 angelos
1245 5522 1380 5560 vana
1405 5508 1698 5574 suspicione
1733 5523 1847 5560 mo-

289 5584 362 5646 tus
400 5587 602 5633 tantam
628 5580 696 5633 ad
729 5579 1114 5632 ammlationem
1147 5579 1482 5646 provocavit.
1513 5587 1570 5630 ut
1595 5589 1852 5634 creaturae

288 5643 410 5709 ipsis
449 5651 692 5710 creditur.
728 5649 941 5718 perinde
973 5665 1034 5702 ac
1067 5643 1194 5718 ﬁlii,
1242 5651 1381 5718 quod
1418 5647 1628 5718 quidem
1654 5661 1730 5703 est
1763 5651 1847 5704 in-

285 5717 546 5790 credibile,
576 5717 886 5790 omnimoda:
911 5717 1228 5790 ignorantia:
1251 5717 1643 5790 tendenteet“,
1669 5729 1776 5776 etc.

299 5851 310 5862 _
352 5787 464 5862 (5_8)
493 5788 716 5857 Ἐκϐοᾷ.
737 5786 1136 5862 Δριίιιεέμϐοᾷ.
1157 5789 1283 5862 Man
1307 5786 1462 5862 Vulg.
1487 5787 1603 5862 Bil).
1631 5790 1789 5862 Prov.
1808 5807 1848 5856 ι,

285 5845 514 5926 ἁκούων,
557 5845 990 5931 ιιατᾶισκῆνώσειΙ
1013 5845 1104 5914 ἐπ*
1138 5859 1356 5930 ἐλπίδι,
1378 5845 1473 5914 κὶι
1509 5861 1667 5933 ὴσυχ.
1711 5845 1848 5917 ὃτι-ἶ

1970 4637 2132 4690 teritu
2174 4633 2434 4704 alienum,
2487 4631 2918 4708 assumpserunt.
2972 4636 3066 4694 llis
3113 4652 3242 4710 ergo
3289 4638 3443 4710 ipsis,
3487 4649 3542 4694 et

1969 4729 2248 4798 aliquibus
2293 4731 2441 4798 aliis,
2489 4730 2728 4786 maxime
2771 4739 2950 4786 autem
2999 4729 3385 4796 Marcionistis,
3428 4747 3538 4786 non

1965 5086 2360 5160 suasu—LXX,
2390 5087 2719 5160 Proverbat',
2749 5103 2801 5142 ν.
2839 5089 2910 5142 55
2939 5107 2953 5142 :
2991 5089 3048 5144 ’0
3079 5089 3136 5144 δέ
3167 5088 3536 5160 amoenum

1963 5158 2377 5232 nasaoxiwtbcst
2411 5161 2498 5212 ἐπ’
2534 5158 2728 5222 ἑλπίδι,
2759 5161 2852 5232 καὶ
2885 5161 3146 5232 ἡσυχάσει
3179 5158 3398 5230 ἆφόϐως
3429 5159 3537 5215 ἀπὸ

1962 5229 2162 5312 παντὸς
2209 5231 2400 5314 κακῷ.
2435 5233 2504 5283 At
2547 5247 2627 5284 me
2669 5229 2915 5314 audiens
2940 5229 3296 5314 habitabiuin
3330 5249 3458 5314 ενα..
3483 5241 3534 5283 et

1957 5301 2240 5368 requiescet
2301 5303 2494 5372 absque
2553 5309 2750 5355 terra‘re
2795 5301 2858 5353 ab
2926 5303 3068 5355 omni
3119 5305 3282 5356 malo.
3343 5301 3534 5356 Latina

1959 5367 2118 5440 Vulg.
2149 5389 2162 5425 :
2189 5369 2292 5435 Qui
2335 5383 2510 5424 autem
2556 5389 2635 5425 me
2681 5371 2946 5436 audierit,
2981 5373 3174 5442 absque
3211 5382 3408 5426 terrore
3457 5389 3536 5424 ro-

1955 5442 2212 5509 quiescet,
2245 5453 2294 5495 et
2332 5443 2662 5496 abundantia
2695 5443 3014 5511 perfruetur,
3051 5445 3238 5497 timore
3271 5443 3534 5498 malorum

1955 5511 2184 5565 sublato.
2217 5511 2274 5565 ln
2308 5515 2544 5566 editione
2591 5513 2834 5566 Romana
2878 5513 3015 5568 Sinti
3055 5511 3096 5566 ν
3143 5517 3436 5568 adnotatur
3467 5527 3536 5568 es

1955 5583 2191 5654 quodam
2216 5584 2506 5638 sclioliaste
2533 5585 2598 5637 ad
2627 5583 2850 5637 alteram
2879 5596 3086 5654 partem
3121 5585 3286 5650 hujus
3319 5598 3536 5648 versus,

1956 5651 2328 5728 διναπαύσεται
2384 5655 2479 5728 ἐπί
2506 5651 3048 5728 εἰρήνη-πεποιθὼς,
3075 5656 3371 5728 quomodo
3411 5655 3538 5728 legit

1955 5723 2228 5778 Clemens.
2275 5725 2351 5779 Et
2389 5723 2794 5791 Hebrsio'fQui
2824 5740 3000 5781 autem
3033 5723 3206 5780 obedit
3245 5725 3410 5789 mihi,
3435 5723 3538 5777 ha-

1958 5791 2148 5847 bitabit
2175 5796 2516 5865 conﬁdenter,
2541 5805 2592 5853 et
2631 5799 2966 5869 requiescam
2997 5799 3188 5852 timore
3217 5797 3366 5854 mli.
3395 5797 3538 5854 00b

1957 5879 2130 5938 pacm
