3794 6330
375 357 481 411 975

1530 355 1917 412 CLEMENTIS
1954 353 2421 410 ALEXANDBINI
3467 345 3556 403 978

371 479 713 536 audientibus
735 481 934 536 clamat
963 479 1239 550 Scriptura
1274 497 1285 533 :
1325 479 1429 545 Qui
1459 489 1633 534 autem
1658 499 1735 535 me
1763 481 1935 542 audit,

2044 481 2243 533 δίκαιον
2277 478 2463 548 ἀδίκῳ.
2501 477 2562 529 Et
2595 475 2770 528 τοίνυν
2803 471 2986 526 κακῶν
3023 468 3196 541 ἀρχὴν
3242 466 3446 537 ἀφοϐίαν
3467 469 3560 542 (59)

368 573 650 638 requiescet
683 576 736 626 in
768 590 894 642 pace
922 573 1210 642 conﬁdens,
1237 583 1285 626 ct
1321 574 1430 626 sine
1460 583 1596 626 metu
1623 573 1843 626 cessabit
1872 572 1934 625 ab

369 664 512 717 amni
542 665 682 718 malo
699 677 748 720 ,⁸.
775 663 913 730 Quid
939 679 1068 734 ergo
1088 665 1139 717 hi
1165 665 1330 734 legem
1353 679 1472 718 esse
1496 665 1717 718 volunt?
1742 665 1934 717 Malam

369 753 589 821 quidem
631 769 738 808 non
777 756 1045 825 inquient,
1087 756 1179 810 sed
1211 756 1439 826 justam,
1482 757 1681 810 bonum
1717 772 1745 809 a
1789 756 1938 824 justo

368 842 786 915 (iistinguentes.
833 846 1096 901 Dominus
1136 856 1316 900 autem
1375 863 1500 902 cum
1543 849 1699 918 jubet
1749 849 1939 901 timere

371 935 598 1000 malum,
649 953 757 991 non
817 941 1018 992 malum
1073 938 1217 992 malo
1269 939 1480 1004 liberat,
1531 939 1624 993 sed
1692 938 1940 993 dissolvit

371 1029 705 1082 contrarium
739 1031 1034 1084 contrario.
1069 1030 1217 1085 Bono
1248 1039 1428 1084 autem
1464 1031 1666 1084 malum
1696 1039 1778 1084 est
1807 1046 1936 1086 con-

372 1122 623 1187 trarium,
647 1131 707 1176 ut
738 1123 946 1192 justum
983 1123 1205 1192 injusto.
1247 1121 1302 1175 Si
1338 1138 1464 1193 ergo
1498 1122 1762 1176 malorum
1804 1122 1940 1176 dixit

373 1215 695 1284 principium
744 1224 919 1269 metus
955 1219 1012 1277 ᾗ
1062 1214 1413 1277 vacuitatem,
1455 1230 1619 1284 quam
1667 1213 1795 1268 facit
1833 1213 1940 1268 Do-

375 1307 507 1359 mini
545 1306 706 1360 timor
739 1324 754 1360 :
801 1305 963 1359 timor
1005 1305 1207 1360 bonum
1247 1313 1352 1372 est,
1385 1315 1438 1360 et
1461 1305 1555 1376 qui
1576 1314 1662 1360 ‘est
1695 1321 1761 1360 ex
1801 1303 1940 1376 Lege

371 1408 570 1462 metus,
602 1413 707 1451 non
740 1399 913 1452 solum
942 1407 1025 1454 est
1057 1399 1262 1468 justus,
1299 1397 1394 1453 sed
1450 1399 1612 1452 etiam
1648 1399 1844 1463 bonus,
1883 1407 1941 1452 ut

376 1486 468 1554 qui
514 1485 728 1539 auferat
771 1487 1008 1541 vitium:
1053 1496 1196 1542 metu
1248 1495 1429 1541 autem
1475 1486 1732 1542 inducens
1763 1495 1939 1541 metus

373 1577 716 1640 vacuitatem,
761 1593 870 1631 nou
919 1578 1086 1631 animi
1131 1577 1537 1646 perturbatione
1574 1579 1938 1648 perturbatio-

374 1687 500 1723 num
551 1670 895 1732 vacuitatem,
935 1670 1027 1724 sed
1071 1670 1354 1740 disciplina
1389 1671 1672 1740 ingenerat
1707 1670 1942 1725 aﬂectio—

375 1777 504 1814 num
578 1761 1026 1816 moderationem.
1089 1762 1225 1818 Cum
1287 1761 1470 1831 itaque
1546 1763 1936 1818 audierimus:

2039 572 2274 642 εἴρηκεν,
2295 571 2360 640 ἢν
2382 571 2409 621 6
2435 567 2526 620 τοῦ
2579 565 2784 635 Κυρίου
2840 563 3002 632 φόϐος
3033 560 3343 632 ἐργάζεται,
3391 560 3564 628 ἀγαθὸν

2037 664 2065 714 6
2110 662 2303 731 φόϐος’
2356 661 2448 713 καί
2478 662 2505 713 ὁ
2537 662 2599 713 ἐκ
2634 657 2726 710 τοῦ
2772 656 2957 726 Νόμου
3003 653 3163 722 φόϐος
3187 694 3200 717 ,
3234 648 3291 705 οὗ
3326 652 3465 723 μόνον
3497 649 3567 705 δί-

2039 771 2218 816 καιος,
2251 752 2385 806 ἀλλά
2432 751 2525 804 καὶ
2559 748 2786 817 ἀγαθὸς,
2822 747 3018 800 κακίαν
3051 744 3280 816 ἀναιρῶν
3303 762 3315 774 ⁸
3361 745 3493 814 φόϐῳ
3519 745 3567 797 δὲ

2040 847 2266 918 ἀφοϐίαν
2310 848 2574 914 εἰσάγων,
2624 844 2683 896 οὑ
2731 841 2893 895 πάθει
2938 839 3240 902 ἀπάθειαν,
3289 837 3487 909 παιδείᾳ
3521 838 3570 890 δὲ

2044 939 2462 1011 μετριοπάθειαν
2493 937 2727 1006 ἐμποιεῖ.
2764 932 2932 985 Ἐπάν
2954 929 3047 985 οὖν
3079 929 3413 999 ἀκούσωμεν
3447 930 3571 996 Τίμα

2040 1029 2145 1097 τὸν
2189 1031 2438 1097 Κύριον,
2475 1028 2572 1079 καὶ
2628 1025 2932 1094 ἰσχύσεις·
2985 1020 3148 1089 πλὴν
3185 1019 3250 1072 δὲ
3295 1019 3466 1073 αὑτοῦ
3497 1019 3572 1088 μὴ

2040 1122 2225 1192 φοϐοῦ
2273 1121 2497 1174 ἄλλον
2547 1118 2608 1170 τὸ
2660 1115 2940 1186 φοϐεῖσθαι
2975 1113 3336 1184 ἁμαρτάνειν,
3373 1110 3572 1166 ἕπεσθαι

2039 1214 2094 1266 δὲ
2123 1215 2241 1275 ταῖς
2274 1211 2377 1265 ὑπὸ
2392 1210 2526 1264 Θεοῦ
2549 1208 2813 1272 δοθείσαις
2828 1207 3084 1269 ἐντολαῖς,
3114 1204 3276 1275 τιμὴν
3296 1203 3358 1274 ἣν
3379 1202 3576 1255 ἀπὸτοῦ

2039 1305 2171 1358 Θεοῦ
2200 1304 2307 1376 (60)
2336 1301 2682 1373 ἐκδεχόμεθα.
2717 1301 2843 1363 Δέος
2866 1299 2974 1371 (61)
3005 1298 3061 1351 δέ
3097 1299 3213 1349 ἐστι
3241 1295 3393 1365 φόϐος
3439 1295 3575 1348 Θεοῦ.

2052 1395 2187 1448 Ἀλλ’
2223 1398 2270 1448 εἰ
2303 1397 2395 1448 καὶ
2432 1394 2602 1457 πάθος
2625 1396 2652 1447 ό
2685 1393 2846 1462 φόϐος
2866 1433 2880 1455 ,
2913 1391 2988 1453 ὡς
3023 1387 3297 1460 βούλονταί
3339 1403 3473 1449 τινες
3509 1386 3581 1438 ὅτι

2042 1487 2201 1556 φόϐος
2232 1488 2346 1540 ἐστὶ
2375 1485 2565 1550 πάθος,
2594 1484 2692 1556 οὐχ
2735 1487 2763 1537 6
2814 1485 2921 1546 πᾶς
2961 1482 3123 1552 φόϐος
3164 1479 3362 1542 πάθος’
3394 1479 3427 1548 ὴ
3467 1477 3581 1546 γοῦν

2041 1579 2429 1648 δεισιδαιμονία
2461 1577 2652 1640 πάθος,
2683 1576 2844 1646 φόϐος
2871 1575 3136 1646 δαιμόνων
3170 1568 3324 1634 οὖσα,
3357 1567 3584 1623 ἐκπαθιῖω

2040 1689 2098 1724 τε
2136 1671 2229 1725 καὶ
2260 1670 2535 1742 ὲμπαθῶν.
2574 1669 2858 1740 Ἐμπαλιν,
2881 1664 2972 1722 οὖν
3002 1671 3030 1721 ὁ
3069 1665 3164 1719 τοῦ
3195 1663 3432 1728 ἀπαθοῦς
3464 1665 3581 1720 Θεοῦ

2044 1763 2206 1830 φόϐος
2234 1763 2475 1834 ἀπαθής·
2515 1761 2754 1832 φοϐεῖται
2784 1761 2892 1833 γάρ
2935 1777 3018 1824 τις
3060 1760 3121 1812 οὐ
3152 1758 3244 1811 τὸν
3285 1757 3431 1821 Θεὸν,
3467 1758 3585 1812 ἀλλὰ

377 1852 596 1906 llonora
652 1852 965 1912 Dominum,
1019 1861 1066 1904 et
1123 1853 1228 1906 eris
1281 1852 1475 1921 fortis;
1532 1861 1723 1921 praeter
1766 1853 1935 1921 ipsum

2044 1854 2100 1906 τὸ
2129 1855 2420 1907 ἀποπεσεῖν
2439 1853 2533 1907 τοῦ
2549 1853 2702 1906 Θεοῦ.
2741 1854 2797 1906 '0
2817 1852 2873 1909 δὲ
2903 1852 3058 1905 τοῦτο
3081 1849 3293 1913 δεδιὼς,
3316 1849 3375 1902 τὸ
3393 1852 3495 1913 τοῖς
3510 1867 3587 1901 κα-

372 1955 544 1998 autem
591 1961 652 1998 ne
697 1946 818 2000 time
865 1943 1074 1997 aliumb
1114 1959 1126 1993 :
1182 1944 1372 1998 timere
1419 1953 1726 2013 peccatum,
1781 1943 1936 2011 sequi

371 2044 578 2099 autem,
635 2051 757 2105 qua:
810 2051 838 2088 a
880 2033 988 2088 Deo
1032 2034 1154 2088 data
1209 2044 1354 2101 sunt,
1403 2044 1690 2105 prmeepta,
1744 2051 1774 2088 a
1808 2035 1942 2090 Deo

372 2128 638 2182 honorem
685 2126 1004 2196 accipimus.
1057 2126 1184 2188 Δίος
1231 2135 1411 2179 autem
1453 2134 1536 2180 est
1586 2124 1680 2180 Dei
1740 2134 1937 2181 metus.

375 2219 477 2272 Sed
504 2220 604 2274 etsi
631 2219 791 2274 timor
819 2219 889 2272 sit
925 2219 1130 2287 passio,
1173 2226 1231 2271 ut
1259 2216 1450 2270 volunt
1483 2216 1649 2286 aliqui
1686 2217 1933 2272 timorem

368 2325 494 2364 esse
547 2310 895 2380 passionem,
948 2323 1056 2361 non
1103 2315 1184 2362 est
1243 2306 1420 2376 quivis
1477 2316 1655 2361 metus
1729 2306 1931 2376 passio.

375 2400 701 2471 Superstitio
734 2400 949 2469 quidem
991 2409 1073 2453 est
1113 2398 1314 2467 passio,
1357 2406 1417 2452 ut
1455 2413 1576 2467 quae
1623 2398 1695 2452 sit
1736 2399 1938 2452 dmino-

2051 1945 2167 2006 κοῖς
2189 1945 2522 2014 περιπεσεῖν,
2541 1941 2780 2012 φοϐεῖται
2795 1941 2887 1994 καὶ
2906 1940 3072 1993 δέδιεν
3087 1939 3156 1992 τὰ
3177 1940 3322 1994 κακά
3336 1955 3352 1970 ⁶
3376 1941 3404 1994 6
3430 1936 3589 2002 δεδιὼς

2043 2032 2100 2084 δὲ
2132 2031 2192 2084 τὸ
2218 2034 2437 2104 πτῶμα,
2465 2033 2737 2105 ἄφθαρτον
2770 2033 2957 2086 ἑαυτὸν
2990 2031 3083 2086 καὶ
3113 2032 3298 2102 ἀπαθῆ
3324 2026 3453 2084 εἶναι
3483 2031 3587 2102 βού-

2040 2125 2188 2180 λεται
2214 2125 2343 2197 (62).
2379 2126 2572 2194 Σοφός
2601 2124 2883 2195 φοϐηθείς
2914 2122 3228 2190 ἐξέκλινεν
3257 2122 3373 2178 ἀπὸ
3393 2122 3588 2177 κακοῦ·

2042 2217 2074 2269 ό
2107 2214 2175 2267 δὲ
2203 2214 2406 2284 ἄφρων
2429 2215 2542 2286 (65)
2570 2217 2852 2288 μίγνυται
2894 2214 3208 2282 πεποιθὼς,
3235 2216 3269 2286 ἡ
3301 2214 3483 2286 Γραφὴ
3509 2213 3585 2266 λέ-

2039 2323 2153 2376 γει·
2207 2303 2361 2370 αὖθίς
2409 2325 2497 2372 τε,
2547 2308 2642 2361 Ἐν
2685 2307 2845 2378 φόϐῳ
2896 2308 3115 2376 Κυρίου
3157 2306 3337 2372 ἐλπὶς
3379 2305 3592 2374 ίσχύος,

2039 2399 2220 2469 φησίν.

373 2509 502 2550 num
549 2502 743 2554 metus,
798 2489 889 2559 qui
931 2489 1276 2558 passionibus
1336 2503 1539 2558 susque
1588 2489 1763 2558 deque
1824 2487 2072 2543 feruntur
2124 2496 2178 2543 et
2225 2488 2528 2559 agitantur;
2597 2503 2628 2543 e
2694 2497 2880 2544 contra
2949 2489 3110 2560 igitur
3152 2487 3250 2544 Dei
3297 2485 3593 2558 impatibilis

371 2595 550 2640 metus
579 2595 658 2640 est
687 2583 1000 2654 impatibilis
1030 2597 1045 2636 :
1078 2584 1228 2637 timet
1262 2582 1404 2638 enim
1445 2581 1568 2651 quis
1592 2598 1698 2637 non
1731 2582 1923 2648 Deum,
1949 2583 2039 2638 sed
2068 2598 2098 2637 a
2129 2581 2238 2636 Deo
2267 2583 2532 2637 excidere.
2582 2581 2685 2648 Qui
2731 2591 2909 2636 autem
2969 2583 3072 2637 hoc
3122 2590 3366 2647 veretur,
3415 2594 3588 2648 nempe

370 2692 438 2730 ne
489 2677 542 2730 in
581 2677 723 2731 mala
767 2677 990 2744 incidat,
1049 2676 1191 2730 mala
1244 2675 1396 2731 timet
1438 2683 1492 2729 et
1544 2683 1789 2742 veretur;
1835 2676 1928 2746 qui
1960 2683 2139 2730 autem
2183 2675 2335 2729 timet
2371 2689 2436 2728 ne
2489 2675 2666 2736 cadat.
2717 2686 2837 2730 esse
2871 2691 2929 2730 se
2975 2675 3042 2730 ab
3090 2675 3316 2731 interitu
3369 2676 3587 2732 alienum

369 2769 486 2822 vult
527 2776 582 2827 ct
623 2767 995 2838 impatibilem.
1061 2764 1278 2835 Sapiens
1331 2765 1514 2818 timens
1593 2764 1873 2819 declinavit
1927 2781 1960 2818 a
2017 2765 2156 2818 malo
2185 2780 2204 2829 ;
2267 2764 2518 2834 insipiens
2575 2775 2748 2819 autem
2813 2767 3074 2835 conﬁdens
3129 2768 3480 2840 aggreditur,
3531 2771 3596 2825 ait

373 2860 672 2932 Scriptura.
751 2858 816 2914 Et
872 2875 1114 2914 rursus:
1175 2856 1242 2912 In
1304 2858 1491 2912 timore
1543 2856 1757 2912 Domini
1807 2857 2156 2930 est,inquit,
2185 2875 2300 2928 spes
2324 2857 2657 2928 fortitudinis
2715 2868 2762 2910 θ.

1809 3012 2037 3071 CAPUT
2078 3014 2172 3070 IX.

1320 3133 1548 3190 Virtutes
1594 3137 1924 3193 Christianas
1966 3155 2077 3194 esse
2123 3140 2258 3194 inter
2295 3155 2348 3194 se
2395 3154 2675 3195 connexus.

441 3247 666 3304 Deducit
706 3262 835 3322 ergo
865 3248 987 3304 talis
1024 3256 1198 3304 metus
1237 3258 1288 3304 et
1332 3251 1398 3306 ad
1441 3252 1837 3322 paenitentiam,
1872 3261 1928 3307 et

2049 3253 2078 3309 9
2134 3252 2348 3322 Ἀνάγει
2374 3252 2500 3322 γοῦν
2521 3255 2549 3306 6
2567 3250 2804 3316 τοιοῦτος
2825 3251 2986 3322 φόϐος
3003 3250 3096 3304 ἐπί
3115 3268 3180 3304 τε
3203 3251 3305 3324 τὴν
3338 3249 3602 3322 μετάνοιαν

371 3341 437 3394 ad
462 3355 633 3410 spem.
668 3338 804 3409 Spes
830 3348 1016 3395 autem
1058 3347 1142 3395 est
1165 3344 1498 3412 exspectatio
1534 3344 1824 3410 bonorum,
1855 3345 1941 3399 vel

369 3433 610 3500 absentis
649 3432 777 3488 boni
813 3433 954 3488 bona
997 3435 1256 3503 speratio.
1305 3435 1461 3492 Certe
1507 3452 1671 3493 casus
1719 3452 1939 3508 quoque

370 3526 455 3579 vel
485 3525 552 3581 ad
585 3525 788 3580 bonam
826 3541 976 3596 spem
1016 3527 1332 3589 assumitur,
1369 3545 1533 3598 quam
1585 3531 1652 3584 ad
1698 3529 1939 3584 charita-

372 3627 479 3670 tem
533 3617 800 3672 deducere
855 3618 1164 3674 didicimus.
1215 3619 1466 3677 Charitas
1520 3629 1701 3676 autem
1777 3620 1939 3676 fuerit

370 3708 661 3764 consensio
731 3723 918 3763 eorum
970 3724 1091 3778 quae
1144 3719 1273 3765 sunt
1323 3712 1378 3765 in
1427 3713 1639 3767 ratione
1685 3713 1840 3784 163
1881 3720 1936 3766 et

372 3801 480 3854 vita
501 3809 555 3854 et
577 3800 856 3866 moribus;
886 3809 1001 3868 aut,
1035 3811 1092 3857 ut
1135 3803 1325 3872 paucis
1368 3803 1569 3871 dicam,
1610 3806 1732 3860 vitae
1763 3806 1934 3861 socie-

372 3902 494 3954 tas;
549 3891 634 3946 vel
679 3893 933 3947 amicitiae
979 3903 1033 3948 et
1096 3894 1482 3951 benevolentia).
1534 3897 1939 3967 perseverantia

371 3997 495 4037 cum
536 3988 684 4037 recta
723 3983 950 4049 ratione,
997 3984 1052 4038 in
1093 4000 1195 4040 usu
1229 3986 1528 4040 amicorum
1581 4001 1647 4042 ac
1704 3985 1940 4042 familia-

371 4073 538 4140 rium,
567 4075 658 4144 qui
681 4075 885 4146 ἑταῖροι
919 4086 1185 4131 vocantur
1213 4077 1434 4148 (dicitur
1474 4087 1654 4134 autem
1701 4080 1936 4150 ἑταῖρος,

369 4165 528 4236 quasi
575 4164 762 4238 ἕτερος
810 4165 940 4234 ἐγώ,
978 4166 1030 4221 id
1076 4175 1179 4233 est,
1215 4185 1308 4238 ego
1348 4168 1540 4238 alter),
1571 4184 1680 4239 qua
1725 4169 1937 4224 ratione

365 4273 460 4316 eos
485 4257 677 4327 fratres
709 4257 1062 4327 appellamus,
1094 4259 1186 4329 qui
1210 4267 1338 4312 sunt
1365 4259 1557 4314 eodem
1595 4259 1761 4314 verbo
1788 4274 1938 4329 rege-

369 4350 564 4410 nerati.
591 4349 844 4406 Adhaeret
863 4359 1040 4406 autem
1067 4351 1316 4407 charitati
1339 4360 1392 4407 et
1425 4352 1787 4423 hospitalitas;
1819 4367 1941 4424 quae

2039 3344 2132 3396 ἐπί
2168 3362 2227 3398 τε
2257 3345 2353 3417 τὴν
2381 3345 2590 3399 ἐλπίδα.
2631 3345 2814 3409 Ἐλπὶς
2859 3345 2914 3398 δὲ
2946 3343 3247 3413 προσδοκία
3289 3345 3532 3413 ἀγαθῶν,
3571 3343 3600 3413 ἦ

2040 3436 2270 3501 ἀπόντος
2319 3437 2522 3506 ἀγαθοῦ
2565 3434 2812 3501 εὔελπιςο
2878 3435 3067 3507 ἀμέλει
3112 3436 3213 3489 κα)⁸
3258 3438 3292 3507 ἡ
3337 3437 3602 3506 ὲμπτωσία

2038 3528 2369 3602 λαμϐάνεται
2411 3530 2492 3592 είς
2533 3528 2794 3582 εὐέλπιδα
2835 3527 2965 3599 (64),
2998 3527 3063 3598 ἦν
3111 3528 3211 3580 ἐπὶ
3258 3530 3356 3601 τὴν
3406 3528 3603 3596 ἀγάπην

2038 3607 2397 3691 χειραγωγεῖν
2441 3617 2854 3691 μεμαθήκαμεν.
2912 3617 3122 3690 Ἀγάπη
3173 3618 3233 3672 δὲ
3286 3618 3500 3690 ὁμόνοια
3548 3616 3606 3670 ἃν

2038 3711 2126 3780 εἴη
2156 3709 2263 3763 τῶν
2295 3710 2436 3764 κατά
2463 3710 2555 3763 τὸν
2584 3709 2740 3778 λόγον
2771 3709 2980 3763 καὶτὸν
3004 3708 3116 3780 βίον
3152 3711 3252 3763 κα).
3282 3710 3374 3763 τὸν
3405 3708 3602 3782 τρόπον,

2040 3801 2096 3872 ἢ,
2125 3801 2394 3854 συνελόντι
2427 3802 2608 3871 φάναι,
2634 3800 2884 3879 κοινωνία
2920 3800 3032 3871 βίου
3051 3817 3064 3830 ·
3107 3801 3143 3872 ἢ
3172 3801 3422 3856 ὲκτὲνεια
3446 3800 3605 3870 φιλίας

2040 3895 2134 3950 καὶ
2190 3894 2568 3967 φιλοστοργίας
2631 3894 2769 3966 μετά
2812 3893 2971 3962 λόγου
3027 3893 3194 3965 όρθοῦ
3250 3894 3379 3967 περὶ
3433 3892 3605 3965 χρῆσιν

2039 3988 2287 4059 ἑταίρων.
2327 3988 2383 4041 '0
2425 3987 2483 4040 δὲ
2527 3989 2739 4059 ἑταῖρος
2786 3985 2992 4056 ἔτερος
3021 3983 3159 4054 ἐγώ.
3199 3979 3282 4059 *ῌ
3330 3987 3426 4040 καὶ
3469 3983 3606 4038 ἁδελο

2041 4079 2174 4146 φοὺς
2203 4077 2310 4149 (65)
2339 4079 2464 4139 τοὺς
2499 4077 2574 4147 τῷ
2603 4075 2751 4148 αὐτῷ
2777 4076 2921 4146 λόγῳ
2954 4077 3430 4148 ἀναγεννηθέντας
3459 4089 3606 4146 προσ-

2039 4168 2392 4240 αγορεύομεν.
2420 4169 2753 4241 Παράκειται
2779 4169 2836 4222 δὲ
2861 4171 2926 4240 τῇ
2957 4169 3147 4242 ἀγάπῃ
3172 4169 3210 4239 ἦ
3241 4185 3303 4222 τε
3333 4165 3603 4237 φιλοξενία,

2043 4260 2354 4332 φιλοτεχνία
2384 4278 2467 4325 τις
2523 4257 2656 4315 οὖσα
2689 4263 2816 4333 περὶ
2868 4259 3063 4332 χρῆσιν
3109 4260 3315 4326 ξένων·
3366 4260 3500 4328 ξένοι
3535 4257 3603 4321 δὲ,

2045 4344 2119 4406 ὧν
2162 4351 2288 4418 ξένα
2317 4352 2385 4407 τὰ
2430 4353 2698 4424 κοσμικά·
2746 4353 3039 4424 κοσμικοὺς
3068 4351 3177 4425 γάρ
3227 4353 3356 4417 τοὺς
3401 4353 3477 4415 είς
3517 4348 3606 4418 γῆν

531 4481 600 4536 σΡ.
623 4481 728 4537 450
753 4481 859 4537 ΕΙ).
891 4477 1187 4548 POTTHR,
1220 4483 1456 4540 577-378
1487 4484 1596 4540 ΕΙ).
1622 4484 1846 4541 PARIS.
1923 4498 1935 4527 ι

2044 4503 2134 4542 λον.
2164 4504 2203 4554 t,
2227 4489 2316 4544 33.
2392 4489 2422 4530 δ
2439 4487 2598 4545 Prov.
2636 4505 2735 4554 vn,
2758 4489 2814 4544 2.
2893 4499 2915 4528 ο
2939 4487 3100 4544 Prov.
3128 4505 3248 4553 χεν,
3276 4489 3365 4556 16,
3389 4487 3479 4544 26.

440 4615 550 4686 (59)
573 4613 797 4693 [iambu-
829 4616 1038 4693 ⁸ἀρχὴν·
1061 4619 1353 4693 ἀφοϐίαν.
1400 4618 1716 4693 Respiciens
1748 4629 1935 4675 auctor

2044 4642 2148 4680 esse
2175 4625 2482 4693 accipimus.

366 4685 787 4761 Proverbiorutn
829 4685 1006 4761 locum
1046 4685 1166 4761 jam
1205 4689 1444 4761 dictum,
1495 4685 1719 4746 dixisset
1753 4693 1935 4761 potius

364 4755 550 4830 κακῶν
563 4755 898 4830 ,ἀπαλλαγὴν
927 4755 1175 4827 ἀφοϐίαν.
1213 4757 1348 4813 Nam
1380 4761 1470 4814 illa
1503 4755 1938 4830 deoétafquam

367 4827 526 4903 timor
555 4824 652 4880 Dei
684 4824 938 4903 operatur
958 4824 988 4891 ,⁷
1005 4844 1111 4903 non
1142 4839 1224 4884 est
1260 4831 1444 4903 κακῶν
1478 4824 1642 4903 ἀρχή,
1681 4824 1940 4903 malorum

364 4899 512 4966 origo
537 4914 599 4973 ac
632 4898 986 4973 principium,
1017 4900 1111 4954 sed
1144 4899 1328 4973 κακῶν
1360 4898 1669 4973 ἀπαλλαγή,
1699 4902 1938 4956 liberatio

364 4986 396 5020 a
446 4966 639 5039 malis.
671 4966 849 5039 Scribi
893 4971 1058 5039 etiam
1096 4970 1300 5039 possit,
1338 4987 1443 5025 una
1488 4966 1663 5026 littera
1709 4981 1937 5038 mutata,

363 5037 546 5112 κακῶν
579 5037 753 5112 ἀργῂν
785 5037 1035 5108 ἀφοϐίαν,
1073 5037 1331 5112 malorum
1355 5053 1616 5112 expertem
1647 5052 1813 5095 metus
1849 5037 1939 5095 va?-

362 5108 638 5182 cuitatem.
674 5108 794 5182 Quo
820 5123 984 5165 sensu
1015 5112 1184 5182 ἀργὸς
1208 5108 1686 5182 πόνων,⁷ίαί›οναηι
1708 5129 1889 5182 expers
1915 5127 1934 5164 :

361 5188 419 5254 et
443 5178 624 5254 ἀργὸςΔ
646 5179 872 5249 κλήρου,
906 5178 1068 5254 sorte
1084 5178 1318 5254 privatus
1337 5221 1351 5245 ,
1383 5199 1414 5236 a
1458 5181 1684 5238 Platone
1710 5178 1930 5254 dicitur.

359 5249 659 5324 (ilenientis
689 5251 954 5324 sententia
979 5253 1058 5306 sic
1085 5249 1355 5324 intellecta
1379 5254 1483 5307 erit
1507 5254 1622 5308 haec
1652 5272 1664 5308 :
1695 5252 1754 5308 Si
1777 5253 1939 5324 igitur

361 5317 473 5391 illa
495 5329 662 5372 metus
700 5319 972 5385 vacuitas,
1009 5337 1168 5391 quam
1212 5323 1362 5391 efﬁcit
1398 5324 1559 5377 timor
1599 5317 1830 5384 Domini,
1870 5326 1940 5376 sit

364 5386 629 5462 malorum
656 5403 864 5462 expers,
905 5386 1030 5462 tum'
1054 5394 1214 5444 timor
1240 5386 1346 5446 2m
1374 5395 1501 5462 quid
1533 5392 1748 5457 bonum,
1785 5409 1938 5447 nem-

361 5460 632 5528 νομιυού
669 5474 700 5512 a
736 5459 894 5513 malis
925 5461 1135 5515 liberet.
1171 5462 1274 5516 Sed
1308 5459 1589 5518 dethius
1611 5465 1696 5517 .ait
1718 5483 1730 5516 :
1752 5483 1769 5514 ι
1795 5463 1936 5528 Quid

361 5529 406 5586 si
436 5529 646 5603 iegatur
675 5528 856 5603 καλῶν
888 5530 1084 5603 ἀρχή-ν,
1117 5533 1198 5603 vel
1223 5533 1569 5597 καταλύσεως
1598 5533 1802 5586 κακῶν.
1843 5553 1862 5584 ι

436 5597 777 5675 (60)ῌΤιμὴγ
815 5597 896 5675 ἣν
928 5597 1048 5655 ἄδτῦ
1092 5602 1200 5675 τοῦ
1251 5603 1417 5675 Θεοῦ.
1458 5603 1498 5657 F
1503 5612 1619 5675 orte
1648 5603 1812 5675 τιμὴν
1844 5602 1943 5674 τὴν

361 5661 588 5741 ἀπδτοῦ
617 5661 779 5741 Θεόῇ,
810 5661 1058 5724 honorem
1096 5673 1185 5741 qui
1217 5690 1250 5726 a
1281 5673 1390 5726 Deo
1433 5682 1531 5727 est.
1577 5661 1838 5728 Svuiuﬁc.
1868 5661 1940 5713 -'—

367 5737 495 5800 ναι,
513 5739 674 5812 τιμὴν
699 5735 870 5812 εἶναι,
899 5741 1009 5795 ἀπὸ
1042 5735 1118 5812 τε,
1146 5741 1396 5797 honorem
1442 5761 1583 5807 esse,
1613 5761 1645 5796 a
1673 5744 1781 5798 Deo
1823 5745 1937 5812 ipso

361 5807 666 5878 accipimus.
699 5809 811 5873 Vel,
844 5813 1008 5884 τιμὴν
1042 5807 1194 5887 εἶναι.
1228 5813 1320 5866 τοῦ
1354 5813 1416 5868 Θ.
1453 5814 1526 5880 ὲη
1563 5815 1806 5868 honorem
1841 5807 1935 5870 Dei
1996 5877 1998 5880 ν

2113 4697 2225 4767 (61)
2249 4695 2410 4761 Δέος.
2451 4692 2603 4749 Unde
2629 4693 3038 4767 δεισιδαιμονία.

2114 4712 2410 4767 (truncae.
2453 4712 2603 4749 unue
2631 4712 2854 4748 οεισιοαι
2902 4712 3038 4748 ονια.

2114 4767 2225 4843 (62)
2266 4760 2699 4843 'Eﬂxaltuoﬁr
2828 4712 3137 4843 ῥϐᾴλεται.
3175 4763 3262 4819 Cl.
3297 4763 3526 4843 Grabius
3552 4768 3601 4843 in

2042 4837 2285 4907 margine
2326 4836 2448 4889 libri
2487 4835 2569 4890 sui
2606 4836 2882 4890 adnotavit
2921 4835 3061 4890 hanc
3095 4836 3426 4890 sententiam
3464 4835 3602 4888 citari

2043 4921 2075 4959 a
2105 4906 2443 4959 Damasceno
2469 4903 2729 4959 Parallel.
2763 4906 2858 4959 lib.
2885 4921 2926 4959 ι.
2951 4920 3070 4959 can.
3095 4904 3149 4959 4.

2043 4921 2075 4962 a
2105 4920 2443 4960 Damasceno
2469 4920 2729 4960 rarattet.
2763 4920 2858 4960 nn.
2885 4921 2926 4968 ι,
2951 4920 3070 4974 cap.
3095 4920 3149 4960 4.

2113 4975 2225 5046 (63)
2259 4978 2322 5028 Ὃ
2355 4975 2421 5029 δὲ
2444 4976 2583 5044 ἇφρ.
2610 4975 2767 5046 Vulg.
2802 4974 2917 5046 Bib.
2941 4973 3203 5046 Proverb.
3239 4991 3356 5039 xw,
3382 4974 3600 5046 plenius.

2039 5047 2082 5171 6S
2095 5045 2151 5099 δὲ
2197 5043 2406 5118 ἄφρων,
2453 5043 2630 5117 ἑαυτῷ
2661 5043 2961 5111 πεποιθὼς,
2999 5045 3258 5116 μίγνυται
3300 5043 3504 5117 ἀνόμῳ.
3544 5044 3604 5098 Α.

2088 5133 2306 5171 anuno.

2088 5133 2306 5172 YLBURG.

2115 5187 2224 5268 (64)
2249 5189 2353 5252 Εἰς
2393 5186 2697 5268 εὐέλπιδα.
2737 5185 2878 5239 Flor.
2911 5185 3038 5268 edit.
3067 5186 3160 5268 εἰς.
3181 5185 3457 5268 εὐελπίδα,
3477 5182 3605 5268 unde

2043 5252 2242 5326 aliquis
2277 5257 2618 5326 suspicetur,
2664 5257 2996 5326 transposito
3032 5252 3104 5326 -εὖ
3148 5255 3442 5326 legendum
3493 5265 3604 5307 esse

2043 5328 2076 5397 ἠ
2111 5324 2655 5398 ε’ὐεμπτωσίανλαμϐ.
2687 5327 2766 5398 είς
2791 5325 2998 5398 ἐλπίδα.
3025 5324 3364 5398 ῨΡηεοθὶΙθιιιὶ
3389 5335 3604 5398 quoque

2044 5393 2347 5459 sententia,
2378 5393 2703 5466 disjunctiva
2741 5397 2795 5466 in
2832 5397 3135 5466 articulum
3171 5410 3354 5466 versa,
3389 5393 3602 5466 legipoc

2041 5473 2149 5521 test
2177 5469 2210 5538 ἡ
2244 5463 2475 5538 ἀπόντος
2503 5465 2706 5535 ἀγαθοῦ
2739 5465 2977 5538 εὑελπὶς,
2995 5467 3056 5538 de
3081 5466 3298 5538 absente
3323 5465 3456 5538 bono
3478 5463 3605 5515 bona

2044 5553 2133 5604 spe
2162 5534 2319 5606 freta.
2352 5534 2584 5600 Εὕελπις
2615 5551 2766 5602 sane,
2803 5551 2896 5590 seu
2933 5535 3169 5606 εὺελπίς,
3207 5550 3309 5605 pro
3355 5534 3601 5588 substanv

2041 5604 2170 5672 tivo,
2206 5622 2389 5678 rarum
2423 5618 2527 5671 est,
2556 5607 2689 5678 mihi
2719 5605 2969 5678 quidem.
2994 5604 3262 5678 Stamina.
3342 5673 3445 5678 ___
3523 5669 3553 5678 η

2039 5745 2081 5799 Ρ
2112 5670 2224 5759 (65)
2265 5670 2598 5765 Ἀδελφορς.
2635 5670 2844 5732 Similia
2867 5675 3001 5732 dicit
3026 5674 3160 5731 infra
3187 5691 3314 5746 pag.
3340 5673 3446 5730 597
3475 5670 3596 5726 edit.

2085 5763 2214 5799 aris.

2085 5753 2214 5804 aris.
