3794 6330
233 375 329 433 977

1529 373 1962 432 ετιιολιιιτωι
1997 373 2124 428 LlB.
2169 372 2240 428 ll.

3377 371 3483 427 978

231 495 545 561 ἐλπίζοντας
577 497 671 551 καὶ
695 497 792 560 τὰς
829 497 1096 571 σαρκικάς
1121 497 1416 569 ἐπιθυμίας
1442 500 1800 572 ὲξακούομεν·

1924 507 1994 554 :st
2027 497 2324 553 artitlciosa
2370 495 2628 550 amicitiae
2653 492 2997 553 'ratio'circa
3041 511 3202 553 usum
3239 495 3480 567 peregri-

229 587 324 657 Μὴ
353 588 893 659 συσχηματίζεσθε,
921 593 1082 662 φησιν
1104 593 1133 644 6
1170 592 1508 656 Ἀπὸστολος,
1539 591 1618 658 τῷ
1641 592 1805 648 αἰῶνι

227 681 434 748 τούτῳ,
462 681 624 736 ἀλλὰ
650 681 1140 753 μεταμορφοῦσθε
1171 682 1244 752 τῇ
1275 684 1668 738 ἀνακαινώσει
1699 685 1804 739 τοῦ

225 771 366 838 νοὸς
401 772 535 844 (66),
569 779 654 840 εις
693 773 760 826 τὸ
791 773 1124 844 δοκιμάζειν
1165 773 1344 843 ὑμᾶς,
1377 775 1438 828 τι
1467 774 1532 828 τὸ
1578 773 1807 844 θέλημα

227 863 338 916 τοῦ
373 863 522 917 Θεοῦ
549 863 614 917 τὸ
639 864 885 935 ἀγαθὸν,
912 865 1008 919 καὶ
1040 864 1398 934 εὐάρεστον,
1426 865 1526 918 καὶ
1555 864 1800 920 τέλειον.

239 955 592 1029 Ἀναστρέψει
638 958 822 1012 τοίνυν
853 961 887 1030 ή
951 957 1222 1028 φιλοξενία
1263 959 1389 1032 περὶ
1425 941 1497 1012 ab
1536 958 1806 1030 ὠφέλιμον

227 1049 340 1111 τοῖς
389 1047 591 1112 ξένοις·
653 1049 793 1116 ξένοι
852 1049 909 1102 δὲ
969 1051 1018 1104 oi
1067 1049 1328 1115 ἐπίξενοι·
1365 1050 1599 1117 ὲπίξενοι
1650 1050 1706 1104 δὲ
1757 1053 1806 1104 οἰ

227 1141 398 1211 φίλοι·
452 1141 591 1210 φίλοι
635 1141 691 1195 δὲ
736 1143 786 1196 οἱ
838 1141 1088 1212 ἀδελφοί·
1141 1145 1283 1198 Φίλε
1323 1143 1646 1214 κασίγνητε
1673 1142 1804 1215 (67),

207 1218 398 1305 ¹φησιν
449 1235 724 1305 Ὄμηρος·
757 1235 792 1306 ἦ
845 1252 907 1290 τε
961 1235 1370 1308 φιλανθρωπία,
1415 1235 1482 1289 δι’
1526 1236 1592 1306 ἣν
1642 1237 1734 1289 καὶ
1771 1239 1804 1308 ἡ

231 1327 585 1398 φιλοστοργία
610 1367 623 1391 ,
661 1327 848 1399 φιλικὴ
884 1329 1077 1400 χρῆσις
1127 1328 1425 1400 ἀνθρώπων
1458 1328 1802 1400 ὑπάρχουσα·

228 1419 262 1489 ἦ
297 1436 362 1472 τε
395 1419 776 1491 φιλοστοργία,
807 1419 1114 1491 φιλοτεχνία
1147 1437 1232 1483 τις
1271 1415 1406 1474 οὖσα
1436 1422 1561 1492 περὶ
1599 1420 1810 1492 στέρξιν

222 1513 397 1582 φίλων
428 1513 699 1584 ἢοίκείων
719 1553 734 1578 ,
770 1513 1326 1590 συμπαρομαρτοῦσιν
1356 1512 1462 1586 (68)
1505 1513 1712 1588 ἀγάπῃ.
1747 1515 1809 1566 Εἰ

218 1607 275 1660 δὲ
303 1605 386 1677 τῷ
419 1605 530 1659 δντι
561 1605 888 1678 ἄνθρωποςό
915 1608 973 1660 ἐν
1005 1607 1158 1677 ἡμῖν,
1181 1607 1334 1660 ἐστὶν
1360 1609 1388 1660 6
1419 1606 1807 1678 πνευματικὸς,

221 1697 552 1769 φιλαδελφία
605 1697 712 1770 (69)
765 1701 798 1770 ἡ
857 1698 1231 1772 φιλανθρωπία
1257 1739 1271 1762 ,
1325 1701 1436 1762 τοῖς
1492 1699 1584 1752 τοῦ
1645 1699 1808 1752 αὐτοῦ

219 1791 547 1864 Πνεύματος
581 1791 1060 1864 κεκοινωνηκόσιν.
1099 1791 1318 1864 Στέρξις
1347 1791 1392 1844 δ’
1429 1788 1527 1856 αὖ,
1581 1791 1810 1863 τήρησίς

1911 607 2129 646 norum.
2193 589 2471 661 Peregrini
2527 597 2707 643 autem
2756 598 2903 654 sunt,
2945 590 3145 660 quibus
3199 587 3482 660 peregrina

1913 691 2063 746 sunt,
2101 697 2222 752 quae
2251 689 2382 737 sunt
2411 680 2709 735 mundana.
2739 678 3043 736 Mundanos
3072 682 3217 736 enim
3249 697 3366 744 eos,
3390 681 3483 750 qui

1911 773 1968 828 in
2025 785 2223 828 terram
2273 779 2534 844 sperant,
2577 779 2630 826 et
2687 773 3159 842 concupiscentias
3213 773 3480 835 carnales.

1913 867 2271 938 intelligimus
2305 883 2319 919 :
2364 863 2544 919 Nolite
2577 865 2922 934 conformari,
2961 864 3138 935 inquit
3169 865 3482 936 Apostolus,

1912 960 2033 1013 huic
2065 957 2280 1024 saeculo,
2315 958 2404 1013 sed
2440 955 2890 1022 transformamini
2911 958 3244 1012 renovatione
3271 955 3482 1025 mentis,

1913 1053 1982 1106 ad
2016 1053 2112 1106 hoc
2145 1063 2202 1106 ut
2239 1068 2326 1106 vos
2360 1051 2609 1122 probetis,
2647 1067 2762 1121 qua:
2813 1052 2882 1106 sit
2923 1051 3162 1105 voluntas
3191 1049 3286 1105 Dei
3327 1051 3484 1117 bona,

1915 1144 2037 1197 bene
2065 1144 2300 1214 placens,
2343 1155 2394 1198 et
2430 1144 2664 1214 perfecta
2697 1155 2751 1198 ο.
2786 1142 3110 1198 Versabitur
3138 1159 3267 1213 ergo
3298 1144 3487 1213 hospi-

1913 1237 2097 1292 talitas
2135 1238 2190 1292 in
2228 1243 2286 1301 >14
2319 1253 2406 1305 eo,
2454 1239 2601 1309 quod
2646 1247 2731 1293 est
2781 1239 2910 1293 utile
2959 1237 3280 1308 peregrinis.
3329 1236 3490 1291 Perc-

1914 1330 2054 1402 griui
2093 1338 2275 1386 autem
2321 1339 2469 1396 sunt,
2499 1331 2592 1400 qui
2624 1331 2786 1385 etiam
2817 1331 3075 1385 dicuntur
3108 1327 3364 1393 ὲπίξενοι,
3393 1345 3488 1383 seu

1895 1423 2140 1493 hospitio
2166 1425 2406 1494 excepti:
2437 1421 2672 1488 ὲπίξενοι
2706 1431 2888 1478 autem
2941 1432 3069 1478 sunt.
3097 1423 3256 1477 amici
3287 1440 3300 1488 ;
3328 1422 3489 1476 amici
3577 1447 3582 1458 -

1915 1527 2096 1571 autem
2121 1527 2250 1571 sunt
2273 1515 2488 1572 fratres.
2527 1515 2724 1570 Frater
2754 1517 2941 1582 amice,
2969 1515 3145 1584 inquit
3177 1512 3444 1568 Homerus
3474 1532 3486 1566 :

1915 1620 1970 1666 et
2009 1610 2343 1674 humanitas,
2373 1625 2470 1680 per
2504 1626 2668 1680 quam
2720 1608 2778 1662 fit
2812 1608 2953 1664 bona
3000 1607 3233 1672 affectio,
3261 1623 3382 1678 qua:
3405 1615 3491 1661 est

1916 1701 2126 1766 amicus
2156 1717 2290 1758 usus
2333 1702 2649 1768 hominum;
2686 1709 2739 1755 et
2771 1701 2886 1769 ipsa
2919 1701 3059 1754 bona
3105 1699 3336 1768 atl'cctio,
3369 1715 3491 1769 quae

1916 1799 2002 1848 est
2021 1792 2270 1864 quaedam
2306 1793 2600 1848 artificiosa
2637 1791 2891 1846 amicitias
2929 1791 3069 1844 ratio
3100 1792 3246 1846 circa
3278 1792 3488 1846 amico-

220 1887 374 1938 ἔστιν
425 1885 636 1948 εὐνοίας
673 1885 708 1958 ἦ
756 1886 1114 1957 ἀγαπήσεως·
1166 1885 1444 1956 ἀγάπησις
1487 1883 1543 1937 δὲ
1590 1884 1800 1937 ἀπόδει-

1924 1900 2039 1939 rum
2091 1883 2178 1939 vel
2243 1885 2680 1940 necessariorum
2748 1883 3099 1950 dilectiones,
3156 1885 3492 1939 comitantur

221 1977 304 2043 ξις
329 1979 440 2049 (70)
475 1979 775 2050 παντελής·
813 1979 906 2032 καὶ
937 1977 998 2031 τὸ
1027 1976 1343 2046 ἀγαπᾶσθαι
1375 1977 1700 2048 ἀρέσκεσθαι
1731 1977 1808 2049 τῷ

219 2071 382 2142 ᾕθει,
414 2069 681 2142 ἀγόμενόν
729 2088 785 2123 τε
833 2070 925 2124 καὶ
954 2069 1316 2141 ἀπαγόμενον.
1347 2070 1603 2138 Ἀγονται
1635 2069 1692 2122 δὲ
1730 2071 1809 2134 είς

217 2164 534 2234 ταυτότητα
579 2161 646 2216 δι’
694 2164 984 2234 ὁμόνοιαν,
1030 2165 1342 2236 ἐπιστήμην
1391 2158 1554 2216 οὖσαν
1615 2162 1808 2217 κοινῶν

218 2254 469 2326 ἀγαθῶν.
501 2255 761 2328 Καὶςλγάρ
807 2257 840 2328 ἡ
871 2249 1298 2326 ὁμογνωμοσύνη
1333 2255 1620 2326 συμφωνία
1667 2271 1808 2324 γνω-

219 2349 364 2424 μῶν.
385 2350 520 2412 Καὶ,
555 2347 611 2404 Ἡ
640 2349 838 2419 ἀγάπη
863 2349 996 2420 (71),
1023 2351 1206 2422 φησιν,
1228 2350 1624 2417 ἀνυπόκριτος
1654 2335 1809 2402 ἔστω

209 2439 370 2510 ’ἡμῖν
415 2441 655 2510 αὐτοῖς,
703 2442 799 2495 καὶ
857 2442 1340 2512 ἀποστυγοῦντες
1391 2441 1456 2495 τὸ
1505 2441 1806 2510 πονηρὸν,

217 2531 520 2604 ¹μνώμεθα
551 2532 916 2602 κολλώμενοι
967 2533 1046 2599 τῷ
1093 2533 1292 2606 ἀγαθῷ
1332 2533 1406 2604 τῇ
1449 2535 1810 2605 φιλαδελφίᾳ

216 2643 304 2691 τε,
345 2626 442 2680 καὶ
474 2626 540 2680 τά
569 2626 695 2698 ἑξῆς
721 2627 844 2690 ἕως,
875 2629 944 2680 El
973 2626 1258 2692 δυνατὸν,
1289 2629 1354 2681 τὸ
1376 2629 1445 2692 ἐξ
1467 2626 1632 2698 ὑμῶν
1661 2629 1812 2699 μετὰ

217 2720 472 2774 πάντων
524 2719 850 2788 ἀνθρώπων
902 2722 1331 2790 εἰρηνεύοντες.
1389 2721 1618 2776 Ἔπειτα
1640 2762 1655 2786 ,
1711 2722 1808 2792 Μὴ

217 2809 390 2874 νικῶ,
431 2811 600 2880 λέγει,
651 2811 771 2866 ὑπὸ
816 2813 922 2866 τοῦ
969 2812 1190 2878 κακοῦ,
1224 2813 1384 2868 ἀλλὰ
1439 2815 1576 2868 νίκα
1618 2813 1687 2868 ἐν
1730 2814 1810 2880 τῷ

219 2903 428 2975 ἀγαθῷ
459 2906 524 2958 τὸ
563 2907 772 2962 κακόν.
825 2907 1100 2971 Ἰουδαίοις
1146 2925 1205 2959 τε
1245 2909 1274 2960 6
1319 2907 1480 2971 αὐτὸς
1513 2908 1810 2973 ἀπόστολος

213 2996 548 3068 μαρτυρεῖν
609 2998 859 3068 ὁμολογεῖ
885 3039 899 3063 ,
956 2998 1046 3052 ὅτι
1101 2998 1279 3067 ζῆλον
1339 2999 1487 3054 Θεοῦ
1534 3002 1806 3071 ἔχουσιν,

219 3089 363 3142 ἀλλ’
409 3090 482 3143 οὐ
533 3091 664 3142 κατ’
719 3089 1046 3160 ἐπίγνωσιν
1065 3109 1078 3122 ·
1134 3091 1494 3162 ἀγνοοῦντες
1541 3094 1651 3164 γὰρ
1696 3093 1812 3164 τὴν

216 3181 331 3235 τοῦ
383 3180 535 3235 Θεοῦ
571 3181 1002 3251 δικαιοσύνην,
1057 3185 1156 3238 καὶ
1203 3184 1318 3254 τὴν
1361 3185 1520 3240 ἰδίαν
1563 3185 1808 3256 ζητοῦν-

1915 1977 2261 2034 charitatem.
2294 1976 2352 2031 Si
2392 1985 2574 2032 autem
2609 1993 2794 2032 revera
2837 1977 3022 2044 homo,
3062 1976 3158 2046 qui
3191 1985 3275 2032 est
3307 1977 3359 2030 in
3393 1991 3491 2030 no-

1915 2071 2021 2136 his,
2067 2079 2151 2126 est
2207 2070 2488 2141 spiritalis,
2531 2071 2846 2126 humanitas
2899 2080 2985 2126 est
3039 2068 3354 2124 fraternitas
3396 2071 3487 2135 iis,

1915 2162 2008 2232 qui
2059 2171 2187 2217 sunt
2230 2163 2476 2233 ejusdem
2514 2159 2750 2232 Spiritus
2787 2161 3103 2233 participes.
3135 2159 3361 2215 Aliectio
3393 2177 3492 2214 au-

1887 2259 2024 2305 ‘tcm
2073 2267 2266 2307 rursus
2315 2261 2399 2308 est
2448 2252 2794 2308 conservatio
2833 2252 3243 2318 benevolentiae,
3275 2251 3358 2305 vel
3402 2251 3490 2304 (li--

1915 2346 2188 2402 lectionis.
2241 2344 2467 2401 Dilectio
2499 2355 2682 2400 autem
2726 2353 2810 2402 est
2851 2343 3088 2416 perfecta
3142 2353 3197 2400 et
3245 2344 3491 2400 absoluta

1916 2440 2358 2496 demonstratio:
2394 2448 2447 2494 et
2489 2440 2664 2512 diligi,
2697 2440 2842 2510 quod
2895 2448 2978 2494 est
3025 2438 3366 2508 ἀγαπᾶσθαι,
3409 2447 3493 2494 εει

1915 2536 2129 2606 placere
2155 2534 2423 2600 moribus,
2460 2535 2696 2604 ducique
2721 2543 2775 2589 et
2803 2533 3020 2589 abduci.
3045 2533 3104 2587 In
3135 2533 3278 2588 idem
3309 2541 3493 2588 autem

1918 2630 2195 2685 ducuntur
2221 2644 2316 2698 per
2342 2628 2790 2696 consensionem,
2817 2643 2940 2698 qua:
2968 2637 3052 2684 est
3084 2627 3315 2683 scicntia
3346 2641 3494 2682 com-

1918 2722 2166 2776 munium
2197 2721 2489 2776 bonorum.
2511 2720 2817 2776 Consensio
2841 2721 3008 2786 enim,
3035 2736 3157 2791 quae
3184 2722 3496 2792 ὁμογνωμο-

1919 2814 2074 2885 σύνη,
2123 2825 2208 2870 εει
2241 2831 2544 2870 consensus
2597 2815 2933 2870 animorum.
2987 2814 3052 2869 Et
3092 2835 3106 2871 :
3151 2814 3276 2870 Non
3325 2817 3490 2885 ﬁcta.

1916 2906 2111 2976 inquit,
2147 2907 2379 2962 charitas
2423 2909 2490 2963 sit
2531 2907 2701 2975 nobis,
2734 2918 2784 2962 et
2827 2908 2948 2962 odio
2983 2908 3230 2962 habentes
3267 2907 3491 2974 malum,

1918 2997 2279 3052 adhwreamus
2304 2979 2436 3050 bona
2465 3007 2516 3050 et
2541 2997 2770 3067 fratrum
2801 2998 2996 3065 amori,
3017 3006 3072 3052 et
3093 3013 3214 3069 qua:
3248 3013 3491 3068 sequun-

1917 3099 2026 3157 tur,
2069 3105 2244 3160 usque
2278 3091 2346 3145 ad
2393 3089 2526 3145 illud
2563 3109 2576 3144 :
2613 3089 2673 3145 Si
2703 3091 2952 3160 possibile
3007 3100 3106 3158 est,
3156 3101 3412 3162 quantum
3437 3093 3494 3144 in

1915 3183 2060 3237 vobis
2087 3191 2183 3250 est,
2215 3199 2334 3236 cum
2369 3182 2609 3236 omnibus
2656 3182 2954 3237 hominibus
2992 3199 3172 3253 pacem
3213 3182 3484 3236 habentes.

217 3289 322 3338 τες
365 3272 479 3344 (72)
536 3272 788 3343 στῆσαι,
831 3243 1300 3347 τῇοικαιοσύνξῖ
1350 3277 1456 3331 τοῦ
1506 3243 1654 3334 Θεοί)
1695 3283 1800 3352 οὐχ

1924 3273 2124 3328 Deinde
2156 3291 2169 3328 :
2218 3272 2301 3327 Ne
2337 3274 2588 3338 uincaris,
2621 3273 2818 3344 inquit,
2867 3291 2900 3326 a
2945 3273 3109 3338 malo,
3142 3273 3231 3328 sed
3265 3274 3409 3326 vince
3437 3273 3492 3326 in

219 3362 651 3433 ὑπετάγησαν·
687 3365 748 3417 οὐ
782 3366 890 3440 γὰρ
919 3367 980 3420 τὸ
1011 3367 1258 3440 βούλημα
1305 3370 1400 3423 τοῦ
1445 3370 1608 3443 νόμου
1643 3372 1810 3442 ἐγνω-

223 3459 326 3513 σάν
359 3475 416 3510 τε
455 3461 550 3512 καὶ
583 3460 865 3530 ἐποίησαν,
913 3459 1026 3513 ἀλλ’
1051 3459 1080 3513 ὃ
1137 3460 1402 3514 ὑπέλαῦον
1435 3463 1618 3532 αὐτοὶ,
1653 3465 1810 3519 τοῦτο

221 3551 320 3604 καὶ
371 3549 657 3621 βούλεσθαι
689 3553 780 3606 τὸν
821 3553 984 3624 νόμον
1029 3553 1281 3626 ᾠήθησαν
1301 3573 1313 3585 ·
1343 3555 1451 3608 οὐδ’
1488 3555 1564 3620 ὡς
1593 3575 1808 3631 προφη-

217 3641 436 3696 τεύοντι
463 3643 572 3714 (75)
605 3644 682 3715 τῷ
701 3645 850 3716 νόμῳ
884 3645 1232 3712 ἐπίστευσαν,
1247 3647 1390 3721 λόγῳ
1423 3649 1480 3702 δὲ
1514 3649 1682 3720 ψιλῷ·
1716 3653 1809 3704 καὶ

219 3735 415 3806 φόϐῳ,
455 3735 566 3790 ἀλλ’
621 3737 682 3790 οὐ
731 3737 968 3792 διαθέσει
1017 3741 1112 3792 καὶ
1171 3741 1350 3794 πίστει
1401 3742 1804 3814 ἠκολούθησαν·

225 3826 412 3894 Τέλος
443 3827 554 3898 γὰρ
591 3830 779 3898 νόμου
813 3830 1068 3899 Χριστὸς
1097 3834 1182 3897 εὶς
1218 3831 1614 3904 δικαιοσύνην
1645 3837 1676 3888 6'
1705 3835 1810 3888 ὑπὸ

218 3915 394 3986 νόμου
453 3917 852 3988 προφητευθεὶς
903 3921 1065 3974 παντὶ
1119 3921 1198 3992 τῷ
1252 3921 1584 3978 πιστεύοντι.
1649 3925 1809 3980 Ὅθεν

219 4005 446 4079 εἴρηται
498 4007 706 4072 τούτοις
755 4010 904 4082 ποιρά
949 4011 1252 4074 Μωῢσέως·
1310 4013 1450 4083 Ἐγὼ
1473 4015 1581 4086 (7-1)
1621 4033 1808 4085 παρα-

219 4095 473 4164 ζηλώσω
507 4097 660 4168 ὑμᾶς
705 4100 798 4152 ἐπ’
834 4103 943 4156 οὐκ
995 4103 1172 4168 ἔθνει,
1207 4105 1300 4156 ἐπ’
1333 4105 1490 4159 ἔθνει
1537 4108 1810 4176 ἀσυνέτῳ

219 4189 524 4259 παροργιῶ
553 4190 728 4260 ὑμᾶς,
757 4193 835 4263 τῷ
881 4197 960 4258 εἰς
996 4195 1242 4267 ὑπακοὴν
1275 4197 1514 4268 δηλονότι
1556 4201 1811 4273 εὑτρεπεῖ

219 4283 523 4354 γενομένῳ.
569 4285 680 4336 Καὶ
711 4285 798 4339 διὰ
843 4287 1063 4340 Ἡσαΐου
1087 4328 1106 4353 ,
1135 4290 1436 4359 Εἰιοέθην,
1476 4292 1650 4360 λέγει,
1687 4293 1810 4361 τοῖς

217 4374 328 4444 ἐμὲ
371 4374 460 4445 μὴ
507 4374 818 4442 ζητοῦσιν·
869 4378 1142 4448 ἐμφανὴς
1188 4381 1481 4453 ἐγενόμην
1522 4385 1634 4457 (75)
1685 4387 1809 4454 τοῖς

1916 3367 2051 3420 bono
2075 3365 2273 3420 malum
2297 3367 2346 3420 ιι.
2379 3365 2446 3421 Ει
2469 3366 2610 3421 idem
2652 3365 2931 3436 apostolus
2974 3365 3176 3421 fatetur
3202 3382 3260 3420 se
3289 3365 3492 3420 .l'udteis

1917 3458 2056 3528 ferre
2083 3459 2445 3512 testimonium
2486 3457 2624 3528 quod
2658 3457 2828 3512 zelum
2855 3457 2954 3511 Dei
2987 3458 3236 3523 habeant,
3269 3459 3492 3512 sed'non

1916 3549 2208 3603 secundum
2245 3550 2523 3604 scientiam
2547 3565 2566 3603 :
2593 3551 2888 3620 ignorantes
2910 3552 3049 3604 enim
3084 3550 3182 3605 Dei
3196 3551 3490 3620 justitiam,

1885 3649 1966 3697 ἐι
2017 3644 2290 3713 propriam
2337 3653 2625 3712 quwrentes
2679 3651 2931 3706 statuere,
2982 3642 3082 3696 Dei
3114 3645 3346 3713 justitite
3389 3659 3492 3697 non

1915 3737 2060 3806 fuere
2081 3737 2326 3805 subjecti.
2362 3735 2478 3790 Non
2511 3737 2654 3790 enim
2688 3735 2822 3806 legis
2851 3737 3182 3790 voluntatem
3221 3751 3488 3807 cognove-

1915 3839 2043 3884 runt
2096 3837 2150 3884 et
2197 3828 2464 3894 fecerunt,
2526 3827 2620 3882 sed
2668 3828 2810 3898 quod
2854 3829 2958 3898 ipsi
3014 3829 3487 3894 existimaverunt,

1915 3925 2020 3978 hoc
2057 3923 2223 3978 etiam
2270 3923 2441 3992 legem
2487 3921 2624 3976 velle
2657 3930 2936 3992 putarunt.
2987 3920 3171 3993 Neque
3221 3923 3322 3993 legi
3370 3931 3490 3978 tan-

1916 4030 2078 4084 quam
2115 4014 2459 4084 prophetiam
2498 4013 2798 4068 continenti
2822 4014 3193 4075 credideruut,
3233 4014 3326 4069 sed
3371 4023 3492 4068 tan-

1915 4121 2080 4176 quam
2111 4105 2257 4160 nudo
2286 4105 2526 4161 sermoni
2557 4121 2571 4159 :
2605 4113 2660 4160 et
2683 4105 3030 4174 praetimere,
3064 4105 3184 4159 sine
3218 4105 3414 4160 affectu
3438 4116 3492 4160 et

1915 4199 2040 4264 fide,
2065 4197 2312 4253 obsecuti
2347 4207 2504 4252 sunt.
2533 4197 2686 4251 Finis
2715 4199 2853 4250 enim
2886 4197 3012 4267 legis
3043 4207 3119 4251 est
3152 4197 3393 4252 Christus
3422 4198 3490 4252 ad

1907 4291 2201 4359 justitiam,
2233 4290 2325 4360 qui
2354 4299 2444 4346 est
2465 4305 2494 4344 a
2519 4290 2635 4360 lege
2659 4291 2968 4360 prtedictus,
3001 4291 3145 4343 omni
3171 4292 3402 4345 credenti
3434 4302 3483 4345 ο.

1917 4379 2068 4438 Unde
2091 4384 2172 4438 eis
2198 4383 2402 4438 dictum
2437 4391 2521 4436 est
2561 4397 2594 4436 a
2623 4381 2841 4451 Moyse:
2885 4380 2997 4450 Ego
3033 4381 3372 4435 aemulatione
3401 4399 3488 4436 vos

219 4467 330 4535 ἐμὲ
353 4467 442 4536 μὴ
474 4467 809 4536 ἐπερωτῶσι
828 4489 839 4499 ·
871 4471 976 4542 πρὸ
1003 4471 1104 4542 τῆς
1133 4473 1228 4528 τοῦ
1262 4476 1466 4547 Κυρίου
1507 4481 1800 4552 παρουσίας

1924 4477 2205 4536 provocabo
2257 4477 2314 4529 in
2364 4493 2469 4529 non
2529 4485 2706 4546 gente,
2747 4477 2802 4530 in
2855 4474 3044 4545 populo
3084 4475 3248 4530 stulto
3283 4491 3370 4528 vos
3419 4477 3489 4528 a1

221 4557 452 4669 δηλιιδὴ,
493 4559 610 4630 μεθ’
655 4561 720 4632 ἢν
754 4561 847 4614 καὶ
876 4561 954 4632 τῷ
1007 4564 1225 4638 Ἰσραὴλ
1265 4567 1448 4622 ἐκεῖνα
1499 4570 1566 4623 τὰ
1599 4589 1800 4645 προφη-

1924 4571 2054 4624 iram
2106 4569 2330 4623 irritabo
2357 4567 2410 4633 δ,
2461 4570 2554 4639 qui
2599 4568 2703 4622 fuit
2752 4567 2957 4622 scilicet
2991 4577 3217 4637 paratus
3258 4569 3326 4622 ad
3360 4567 3490 4624 ohe-

219 4649 486 4706 τευθέντα
542 4653 758 4716 οίκείως
827 4651 1042 4722 λέγεται
1093 4656 1218 4710 νῦν·
1281 4659 1643 4724 Ἐξεπέτασα
1699 4667 1800 4733 τὰς

1924 4664 2192 4720 diendum.
2225 4663 2290 4720 Et
2315 4679 2409 4735 per
2431 4662 2628 4718 Isaiam
2669 4683 2682 4718 :
2717 4661 2966 4717 Inventus
3001 4679 3138 4728 sum,
3165 4663 3362 4732 inquit,
3391 4661 3482 4729 iis,

299 4798 358 4876 »ξ
395 4791 742 4876 nassae.“
757 4791 1317 4876 permansere
1343 4800 1450 4856 ει).
1491 4802 1717 4862 PARIS.
1791 4821 1800 4850 ε

1929 4826 2000 4864 ιη.
2037 4827 2135 4872 xu,
2162 4809 2216 4863 ‘2.
2293 4810 2320 4850 δ
2352 4808 2488 4864 lhid.
2509 4826 2606 4876 xu,
2630 4810 2684 4874 9,
2713 4807 2800 4873 l0,
2829 4809 2914 4874 18,
2943 4809 3034 4864 2|.
3111 4820 3134 4849 α
3155 4807 3315 4863 Rom.
3345 4825 3403 4876 ι,
3428 4808 3484 4875 2,

223 4862 280 4928 3,
311 4864 365 4917 4.
444 4863 472 4902 ἀ
507 4865 640 4919 lhid.
679 4864 774 4932 l9;
814 4863 971 4921 Deut.
1006 4883 1180 4935 χχχιι,
1206 4869 1294 4923 ει.

297 5007 408 5078 (66)
447 5008 620 5074 Νοός.
653 5009 792 5072 Νοὸς
821 5009 996 5076 ὑμῶν,
1033 5010 1190 5067 Rom.

297 5078 408 5156 (67)
443 5079 585 5156 «fixe
611 5095 664 5131 κ.
693 5079 1204 5156 Homer.AIliad.__E,
1239 5101 1290 5138 v.
1322 5087 1446 5142 559.

292 5148 406 5228 (68)
437 5151 1070 5228 Σξυμπιιρομαρτοῦσιν.
1099 5152 1215 5208 Non
1247 5159 1515 5212 assentior
1546 5159 1797 5216 Lowthio

225 5191 484 5292 “fluenti
519 5191 1079 5292 ἓυῇπξὲξᾶᾆτᾌξξςάἶ

289 5283 410 5356 ’(69)
443 5283 830 5370 agamagam.
860 5283 1229 5370 Tertullinus
1251 5295 1522 5370 Apologia:
1543 5316 1661 5370 cap.
1692 5303 1797 5357 59:

229 5355 451 5435 fratres
501 5355 750 5413 dicuntur
789 5370 838 5416 et
887 5363 1176 5435 habentur,
1205 5355 1315 5435 qui
1368 5355 1528 5422 mium
1585 5355 1800 5426 Patrem

231 5427 400 5510 Deum.
432 5443 782 5501 agnoverunt,
811 5434 901 5504 qui
933 5451 1096 5489 unum
1119 5427 1378 5506 Spiritum
1401 5439 1640 5496 biberunt
1671 5460 1799 5496 san-

227 5509 454 5552 ctttatis.

264 5569 412 5648 '(70)
484 5571 824 5648 Ἀπόδειξις.
889 5571 1050 5628 Forte
1115 5577 1464 5648 scribendum
1530 5581 1800 5648 ἀπόδεξις.

229 5635 356 5724 Nam
369 5635 597 5735 rumoris
623 5651 706 5696 est
727 5635 957 5730 amatos
1004 5647 1280 5711 παντελῶς
1307 5649 1690 5735 ἀποδέχεσθαι,
1710 5635 1804 5735 :86-

231 5712 478 5832 κιμὲἓειν
505 5713 598 5766 καὶ
633 5717 918 5779 συναινεῖν,
955 5727 1029 5781 ει,
1075 5726 1132 5771 ut
1169 5721 1434 5787 sequitur,
1471 5712 1804 5793 ἀρέσκεσθαι

231 5795 306 5830 τω
353 5809 360 5832 λ
403 5799 468 5832 El.

231 5795 306 5847 τῳ
329 5795 468 5850 ηῠει.

303 5849 410 5923 (71)
447 5852 510 5908 Ἠ
537 5855 630 5924 ἀγ.
677 5855 740 5908 'il
771 5855 954 5928 ἀγάπη
989 5859 1366 5933 ἀνυπόκριτος.
1407 5863 1797 5932 Ἀποστυγοῦν-

1904 5039 1997 5086 τες
2026 5022 2092 5074 τὸ
2115 5021 2376 5093 πονηρὸν,
2400 5021 2726 5093 κολλώμενοι
2758 5021 2836 5093 τῷ
2866 5021 3271 5093 ἀγαθῷηῐὶοῐῐι.
3302 5036 3400 5086 xu,
3431 5021 3484 5077 9.

1978 5093 2091 5165 (Ῐῖ)
2135 5091 2316 5165 ἸδζάνΑ
2340 5091 2386 5152 ζ.
2435 5091 2590 5146 ’ἰδίαν
2621 5091 2964 5165 δικαιοσύνην
2989 5091 3038 5156 ζ.
3075 5091 3236 5147 Rom.
3279 5129 3282 5132 «

1977 5163 2090 5232 (75)
2121 5162 2257 5216 Οὐδ’
2288 5163 2370 5229 ὡς
2400 5175 2580 5234 apag.
2621 5163 2744 5226 Hoc
2778 5175 2890 5225 est,
2921 5162 3048 5216 'non
3099 5164 3311 5234 assensi
3359 5173 3490 5218 sunt

1907 5234 2226 5304 prophetico
2265 5249 2330 5304 ac
2375 5233 2606 5304 mystico
2659 5234 2792 5304 legis
2830 5233 3042 5296 sensui,
3083 5250 3194 5304 quo
3232 5233 3487 5288 Christus

1906 5303 2171 5358 Venturos
2204 5303 2474 5358 indicatus
2497 5313 2579 5358 est
2605 5322 2618 5357 :
2647 5303 2742 5360 sed
2767 5307 3035 5358 duntaxat
3063 5303 3341 5360 eiternam
3367 5305 3487 5373 ejus

1906 5373 2166 5446 litteram,
2193 5373 2357 5446 idque
2377 5375 2574 5430 timore
2605 5376 2808 5446 potius,
2834 5391 2998 5445 quam
3026 5376 3242 5432 sincero
3264 5374 3486 5438 allectu,

1910 5453 2004 5498 aut
2039 5444 2161 5509 title,
2187 5445 2356 5498 secuti
2393 5455 2542 5500 sunt.

1982 5513 2098 5584 (74)
2139 5513 2298 5583 Ἐγώ.
2334 5513 2587 5569 Clemens
2633 5515 2686 5569 in
2723 5516 2828 5582 his,
2859 5525 2920 5569 ut
2963 5515 3128 5570 etiam
3172 5516 3225 5568 in
3267 5515 3337 5569 iis
3366 5530 3489 5584 qua:

1909 5599 1975 5638 ex
2003 5583 2146 5655 Isaia
2167 5595 2493 5654 sequuntur,
2525 5587 2820 5641 recitamlis
2857 5585 3154 5655 Epistolam
3183 5589 3268 5655 ad
3287 5587 3488 5640 lloma-

1911 5671 2011 5710 nos
2042 5654 2388 5727 potissimum
2438 5653 2660 5727 secutus
2705 5665 2808 5710 est.
2848 5653 3020 5724 Κάγὼ
3054 5673 3150 5727 pro
3175 5653 3306 5724 ἐγώ,
3341 5656 3487 5712 Deu-

1909 5724 2204 5796 terLDeiu.
2233 5725 2430 5796 αὐτοὺς
2461 5725 2548 5796 his
2575 5741 2672 5796 pro
2693 5727 2860 5796 ὑμᾶς.
2899 5728 3030 5781 ihid.

1978 5795 2092 5870 (75)
2122 5794 2420 5870 Emeterii;
2471 5793 2936 5870 ἐξγξΕἷπσζι-Ίδοὺ
2973 5799 3107 5868 εἰμι,
3153 5797 3228 5870 τῷ
3262 5796 3402 5851 ἔθνει
3436 5795 3490 5848 01

1907 5863 2004 5918 οὐκ
2040 5863 2304 5922 ὲκάλεσίάν
2331 5885 2430 5938 μου
2461 5863 2521 5920 τδ
2552 5868 2742 5939 ὄνομα,
2771 5867 2874 5924 lsa.
