3794 6330
61 403 154 458 £93

1345 392 1775 453 STROMATUM
1810 393 1938 448 LIB.
1977 391 2043 448 ll.

3202 395 3305 449 994

61 515 206 588 ςησὶν
233 516 262 569 ό
293 515 524 586 Ποιμὴν,
555 513 721 588 ἀρετὴ
749 516 782 584 ἡ
815 514 994 578 πίστις
1017 515 1154 580 ἐστὶ,
1184 515 1254 566 δι’
1273 509 1340 588 ἧς
1363 513 1611 579 σώζονται

1755 529 1850 568 nen
1874 513 2194 568 occasiones
2227 511 2451 578 habere,
2487 527 2608 581 quae
2636 527 2760 567 eum
2801 521 3057 568 moveant
3090 523 3142 568 et
3166 513 3306 568 inci-

129 607 366 659 ἐκλεκτοὶ
395 605 486 659 τοῦ
529 605 662 658 Θεοῦ
684 623 696 635 ·
745 608 778 677 ἡ
813 606 868 659 δὲ
905 605 1256 678 ἀνδριζομένη
1305 606 1616 674 ἐγκράτεια.

61 699 276 750 Ἔπεται
304 697 350 750 δ’
378 697 569 760 αὐταῖς
607 697 866 768 ἁπλότης,
903 700 1180 769 ἐπιστήμη
1203 737 1216 760 ,
1263 699 1496 762 ἀκακία,
1534 713 1622 748 σε·-

63 791 268 860 μνότης,
303 791 512 861 ἀγάπη.
547 791 728 844 Πᾶσαι
758 789 814 844 δὲ
837 787 994 846 αὗται
1033 791 1266 857 πίστεώς
1300 793 1402 844 είσι
1453 792 1620 861 θυγα-

57 879 224 951 τέρες.
251 881 362 933 Καὶ
393 882 554 936 πάλιν
573 923 587 944 ,
628 887 948 954 προηγεῖται
991 885 1086 954 μὲν
1115 885 1296 948 πίστις
1319 923 1334 948 ,
1371 885 1532 954 φόϐος
1564 885 1620 938 δὲ

59 973 336 1042 οἰκοδομεῖ,
365 971 561 1025 τελειοῖ
585 972 694 1044 δὲὴ
728 973 915 1043 ἀγάπη
949 972 1080 1044 (54).
1111 973 1378 1045 Φοϐητέον
1404 973 1510 1044 ('55)
1529 969 1620 1027 οὖν

59 1065 140 1116 τὸν
159 1063 380 1136 Κύριον,
421 1065 586 1134 λέγει,
617 1067 698 1130 εἰς
731 1067 1042 1138 οἰκοδομὴν,
1077 1067 1190 1119 ἀλλ’
1215 1067 1274 1119 οὐ
1315 1066 1406 1122 τὸν
1437 1067 1620 1122 διάϐο-

57 1155 138 1206 λον
165 1157 238 1219 είς
265 1157 669 1226 καταστροφήν.
705 1155 982 1226 Ἐμπαλιν
1016 1156 1092 1218 δὲ,
1127 1155 1194 1208 τὰ
1226 1156 1322 1226 μὲν
1363 1155 1494 1227 ἔργα
1525 1155 1618 1209 τοῦ

57 1244 268 1316 Κυρίου,
297 1245 665 1309 τουτέστι“τὰς
709 1245 928 1310 ἐντολὰς
951 1286 966 1310 ,
995 1247 1306 1316 ἀγαπητέον
1342 1247 1434 1300 καὶ
1467 1265 1622 1320 ποιη-

57 1333 186 1398 τέον,
209 1335 278 1389 τὰ
299 1337 358 1390 δὲ
378 1336 512 1408 ἔργα
540 1337 632 1390 τοῦ
663 1337 908 1391 διαϐόλου
943 1337 1204 1408 φοϐητέον
1241 1339 1334 1392 καὶ
1369 1340 1429 1392 οὐ
1467 1357 1621 1410 ποιη-

55 1431 196 1482 τέον-
239 1430 392 1500 ὁμὲν
435 1430 544 1500 γὰρ
585 1430 680 1483 τοῦ
713 1430 848 1484 Θεοῦ
907 1430 1068 1500 φόϐος
1126 1430 1370 1485 παιδεύει
1415 1433 1509 1486 καὶ
1541 1435 1620 1496 εἰς

55 1520 264 1590 ἀγάπην
293 1519 743 1593 ἀποκαθίστησιν,
772 1523 800 1575 ὁ
829 1521 886 1575 δὲ
918 1521 1024 1574 τῶν
1045 1521 1140 1574 τοῦ
1167 1520 1408 1575 διαϐόλου
1446 1522 1619 1595 ἔργων

55 1614 202 1680 μῖσος
236 1610 352 1682 ἔχει
387 1612 656 1665 σύνοικον.
691 1631 711 1661 ι
771 1609 828 1664 ’0
853 1611 909 1663 δὲ
951 1611 1111 1675 αὐτὸς
1137 1612 1228 1664 καὶ
1259 1630 1277 1662 t
1319 1612 1413 1684 τὴν
1455 1614 1620 1684 μετά-

51 1719 188 1755 vet-1v
233 1701 348 1773 (56)
384 1703 596 1757 σύνεσιν
653 1698 792 1757 εἷναί
830 1719 962 1774 φησι
1012 1703 1290 1774 μεγάλην·
1345 1705 1620 1775 μετανοῶν

51 1795 148 1866 γὰρ
164 1795 249 1863 ἐφ’
283 1790 366 1858 οἷς
396 1793 639 1866 ἔδρασεν,
667 1795 767 1848 οὐκ
809 1794 890 1846 ἔτι
927 1797 1070 1848 ποιεῖ
1119 1795 1152 1864 ἢ
1189 1795 1367 1864 λέγει’
1399 1796 1620 1866 βασανί-

1728 613 1843 659 teut
1877 604 1942 657 ad
1970 604 2084 658 veri
2111 604 2292 658 tidem.
2336 623 2354 655 ι
2387 606 2518 671 Quae
2539 620 2668 672 ergo
2697 603 2994 659 Ecclesiam
3035 605 3302 669 continet,

1727 705 1787 750 ιιι
1813 695 2005 750 Pastor
2057 696 2254 762 inquit,
2287 700 2495 762 virtus,
2529 704 2612 750 est
2647 695 2780 750 lides
2803 736 2816 760 ,
2853 712 2947 765 per
2981 713 3146 765 quam
3181 713 3299 752 ser-

1726 797 1922 864 vantur
1955 786 2108 840 electi
2151 785 2272 850 Dei;
2303 801 2425 856 quae
2463 794 2642 839 autem
2666 799 2725 838 se
2747 785 2973 838 viriliter
2997 800 3060 839 ac
3094 785 3304 839 {Ortiter

1727 881 1884 951 gerit,
1918 889 2002 935 est
2031 880 2391 934 continentia.
2431 879 2536 935 Eas
2569 891 2748 933 autem
2774 880 3130 948 consequitur
3164 885 3302 934 sitn—

1727 973 1961 1043 plicitas,
1985 973 2214 1028 scientia
2237 1015 2250 1038 ,
2279 973 2612 1036 innocentia,
2635 973 2914 1036 honestas,
2951 971 3190 1026 dilectio.
3213 971 3304 1026 lla:

1725 1071 1906 1117 autem
1948 1077 2140 1118 omnes
2209 1071 2338 1117 sunt
2373 1062 2494 1116 lilia:
2553 1063 2712 1134 166
2771 1061 2914 1117 ﬁdei.
2953 1061 3019 1115 Et
3079 1078 3301 1117 rursus:

1727 1153 1990 1210 Praecedit
2027 1154 2244 1224 quidem
2271 1155 2426 1218 ﬁdes,
2457 1155 2621 1208 timor
2652 1163 2832 1208 autem
2863 1155 3116 1220 aedificat,
3142 1155 3304 1225 perli-

1728 1247 1804 1300 cit
1835 1255 2017 1300 autem
2041 1247 2278 1302 dilectio.
2303 1247 2442 1302 Dicit
2473 1248 2676 1317 itaque,
2709 1247 3010 1302 timendum
3049 1263 3170 1303 esse
3197 1247 3304 1301 Do-

1725 1339 1934 1392 minum
1963 1339 2029 1393 ad
2058 1340 2495 1408 aediﬁcationem,
2513 1343 2606 1396 sed
2633 1355 2740 1394 non
2759 1341 3037 1396 diabolum
3063 1342 3128 1396 ad
3149 1357 3305 1396 ever-

1727 1429 1962 1484 sionem.
1999 1428 2214 1486 Rursus
2244 1440 2450 1498 autem,
2487 1447 2650 1502 opera
2677 1432 2895 1502 quidem
2921 1431 3158 1496 Domini,
3200 1435 3305 1486 hoc

1724 1530 1808 1576 est
1859 1531 2122 1592 praecepta
2152 1562 2168 1588 ,
2223 1539 2344 1579 esse
2408 1509 2682 1594 diligenda
2742 1537 2796 1580 et
2827 1525 3101 1590 facienda;
3137 1541 3303 1596 Opera

1725 1629 1905 1669 autem
1934 1616 2134 1670 diaboli
2172 1631 2292 1672 esse
2317 1616 2580 1684 timenda,
2603 1627 2778 1672 etnon
2812 1617 3084 1673 facienda.
3112 1615 3304 1674 Timor

1724 1708 1868 1762 enim
1900 1707 1993 1764 Dei
2023 1710 2202 1764 erudit
2228 1725 2293 1764 ac
2341 1711 2589 1781 castigat,
2615 1711 2738 1765 etin
2770 1711 3114 1766 dilectionem
3143 1711 3305 1766 resti-

1724 1805 1856 1860 tuit:
1909 1805 2072 1860 timor
2122 1815 2306 1861 autem
2355 1823 2580 1876 operum
2625 1807 2858 1871 diaboli,
2907 1823 3094 1862 secum
3139 1808 3304 1861 habet

51 1887 146 1950 ζων
175 1887 234 1939 δὲ
258 1888 346 1955 ἐφ’
375 1881 455 1950 οἷς
481 1888 745 1958 ἥμαρτεν,
769 1886 866 1958 τὴν
899 1885 1093 1940 ἑαυτοῦ
1135 1885 1312 1958 ψυχὴν
1354 1887 1611 1960 ἀγαθοερ-

1759 1896 1930 1950 dium.
1965 1917 1984 1948 ι
2023 1895 2168 1951 Idem
2191 1907 2370 1952 autem
2398 1898 2530 1952 dicit
2552 1899 2742 1965 etiam,
2769 1899 3145 1968 pmuitentiam
3178 1913 3304 1954 esse

50 1983 140 2046 γεῖ.
175 1981 410 2048 Ἀφεσις
435 1979 543 2048 (57)
569 1979 746 2032 τοίνυν
790 1979 1071 2050 ἁμαρτιῶν
1106 1979 1390 2050 μετανοίας
1433 1981 1616 2050 διαφέ-

53 2088 153 2142 ρει·
188 2071 360 2142 ἄμφω
385 2071 441 2125 δὲ
463 2071 700 2125 δείκνυσι
733 2069 799 2124 τὰ
833 2074 918 2141 ἐφ’
939 2074 1094 2144 ἡμῖν.
1135 2092 1154 2124 ι

1723 2001 1974 2055 magnam
2044 1987 2477 2058 intelligentiam.
2547 1987 2650 2056 Qui
2712 1990 2856 2044 enim
2923 2005 3134 2057 eorum,
3182 2005 3306 2061 quae

1725 2076 2149 2144 fecithducitur
2197 2081 2540 2150 paenitentia,
2585 2098 2690 2136 non
2743 2082 2976 2152 amplius
3011 2083 3159 2147 facit,
3217 2087 3304 2140 vel

54 2165 202 2219 dicit:
233 2173 463 2235 propter
493 2181 554 2220 ea
595 2175 776 2220 autem
803 2205 820 2232 ,
864 2182 986 2236 qua:
1029 2169 1294 2236 peccavit,
1355 2179 1616 2240 torquens
1668 2172 1948 2238 animam,
1975 2174 2116 2228 bona
2160 2174 2308 2231 facit.
2349 2175 2622 2234 Remissio
2680 2192 2809 2248 ergo
2849 2165 3298 2247 peccatorumﬁt

51 2258 212 2314 differt
246 2275 280 2313 a
307 2259 624 2329 paenitentia
645 2274 660 2308 ε
681 2261 842 2314 ambo
865 2269 1043 2316 autem
1069 2276 1136 2316 eo
1158 2264 1393 2318 ostendit
1425 2265 1478 2318 in
1508 2275 1692 2320 nostra
1716 2281 1836 2322 esse
1869 2276 2154 2339 potestate.
2190 2287 2208 2320 ι

1457 2419 1688 2476 CAPUT
1728 2421 1868 2476 Xlll.

1165 2537 1242 2596 De
1269 2543 1444 2612 prima
1470 2544 1774 2598 etsecunda
1802 2545 2129 2615 poenitentia.

51 2675 66 2706 ι
100 2655 200 2711 Τὸν
233 2649 334 2710 οὖν
369 2655 635 2730 εἰληφότα
687 2657 784 2730 τὴν
818 2655 1011 2727 ἄφεσιν
1046 2657 1156 2712 τῶν
1197 2659 1478 2732 ἁμαρτιῶν
1519 2660 1618 2714 οὐκ

45 2751 115 2804 ἔτι
157 2751 500 2822 ἁμαρτάνειν
548 2751 685 2822 χρή·
729 2751 820 2804 ἐπὶ
871 2750 979 2824 γὰρ
1015 2753 1079 2822 τῇ
1127 2750 1319 2824 πρώτῃ
1351 2753 1444 2804 καὶ
1481 2752 1617 2823 μόνῃ

1795 2681 1814 2713 ι
1853 2661 1988 2716 Eum
2037 2679 2183 2733 ergo,
2235 2665 2328 2734 qui
2409 2665 2617 2736 accepit
2682 2667 3062 2722 remissionem
3111 2683 3305 2738 pecca-

1718 2762 1920 2820 torum,
1979 2770 2087 2809 non
2162 2765 2375 2822 Oportet
2432 2758 2670 2826 amplius
2744 2775 3003 2828 peccare;
3059 2775 3185 2814 nam
3237 2763 3292 2814 in

49 2845 296 2917 μετανοίᾳ
339 2843 450 2897 τῶν
501 2841 786 2918 ἁμαρτιῶν
820 2841 958 2916 αὕτη
992 2842 1056 2896 ἂν
1091 2843 1176 2912 εἴη
1205 2841 1310 2894 τῶν
1341 2847 1611 2914 προϋπαρ-

1757 2847 1894 2901 rima
1939 2856 2006 2920 .et
2066 2849 2226 2902 unica
2279 2859 2624 2918 peccatorum
2670 2853 3012 2920 paenitentia,
3078 2869 3140 2907 ea
3185 2853 3304 2907 lue-

45 2938 236 3002 ξάντων
304 2935 450 2991 κατὰ
505 2937 596 2990 τὸν
651 2936 858 2989 ἐθνικὺν
909 2936 1002 2990 καὶ
1043 2936 1256 3008 πρῶτον
1280 2933 1414 3005 βίον,
1440 2935 1528 2988 τὸν
1558 2937 1616 2987 ὲν

45 3031 220 3102 ἀγνοίᾳ
285 3031 436 3099 λέγω
483 3029 614 3100 (58),
665 3029 861 3082 αὐτίκα
911 3031 1022 3091 τοῖς
1061 3027 1302 3098 κληθεῖσι
1333 3027 1616 3100 πρόκειται

47 3125 312 3193 μετάνοια,
357 3125 396 3194 ὴ
439 3123 774 3194 καθαίρουσα
819 3121 909 3174 τὸν
955 3121 1117 3174 τόπον
1148 3120 1247 3191 τῆς
1285 3120 1464 3192 ψυχῆς
1505 3120 1613 3175 ἀπὺ

47 3215 134 3268 τῶν
170 3215 691 3287 πλημμελημάτων,
728 3215 814 3268 ἵνα
841 3215 873 3284 ή
906 3215 1086 3278 πίστις
1113 3213 1434 3286 Θεμελιωθῇ.
1465 3215 1618 3286 Καρ-

107 3343 160 3401 )Ῑη
189 3335 258 3390 Ρ.
293 3337 410 3392 459
437 3336 546 3390 El).
579 3334 875 3391 POTTER.
899 3335 1022 3390 585-
1035 3335 1138 3390 586
1190 3334 1298 3390 ΕΙ).
1322 3334 1550 3394 PARIS.

43 3465 160 3512 iero,
191 3466 324 3520 qum
345 3449 620 3520 succincta
645 3461 744 3509 est,
758 3459 816 3520 et
842 3448 1074 3520 rvirtliter
1104 3449 1237 3517 agit,
1274 3447 1608 3503 Abstinentia

45 3517 276 3574 tacetur:
309 3519 433 3573 haec
475 3519 588 3585 ﬁlia
634 3529 710 3572 est
745 3517 920 3571 Fidei.
956 3517 1206 3588 Quisquis
1233 3534 1354 3588 ergo
1403 3529 1610 3573 secutus

47 3591 182 3656 fuerit
209 3591 400 3652 illam,
430 3589 559 3658 felix
586 3589 674 3658 ﬁet
705 3591 758 3642 in
776 3587 884 3642 vita
908 3605 1038 3652 sua;
1068 3587 1314 3658 quoniam
1341 3589 1404 3642 ab
1438 3591 1611 3642 omni-

45 3661 120 3714 bs:
145 3663 308 3714 malis
361 3660 608 3728 operibus
661 3660 983 3724 abstinebit;
1017 3660 1232 3712 credens
1273 3659 1434 3728 quod,
1482 3661 1530 3713 si
1559 3677 1614 3714 se

43 3733 346 3786 centinuerit
391 3731 454 3783 ab
499 3732 641 3784 omni
675 3731 1114 3798 concupiscentia,
1161 3729 1324 3783 hwres
1353 3733 1451 3784 erit
1493 3733 1614 3785 uitta

43 3815 248 3856 clerum.
301 3801 534 3872 ϐαξξηαε
582 3812 756 3855 autem
781 3843 795 3864 ,
829 3807 1062 3870 inquam,
1087 3800 1325 3872 domina,
1358 3802 1606 3872 quinque,

41 3885 274 3940 quesunt
305 3873 334 3926 .9
375 3869 557 3942 Filim,
604 3873 792 3942 inquit,
818 3873 1038 3942 inricem'
1063 3882 1205 3924 sunt.
1258 3869 1610 3942 Vocatur—au-

43 3939 122 3994 tem
157 3943 431 4012 qua‘dam
459 3939 806 4010 Simplicitas,
839 3942 950 3994 alia
988 3939 1323 4012 Innocentia,
1354 3941 1465 3995 alia
1492 3942 1612 3996 Mo-

39 4010 210 4080 destia,
241 4015 368 4066 alia
409 4011 722 4080 Disciplina,
753 4013 862 4066 alia
891 4020 1065 4065 autem
1103 4010 1374 4066 Charitas.

93 4086 200 4150 (54‘)
231 4082 600 4152 Προηγεῖται
637 4124 650 4136 .
691 4125 704 4139 .
733 4124 747 4139 .
787 4125 802 4138 .
837 4085 876 4150 ἡ
922 4081 1142 4150 ἀγάπη.
1191 4081 1419 4137 llern'tas
1447 4083 1610 4152 paulo

39 4165 166 4222 post:
199 4155 290 4208 Ex
323 4153 438 4224 ﬁde
466 4157 705 4224 nascitur
749 4154 1080 4224 Abstinentia
1105 4192 1119 4216 ,
1162 4153 1226 4206 de
1273 4153 1610 4224 Abstinentia

43 4223 396 4292 Simplicitas,
424 4225 486 4276 de
515 4223 864 4290 Simplicitate
896 4223 1229 4288 Innocentio,
1258 4223 1322 4277 de
1348 4223 1610 4278 Modestia

41 4294 326 4364 Disciplina
365 4305 418 4348 et
439 4294 706 4348 Charitas.

93 4369 200 4436 (33)
229 4367 569 4436 Φοσητξον.
607 4365 833 4430 Eorum,
864 4379 986 4434 qua!
1028 4373 1371 4436 sequantui,
1411 4378 1610 4436 sensus

37 4433 194 4490 chtat
223 4438 388 4506 apud
427 4433 676 4490 llermam
703 4437 800 4490 lib.
846 4433 904 4500 tt,
939 4433 1176 4506 mandat.
1207 4437 1270 4489 7:
1309 4433 1474 4506 Tim_e,
1527 4435 1612 4486 in—

1715 2939 1787 2992 rit
1830 2955 2041 3004 eorum,
2076 2955 2196 3008 qua:
2227 2941 2380 3009 prius
2421 2939 2639 2994 fuerunt
2672 2941 2724 2993 in
2777 2941 2960 3011 gentili
3013 2951 3066 2996 et
3127 2943 3303 3011 prima

1717 3031 1846 3096 vita,
1877 3047 1962 3096 ea,
1995 3033 2240 3102 inquam,
2267 3048 2388 3102 qum
2419 3031 2519 3086 fuit
2551 3033 2604 3086 in
2639 3033 2968 3102 ignorantia,
3003 3033 3072 3086 iis
3095 3034 3287 3096 etiam,

1719 3125 1810 3194 qui
1862 3125 2037 3179 vocati
2097 3134 2243 3189 sunt,
2277 3126 2538 3180 continuo
2583 3127 2905 3194 prOponitur
2945 3126 3296 3194 paenitentia,

1715 3231 2028 3289 expurgans
2051 3217 2232 3274 locum
2262 3218 2458 3272 anima:
2485 3233 2514 3271 a
2549 3217 2807 3287 peccatis,
2843 3227 2902 3271 ut
2933 3217 3066 3272 tides
3095 3215 3294 3271 funde-

1791 3449 1906 3520 (57)
1946 3449 2206 3518 Ἀφεσις.
2231 3445 2352 3502 Haec
2379 3445 2610 3520 clariora
2639 3447 2786 3520 (ient,
2807 3444 3069 3515 appositis
3090 3443 3304 3520 Hermae

1716 3515 1917 3574 verbis.
1952 3515 2044 3588 qui
2095 3520 2256 3587 paulo
2296 3529 2429 3588 post
2482 3517 2584 3570 hoc
2617 3516 2780 3570 modo
2823 3520 3028 3588 pergit:
3066 3515 3149 3588 Et
3185 3518 3302 3570 dixi

1715 3589 1832 3644 illi:
1867 3587 2044 3642 Etiam
2079 3605 2246 3653 nunc,
2281 3587 2523 3652 Domine,
2571 3588 2750 3640 audiri
2785 3605 2815 3640 a
2845 3587 3160 3657 quibusdam
3206 3588 3304 3640 do-

1717 3661 1972 3718 ctoribus.
1993 3661 2133 3730 quod
2164 3659 2272 3712 alia
2301 3659 2608 3726 paenitentia
2641 3673 2742 3730 non
2772 3669 2874 3730 est,
2902 3657 3004 3710 nisi
3034 3657 3151 3730 illa,
3181 3672 3302 3710 cum

1716 3732 1774 3784 in
1828 3729 2022 3800 aquam
2069 3730 2433 3783 descendimus
2460 3771 2474 3791 ,
2498 3799 2503 3800 ί
2528 3738 2576 3782 et
2609 3729 2899 3794 accipimus
2939 3729 3302 3780 remissionem

1717 3799 2050 3874 peccatorum
2083 3813 2409 3862 nostrorum,
2440 3799 2672 3874 ulterius
2708 3815 2815 3874 non
2841 3814 3078 3874 peccare,
3120 3801 3209 3852 sed
3238 3801 3300 3874 in

1718 3868 1968 3926 castitate
2026 3887 2347 3940 permanere.
2430 3869 2498 3922 Et
2554 3871 2629 3921 ait
2687 3869 2849 3922 mihi:
2931 3868 3082 3921 [lecte
3140 3872 3302 3921 audi-

1715 3943 1804 3996 sti.
1869 3941 2024 3994 Nunc
2077 3953 2271 4002 autent,
2329 3942 2454 4010 quia
2520 3940 2801 4008 diligenter
2857 3941 3035 3991 omnia
3079 3941 3298 4008 quaeris,

1716 4021 1766 4066 et
1800 4013 1896 4065 hoc
1928 4011 2024 4064 tibi
2057 4012 2380 4074 demonstro,
2411 4027 2512 4064 non
2544 4011 2675 4062 dans
2709 4011 3034 4062 occasionem
3059 4010 3169 4062 illis
3212 4012 3304 4079 qui

1716 4085 1970 4136 credituri
1995 4093 2138 4145 sunt,
2159 4093 2248 4135 aut
2282 4084 2372 4151 qui
2401 4082 2738 4134 crediderunt
2768 4081 3010 4133 Domino.
3032 4079 3134 4144 Qui
3162 4098 3300 4134 etum

1707 4153 1826 4222 jam
1864 4153 2224 4216 crediderunt,
2283 4161 2376 4204 aut
2409 4153 2499 4222 qui
2552 4153 2808 4204 credituri
2843 4160 2990 4214 sunt,
3045 4155 3302 4222 paeniten-

1719 4225 1848 4276 tiant
1875 4231 2206 4293 peceatorum
2239 4239 2343 4276 non
2374 4221 2588 4284 habent,
2622 4223 2711 4274 sed
2745 4221 3126 4274 remissionem.
3177 4221 3298 4274 Illis

1715 4296 1874 4358 enim,
1901 4295 1990 4364 qui
2013 4296 2334 4364 vocatisunt
2367 4305 2490 4345 ante
2533 4293 2624 4347 hos
2649 4293 2780 4354 dies,
2813 4293 2986 4360 posuit
3041 4293 3298 4344 Dominus

1715 4363 2102 4434 paenitentiam.
2163 4363 2429 4428 Quoniam
2481 4365 2827 4432 cogitatio..es
2883 4364 3300 4434 pra'cordt'orum

1717 4433 1856 4489 novit
1889 4435 2051 4497 Deus,
2076 4444 2124 4487 et
2154 4436 2254 4487 scit
2295 4435 2658 4502 inﬁrmitatem
2683 4434 2978 4494 hominum,
3025 4445 3070 4485 et
3111 4433 3300 4484 multi--

37 4511 150 4584 quit,
181 4503 506 4584 Dominum,
537 4517 584 4560 et
619 4506 870 4584 mandata
897 4505 1008 4574 ejus
1033 4507 1240 4560 custodi
1352 4504 1609 4584 ._Tim_e_us
1643 4531 1686 4584 ι)
1715 4508 1904 4584 plicem
1943 4505 2233 4584 nequitiam
2264 4504 2507 4584 diaboli,
2545 4503 3122 4584 qua.ntoliturnliquid
3165 4503 3300 4584 siui-

39 4579 154 4630 enim
185 4578 514 4640 Dominum,
545 4578 722 4630 omnia
763 4583 898 4629 bona
945 4591 1102 4646 opera
1124 4577 1442 4646 operaberis.
1502 4575 1606 4628 llic

37 4661 98 4700 est
127 4653 313 4714 timor,
359 4663 465 4716 quo
497 4649 676 4701 timere
709 4656 932 4717 oportet,
965 4657 1022 4700 ut
1056 4648 1233 4702 salt-us
1273 4659 1382 4702 esse
1415 4648 1604 4714 possis.

37 4717 312 4772 Diabolum
343 4728 526 4770 autent
560 4735 622 4771 tte
665 4719 848 4771 timeas
881 4757 895 4771 .
937 4759 950 4771 .
988 4758 1002 4771 .
1045 4757 1058 4772 .
1093 4717 1237 4772 Time
1275 4717 1428 4786 plane
1469 4717 1610 4784 facta

39 4791 238 4850 diaboli,
263 4789 530 4859 quoniam
564 4788 796 4858 maligna
824 4797 979 4842 sunt:
1003 4799 1232 4842 metuens
1254 4787 1608 4859 enimDomi-

37 4878 162 4922 nam,
195 4857 446 4922 timebis,
486 4869 534 4911 et
564 4857 720 4926 opera
751 4859 950 4912 diaboli
984 4875 1083 4912 non
1110 4860 1293 4928 facies,
1323 4858 1413 4912 sed
1436 4857 1606 4910 absti-

37 4931 160 4984 nabis
178 4941 228 4984 te
262 4931 340 4983 ab
384 4933 482 4982 eis.
513 4929 718 4998 Duplex
751 4930 890 4982 enim
922 4930 1080 4982 timor
1112 4927 1211 4982 est.
1246 4927 1305 4984 Si
1324 4930 1463 4982 enim
1495 4944 1610 4980 ma-

35 5001 126 5053 lum
148 5000 382 5070 operari
411 5002 654 5062 uolueris,
693 5001 878 5053 timens
907 5000 1184 5053 Dominum
1217 5016 1279 5052 ne
1310 5001 1364 5052 id
1399 4999 1607 5070 quidem

35 5069 202 5138 (scies.
237 5073 306 5127 Si
337 5081 518 5123 autem
545 5071 732 5124 bonum
767 5072 976 5140 operari
1005 5071 1228 5124 volueris
1255 5113 1270 5138 ,
1305 5071 1463 5122 timor
1501 5069 1610 5120 uti-

33 5160 114 5210 que
143 5142 380 5196 Domini
399 5141 626 5206 ualidus,
656 5151 760 5196 etc.

89 5214 192 5284 {56)
233 5213 380 5281 Τὴν
398 5210 742 5280 μετάνοιαν.
776 5211 980 5266 Horum
1007 5211 1169 5284 etiam
1209 5225 1404 5284 sensus
1433 5218 1610 5284 exstat

35 5281 258 5338 Pastoris
289 5284 403 5337 lib.
455 5297 513 5346 lt,
549 5284 787 5338 mandat.
820 5284 876 5346 4,
901 5291 1037 5336 sect.
1068 5281 1132 5334 2:
1165 5283 1376 5334 Ἀηηοη
1408 5281 1502 5332 tibi
1537 5283 1608 5333 vi-

33 5357 186 5420 detur,
219 5355 606 5426 pwttitentiam
637 5370 810 5424 agere,
842 5369 1088 5426 magnam
1121 5354 1436 5422 sapientiam
1475 5367 1604 5426 esse,

33 5421 266 5492 quoniam
301 5424 406 5494 qui
431 5421 786 5490 pwnitentiam
814 5421 946 5494 agit,
975 5421 1453 5492 sensummaguum
1484 5421 1606 5494 adi-

33 5499 280 5558 piscitur?
315 5493 498 5550 Sentit
538 5496 676 5548 enim
705 5512 758 5548 se
776 5493 1033 5563 peccasse,
1068 5503 1116 5545 et
1157 5493 1339 5562 fecisse
1373 5493 1608 5560 nequiter

35 5569 76 5616 in
103 5579 396 5636 conspectu
423 5564 670 5630 Domini;
723 5575 771 5619 et
814 5565 1122 5619 recordatur
1161 5563 1425 5636 intellectu
1469 5563 1606 5630 quod

33 5635 238 5710 deliquit
263 5655 286 5703 ;
314 5646 374 5691 et
393 5638 756 5710 pceuitentiam
794 5636 924 5707 agit,
950 5647 1000 5688 et
1032 5635 1394 5710 am_pliu_s__non
1416 5647 1606 5710 opera-

35 5719 108 5759 tur
135 5703 427 5776 nequiter;
459 5708 549 5761 sed
571 5703 993 5777 operatur—bene,
1027 5715 1074 5758 et
1098 5703 1606 5777 ltuittiliatanimam

35 5774 218 5846 suam,
255 5789 310 5832 et
365 5788 568 5848 torquet
603 5774 746 5842 eam,
776 5779 900 5846 quia
949 5777 1200 5846 peccavit.
1263 5774 1416 5827 Vides
1459 5788 1602 5842 ergo,

39 5853 156 5916 trod
187 5850 510 5920 pcnitentia
545 5865 726 5903 sensus
759 5859 832 5900 est
864 5864 1097 5916 magnus.

1715 4573 1814 4630 stri
1845 4573 2144 4638 servisDei,
2168 4585 2216 4628 et
2236 4576 2461 4644 maligne
2491 4575 2781 4627 insidiatur
2820 4573 2953 4624 illis.
2993 4573 3297 4625 Misericors

1715 4664 1836 4718 ergo
1871 4647 2126 4700 Dominus
2159 4643 2406 4699 misertus
2459 4654 2538 4698 est
2584 4643 2819 4714 ﬁgmenti
2867 4647 2985 4718 sui:
3027 4653 3086 4718 et
3121 4646 3296 4718 aosuit

1715 4714 2289 4788 pénitentiamnistam,
2329 4727 2378 4788 et
2411 4725 2721 4788 potestatem
2760 4715 3086 4788 paenitentia:
3132 4714 3297 4788 hujus

1715 4785 1849 4842 inihi
1875 4789 2042 4841 dedit.
2073 4785 2141 4839 Et
2173 4787 2288 4852 ideo
2323 4787 2442 4839 dico
2477 4787 2592 4850 tibi,
2629 4787 2766 4854 quod
2813 4797 2928 4852 post
2971 4785 3297 4838 vacationum

1717 4859 1868 4912 illam
1893 4874 2140 4926 magnam
2184 4866 2232 4908 et
2259 4867 2521 4918 sanctam,
2559 4858 2604 4908 si
2635 4857 2752 4925 quis
2788 4864 3019 4926 tentatus
3054 4855 3214 4926 fuerit
3264 4871 3298 4905 a

1715 4929 1947 4991 diabolo,
1977 4924 2134 4980 unam
2167 4929 2532 4994 paenitentiam
2579 4924 2750 4979 habet.
2781 4924 2840 4979 Si
2871 4938 3047 4978 autem
3077 4925 3298 4978 subinde

1715 5009 1906 5068 peccet,
1939 5007 1986 5050 et
2017 4999 2378 5068 penitentiam
2415 5007 2560 5065 agat,
2588 5013 2690 5050 non
2714 4997 2956 5068 proderit
2986 4996 3187 5068 homini
3213 5005 3298 5047 ta-

1716 5063 1792 5123 lia
1837 5063 2061 5140 agentis
2090 5068 2296 5140 difﬁcile
2327 5063 2465 5120 enini
2519 5071 2648 5120 vivet
2699 5063 2824 5120 Deo.
2853 5063 2954 5119 Ubi
2983 5065 3128 5120 conf.
3175 5083 3298 5135 qua!

1719 5139 2000 5194 adnotavit
2027 5139 2346 5192 Cotelerius.

1789 5211 1900 5280 (58)
1943 5209 2066 5262 Ἐπὶ
2113 5208 2222 5278 γὰρ
2253 5207 2346 5280 ’τῇ
2561 5207 2734 5280 λέγω·
2797 5205 2928 5280 ,Ηὶθο
2964 5207 3296 5280 patenum“

1713 5277 2040 5336 includenda
2067 5277 2213 5332 sunt.
2253 5277 2559 5332 Lowrn.-—-
2581 5278 2905 5332 Clarissima
2953 5277 3158 5331 Grabio
3189 5279 3297 5332 huc

1715 5351 2026 5432 modo_h:ee
2055 5349 2385 5432 distinguere
2413 5350 2702 5432 visum’est
2737 5367 2750 5400 :
2781 5349 2873 5430 ἐπὶ
2904 5349 3014 5432 γὰρ
3045 5347 3287 5432 τῇκπρῴ.

1713 5438 1782 5496 τῃ
1820 5422 1914 5474 καὶ
1957 5421 2109 5496 μόνη
2150 5418 2407 5496 μετανοίᾳ
2437 5418 2543 5470 τῶν
2574 5419 2900 5496 *ἁμαρτιῷνο
2935 5418 3172 5496 αὖτηᾶν
3193 5418 3296 5490 ⁷ειή

1715 5475 1821 5546 τῶν
1851 5475 2032 5562 πρ,ζ-.
2053 5475 2226 5558 λὲγὶυ·
2276 5475 2474 5542 αὐτίκα
2513 5475 2727 5562 ccidit)...
2757 5489 2898 5542 Nam
2928 5499 3045 5562 post
3061 5475 3298 5559 prima";

1713 5575 1762 5618 et
1799 5561 2012 5616 unicam
2038 5569 2372 5630 peccatorum
2409 5561 2770 5630 paenitentiam
2797 5563 2880 5630 (ea
2907 5561 3066 5630 fuerit
3091 5575 3294 5630 eorum,

1714 5650 1833 5704 qua:
1867 5635 2015 5703 prius
2038 5629 2264 5704 fuerunt
2299 5631 2354 5704 in
2393 5629 2578 5704 gentili
2616 5641 2664 5685 et
2689 5629 2862 5701 prima
2901 5629 3010 5685 cita
3049 5646 3175 5704 :ea,
3209 5629 3294 5704 inf

1713 5699 1894 5774 quam,
1934 5699 2059 5774 qua?
2085 5703 2186 5772 fuit
2219 5703 2272 5754 in
2310 5699 2659 5774 ignorantia),
2687 5699 2754 5755 iis
2795 5705 2976 5764 etiam,
3005 5703 3096 5770 qui
3124 5699 3294 5753 vocati

1715 5786 1859 5840 sunt,
1897 5775 2144 5828 continuo
2181 5773 2494 5841 proponitur
2553 5775 2882 5842 ptenitentt'a,
2926 5788 3042 5842 exp.
