3938 6302
255 379 394 437 ιωε

1524 380 1959 439 STROMATUM
1997 378 2125 434 LIB.
2159 376 2224 434 ll.

3357 368 3495 434 ltili

241 516 388 570 γειψ
424 503 520 558 καὶ
561 504 659 558 οὐκ
694 500 789 559 οἷδ’
825 507 973 570 ὅπως
1007 505 1254 573 ἀνέξεταί
1291 523 1372 570 τις
1402 505 1610 559 ἐπαΐων
1639 505 1826 559 τούτου

1941 518 1995 560 ex
2028 502 2200 557 nihilo
2223 500 2404 556 omnia
2435 499 2771 570 produxerit,
2798 513 2899 556 nec
2923 500 2971 557 si
2996 516 3063 556 ex
3090 484 3498 571 preexéistente

243 594 381 649 θεὸν
415 597 703 665 ἐγνωκὼς,
719 597 922 652 ἀπιδὼν
948 601 1026 663 είς
1053 599 1145 652 τὸν
1180 598 1290 669 βίον
1321 598 1413 652 τὸν
1450 599 1735 670 ἡμέτερον,
1771 600 1830 651 ἐν

242 684 395 749 ὅσοις
429 686 712 758 φυρόμεθα
745 691 952 752 κακοῖς.
994 688 1091 760 Elin
1127 688 1237 761 γὰρ
1287 688 1352 743 ἂν
1403 688 1594 753 οὕτως,
1630 689 1658 742 ὃ
1707 678 1829 762 μηδ’

243 774 425 826 εἰπεῖν
465 774 641 846 θὲμις,
698 778 938 865 μερικῶς
971 778 1301 850 ἁμαρτάνων
1331 781 1358 833 ὁ
1392 778 1546 843 Θεὸς,
1582 778 1636 831 εἴ
1662 797 1725 847 γε
1760 781 1830 855 τὰ

247 865 516 938 μὲρητοῦ
546 868 667 922 ὅλου
705 870 844 942 μέρη
873 870 968 923 καὶ
995 870 1552 943 συμπληρωτικαλτοῦ
1586 870 1729 924 ὅλου·
1779 874 1827 925 εί

242 956 304 1011 δὲ
333 958 410 1030 μὴ
448 960 897 1033 συμπληρωτικὰ,
932 962 1053 1016 ούδέ
1086 962 1226 1034 μέρη
1260 963 1344 1033 εἴη
1383 962 1467 1017 ἄν.
1534 962 1693 1016 Ἀλλὰ
1722 963 1830 1033 γὰρ

243 1048 412 1118 φύσει
459 1051 715 1131 πλούσιος
753 1053 827 1106 ὢν
870 1056 898 1104 ὁ
942 1053 1075 1117 Θεὸς
1117 1057 1175 1107 ἐν
1222 1053 1378 1125 ἐλέῳ,
1411 1054 1500 1106 διὰ
1529 1054 1627 1125 τὴν
1663 1052 1827 1107 αὐτοῦ

243 1143 561 1216 ἀγαθότητα
595 1146 811 1217 κήδεται
839 1147 1015 1218 ήμῶν,
1048 1148 1183 1219 μήτε
1226 1146 1425 1218 μορίων
1462 1146 1629 1200 ὄντων
1665 1144 1828 1199 αὐτοῦ

245 1238 392 1308 μήτε
426 1237 587 1307 φύσει
618 1239 844 1296 τέκνων.
882 1241 989 1294 Καὶ
1020 1240 1083 1312 δὴ
1112 1243 1144 1312 ή
1182 1241 1410 1312 μεγίστη
1439 1240 1538 1311 τῆς
1562 1238 1655 1292 τοῦ
1693 1235 1827 1291 Θεοῦ

240 1328 586 1401 ἀγαθότητος
617 1330 841 1399 ἔνδειξις
870 1332 1008 1404 αῦτη
1043 1332 1319 1403 τυγχάνει’
1360 1333 1442 1385 ὅτι
1476 1330 1649 1394 οὕτως
1681 1330 1830 1400 ἐχόν-

241 1436 359 1474 Ιιιων
428 1422 584 1493 ἡμῶν
640 1424 777 1494 πρὸς
810 1425 991 1483 αὐτὸν,
1034 1424 1129 1478 καὶ
1181 1424 1339 1494 φύσει
1385 1422 1830 1495 ἀπηλλοτριωμέ-

242 1530 359 1567 νων
392 1513 467 1586 (4)
502 1515 795 1582 παντελῶς,
839 1519 988 1588 ὅμως
1022 1518 1266 1590 κήδεται.
1312 1517 1518 1589 Φυσικὴ
1572 1517 1670 1587 μὲν
1721 1514 1830 1586 γὰρ

241 1606 295 1676 ὴν
318 1607 456 1678 πρὸς
486 1607 554 1660 τὰ
586 1607 750 1662 τέκνα
801 1608 1148 1683 φιλοστοργία
1187 1612 1299 1673 τοῖς
1344 1608 1522 1674 ζώοις,
1573 1608 1610 1678 ή
1667 1623 1724 1660 τε
1765 1608 1830 1660 ἐκ

244 1697 538 1769 συνηθείας
563 1701 674 1761 τοῖς
703 1699 1047 1771 ὁμογνώμοσι
1068 1700 1217 1769 φιλία
1237 1699 1331 1770 (5)⁶
1369 1696 1501 1750 Θεοῦ
1541 1696 1598 1749 δὲ
1626 1698 1654 1750 ὁ
1686 1695 1830 1759 ἔλεος

244 1789 330 1852 εἰς
350 1789 498 1858 ἡμᾶς
522 1787 789 1866 πλουσίως
824 1790 919 1861 (6),
946 1792 1073 1855 τοὺς
1105 1789 1245 1844 κατὰ
1283 1788 1449 1860 μηδὲν
1482 1786 1628 1857 αὐτῷ
1656 1803 1828 1860 προσ-

1932 594 2154 650 materia
2184 592 2371 649 fecerit
2394 609 2407 646 :
2431 590 2868 661 quandoquidem
2906 592 3035 647 illud
3055 591 3274 662 quidem
3297 603 3367 644 ne
3385 603 3498 644 om-

1930 687 2059 743 nino
2087 686 2303 758 quidem
2330 693 2433 753 est,
2457 685 2573 740 haec
2600 699 2729 740 vero
2758 692 2842 739 est
2860 699 2890 741 a
2917 684 3026 739 Deo
3049 685 3261 740 diversa
3292 684 3347 738 in
3379 698 3498 736 om-

1894 806 1899 811 ο
1930 784 2114 849 nibus;
2131 783 2493 852 nisiquisuos
2511 779 2762 849 ejusesse
2782 786 3011 847 partem,
3035 786 3089 832 et
3102 776 3346 847 ejusdem
3371 790 3495 830 cum

1930 874 2041 930 Deo
2081 874 2333 930 essentia
2371 872 2516 927 ausit
2544 872 2745 926 dicere.
2787 868 2982 925 Nescio
3019 882 3198 924 autem
3224 867 3501 939 quomodo

1929 966 2072 1036 quis,
2093 965 2186 1035 qui
2204 963 2373 1019 Deum
2396 964 2565 1030 novit,
2583 976 2739 1031 aequo
2762 968 2820 1026 ᾖ
2840 962 2943 1016 hoc
2963 958 3150 1015 audire
3171 959 3354 1013 animo
3380 973 3500 1028 pos-

1929 1058 2020 1124 sit,
2041 1057 2088 1112 si
2110 1056 2408 1126 respiciens
2430 1055 2498 1109 ad
2519 1036 2760 1109 nostram
2787 1053 2974 1117 vitam,
2995 1052 3048 1106 in
3071 1062 3203 1121 quot
3221 1064 3499 1106 versemur

1930 1149 2109 1213 malis,
2141 1148 2467 1204 consideret.
2501 1144 2591 1201 Sic
2620 1145 2789 1212 enim,
2825 1145 2973 1215 quod
3013 1142 3170 1198 nel‘as
3209 1150 3295 1197 est
3317 1140 3500 1195 dicere

1930 1240 2074 1297 Deus
2112 1248 2362 1311 peccaret
2408 1241 2464 1294 in
2516 1239 2843 1310 quihusdam
2911 1238 3177 1309 partibus,
3229 1233 3498 1305 siquidem

1927 1338 2107 1401 partes
2145 1338 2273 1385 sunt
2321 1329 2489 1384 totius
2533 1336 2740 1399 partes,
2775 1339 2829 1384 et
2856 1337 3027 1384 totum
3062 1326 3352 1397 complent.
3401 1322 3501 1380 Sin

1886 1431 2111 1477 .autem
2166 1437 2278 1476 non
2321 1421 2615 1491 complent,
2666 1436 2736 1477 ne
2782 1429 2965 1491 partes
3007 1420 3226 1491 quidem
3269 1418 3499 1474 fuerint.

1930 1513 2130 1569 Verum
2151 1514 2297 1569 enim
2316 1527 2449 1569 vero
2480 1529 2606 1569 eum
2626 1523 2819 1569 natura
2846 1513 2990 1569 Deus
3017 1514 3084 1570 sit
3110 1514 3260 1569 dives
3283 1501 3501 1568 miseri--

1928 1606 2138 1673 cordia,
2162 1606 2331 1681 nostri
2363 1614 2583 1676 propter
2606 1622 2762 1662 suam
2804 1606 3100 1667 bonitatem
3128 1621 3314 1661 curam
3341 1604 3499 1677 gerit,

1928 1702 2021 1772 qui
2047 1716 2147 1757 nec
2178 1717 2369 1757 sumus
2402 1701 2521 1769 ejus
2567 1710 2768 1771 partes,
2802 1715 2901 1755 nec
2939 1700 3035 1754 lilii
3068 1709 3282 1754 natura.
3319 1697 3388 1753 Et
3420 1709 3504 1754 est

1928 1795 2034 1849 hoc
2053 1792 2271 1864 quidem
2315 1800 2464 1847 certe
2512 1793 2809 1846 maximum
2846 1790 2961 1847 'Dei
3013 1793 3067 1845 in
3108 1806 3209 1847 nos
3240 1789 3501 1845 bonitatis

245 1882 506 1952 ήκοντας,
538 1882 570 1953 ἢ
602 1883 760 1955 οὐσίᾳ
790 1884 951 1955 ήμῶν
982 1884 1146 1953 λέγω,
1181 1884 1214 1954 ἢ
1239 1882 1420 1952 φύσει,
1455 1880 1732 1953 ἢδυνάμει
1759 1882 1825 1953 τῇ

1941 1886 2212 1953 indicium,
2249 1885 2395 1956 quod
2436 1900 2567 1945 eum,
2601 1884 2679 1939 sic
2715 1884 2769 1961 in
2800 1883 2978 1952 ipsum
3006 1897 3106 1938 nos
3141 1895 3415 1952 geramus,
3449 1891 3503 1935 et

242 1971 427 2043 οἰκείᾳ
460 1973 557 2043 τῆς
589 1974 776 2037 οὐσίας
809 1974 985 2045 ήμῶνο
1027 1976 1173 2046 μόνῳ
1191 1974 1249 2028 δὲ
1281 1972 1360 2044 τῷ
1390 1972 1549 2044 ἔργον
1581 1967 1717 2025 εἶναι
1732 1971 1825 2025 τοῦ

246 2060 553 2133 θελήματος
581 2063 763 2117 αὐτοῦ’
798 2065 892 2117 καὶ
923 2064 987 2136 δὴ
1018 2064 1107 2119 τὸν
1141 2065 1332 2118 ἐκόντα
1364 2063 1500 2134 μετὰ
1544 2063 1832 2133 ἀσκήσεως

248 2152 347 2206 καὶ
377 2152 725 2219 διδασκαλίας
754 2154 852 2226 τὴν
885 2156 1085 2225 γνῶσιν
1125 2156 1223 2227 τῆς
1257 2155 1511 2226 ἀληθείας
1557 2157 1830 2225 ἐπανῃρη-

248 2244 416 2315 μένον
438 2247 517 2309 είς
553 2246 821 2300 υἱοθεσίαν
856 2248 1030 2313 καλεῖ,
1064 2246 1159 2318 τὴν
1188 2246 1447 2318 μεγίστην
1474 2243 1662 2299 πασῶν
1702 2261 1833 2315 προ-

246 2337 448 2406 κοπήν.
469 2338 827 2407 Παρανομίαι
843 2337 910 2391 δὲ
927 2337 1115 2406 ἄνδρα
1127 2338 1479 2409 ἀγορεύουσι
1497 2337 1570 2408 (7)
1590 2336 1834 2403 ’σειραῖς

244 2426 318 2480 δὲ
352 2427 467 2482 τῶν
492 2430 709 2485 ἑαυτοῦ
754 2430 1050 2501 ἁμαρτιῶν
1087 2431 1343 2495 ἕκαστος
1378 2431 1708 2499 σφίγγεται,
1728 2430 1834 2482 καὶ

246 2519 399 2574 ἐστιν
432 2523 461 2575 ὁ
512 2521 644 2586 Θεὸς
699 2524 936 2588 ἀναίτιος
990 2522 1085 2594 (8)’
1140 2524 1235 2576 καὶ
1285 2521 1361 2593 τῷ
1406 2522 1519 2574 ὄντι
1545 2519 1835 2590 μακάριος

245 2611 430 2680 ἀνὴρ,
454 2612 522 2679 ὃς
547 2614 957 2680 καταπτήσσει
985 2613 1181 2668 πάντα
1209 2614 1284 2667 δι’
1310 2611 1648 2667 εὐλάϐειαν.

1931 1987 2124 2033 natura
2173 1978 2346 2032 simus
2392 1976 2616 2030 omnino
2652 1974 2838 2039 alieni,
2886 1974 3057 2030 nostri
3097 1983 3276 2029 tamen
3311 1989 3501 2029 curam

1912 2078 2099 2137 -gerat.
2133 2071 2212 2124 Ac
2235 2068 2502 2124 naturalis
2531 2067 2755 2138 quidem
2784 2074 2868 2122 est
2894 2066 3263 2119 animantibus
3295 2065 3347 2117 in
3371 2079 3502 2118 suos

1930 2158 2075 2215 fetus
2103 2159 2337 2222 affectio,
2365 2168 2419 2213 et
2447 2173 2569 2229 quae
2598 2173 2666 2212 ex
2701 2154 3092 2212 consuetudine
3117 2154 3290 2208 oritur
3314 2153 3503 2207 amici-

1927 2250 2125 2316 tiaiis,
2169 2250 2262 2321 qui
2300 2258 2430 2304 sunt
2465 2249 2709 2319 ejusdem
2748 2246 3050 2302 sententiae.
3096 2244 3189 2300 Est
3226 2253 3405 2299 autem
3441 2243 3499 2299 in

1898 2364 1905 2373 ι
1939 2355 2041 2395 nos
2072 2341 2293 2412 c0piosa
2334 2340 2428 2395 Dei
2461 2338 2857 2401 misericordia,
2881 2338 2975 2407 qui
3014 2337 3151 2391 nihil
3176 2337 3243 2391 ad
3274 2351 3398 2390 eum
3423 2342 3505 2393 at-

1938 2433 2194 2497 tinemus,
2224 2432 2307 2486 vel
2333 2431 2591 2498 essentia,
2628 2430 2872 2500 inquam,
2906 2437 3113 2493 nostra,
3162 2428 3245 2482 vel
3286 2436 3501 2495 natura,
3558 2448 3563 2454 -

1935 2522 2019 2577 vel
2048 2523 2265 2593 propria
2292 2532 2493 2578 nostra:
2517 2522 2767 2578 essentia:
2789 2519 3064 2587 facultate,
3093 2520 3186 2575 sed
3207 2534 3273 2574 eo
3295 2528 3502 2574 tantum

1935 2615 2084 2687 quod
2115 2616 2289 2671 simus
2318 2631 2457 2685 opus
2485 2614 2605 2684 ejus
2634 2614 2952 2671 voluntatis.
2983 2614 3159 2683 Atque
3192 2611 3328 2667 adeo
3356 2627 3503 2677 eum,

247 2708 350 2779 qui
389 2725 487 2765 sua
535 2720 729 2781 sponte
773 2727 895 2766 cum
928 2712 1314 2767 exercitatione
1357 2719 1412 2765 et
1464 2710 1709 2765 doctrina
1757 2710 2121 2780 cognitionem
2163 2712 2372 2782 accepit
2435 2710 2699 2778 veritatis,
2764 2718 2925 2765 vocat
3003 2710 3071 2764 ad
3136 2708 3502 2778 adoptionem,

250 2820 378 2873 qua:
420 2817 503 2861 est
551 2807 826 2862 maximus
876 2808 1120 2862 omnium
1180 2806 1475 2877 profectus.
1518 2805 1826 2876 Loquuntur
1858 2815 2032 2887 autent
2088 2808 2257 2862 virum
2291 2807 2597 2877 iniquitates
2630 2818 2650 2857 :
2681 2821 2897 2859 suorum
2951 2813 3127 2859 autem
3173 2814 3507 2873 peccatorum

226 2899 458 2977 ivuenis
486 2900 838 2976 unusquisque
866 2899 1177 2974 “stringitur
1203 2914 1260 2969 ις

249 3000 432 3053 omnia
456 3009 660 3053 veretur
685 3008 895 3070 propter
920 3000 1163 3068 pietatem
1197 2998 1246 3052 δ.

1308 2913 1410 2957 nec
1439 2912 1630 2955 eorum
1659 2912 1823 2953 causa
1860 2897 1967 2954 Deo
2022 2907 2106 2956 est
2165 2897 2520 2966 ascribenda;
2553 2910 2607 2954 et
2652 2912 2839 2953 revera
2883 2897 3063 2953 beatus
3121 2906 3199 2951 est
3264 2898 3361 2962 vir,
3415 2897 3505 2966 qui

1663 3091 1892 3149 CAPUT
1935 3087 2099 3145 'XVll.

1407 3215 1483 3269 De
1509 3216 1669 3270 variis
1698 3215 2028 3286 Cognitionis
2063 3212 2354 3284 generibus.

338 3329 426 3392 Ὧς
457 3322 549 3381 οὖν
575 3328 608 3398 ή
640 3327 915 3399 ἐπιστήμη
948 3327 1269 3399 ἐπιστητική
1299 3328 1442 3379 ἐστιν
1470 3325 1601 3390 ἕξις,
1635 3326 1727 3396 ἀφ’
1766 3322 1833 3399 ἦς

2006 3323 2474 3394 Quemadmodum
2502 3335 2632 3391 ergo
2664 3319 2888 3376 scientia
2918 3326 3003 3374 est
3039 3319 3255 3374 habitus
3279 3316 3504 3378 sciendi.

249 3421 316 3474 τὺ
352 3418 674 3473 ἐπίστασθαι
703 3418 1007 3489 συμϐαίνεν
1044 3418 1251 3487 γίνεται
1285 3418 1340 3471 δέ
1370 3420 1402 3489 ή
1435 3416 1735 3489 κατάληψις
1757 3418 1832 3488 (9)

251 3513 399 3583 αὐτῇ
462 3510 573 3582 (10)
631 3511 1020 3581 ἀμετάπτωτος
1078 3511 1182 3563 ὑπὸ
1228 3510 1406 3579 λόγου·
1467 3509 1608 3562 οὓτω
1656 3510 1750 3562 καὶ
1799 3511 1834 3579 ἡ

252 3604 448 3672 ἄγνοια
508 3603 778 3671 φαντασία
818 3603 965 3656 ἐστὶν
1007 3602 1250 3666 εἴκουσα,
1302 3600 1682 3673 μεταπτωτικὴ
1734 3601 1840 3656 ὑπὸ

252 3696 433 3766 λόγον’
471 3698 532 3750 τὸ
563 3697 619 3750 δέ
644 3697 1001 3768 μεταπίπτον,
1032 3697 1108 3759 ὡς
1145 3697 1238 3749 καί
1276 3695 1336 3748 τὸ
1384 3695 1848 3764 συνασκούμενον,

254 3792 331 3845 ἐκ
353 3790 511 3860 λόγου
545 3791 629 3861 ἐφ’
657 3792 806 3861 ἡμῖν.
842 3790 1172 3861 Παράκειται
1205 3787 1262 3841 δέ
1292 3790 1357 3859 τῇ
1405 3789 1682 3859 ἐπιστήμῃ
1709 3787 1753 3857 ’ἦ
1791 3787 1837 3839 τ’

254 3884 518 3955 ἐμπειρία
552 3884 644 3937 καὶ
686 3884 719 3954 ή
764 3882 985 3953 εἴδησις,
1031 3880 1245 3943 σύνεσίς
1279 3896 1336 3932 τε
1374 3880 1468 3933 καὶ
1499 3879 1699 3950 νόησις,
1748 3877 1840 3931 καὶ

258 3977 481 4047 γνῶσις.
518 3976 626 4031 Καὶ
656 3978 688 4047 ή
726 3976 822 4046 μὲν
860 3974 1065 4047 εἴδησις
1104 3974 1376 4044 ἐπιστήμη
1406 3970 1515 4024 τῶν
1561 3970 1683 4024 καθ’
1717 3969 1837 4022 ὅλου

259 4070 383 4124 κατ’
415 4065 551 4132 εἶδος
597 4067 680 4139 εἴη
728 4065 813 4133 ἂν,
857 4068 891 4138 ή
917 4066 973 4120 δέ
1017 4065 1277 4137 ἐμπειρία
1310 4063 1585 4134 ἐπιστήμη
1621 4062 1842 4134 περιλη-

257 4164 448 4235 πτική·
484 4161 623 4215 ὥστε
657 4161 747 4215 καὶ
773 4157 885 4214 οἷόν
916 4162 1060 4212 ἐστιν
1093 4158 1320 4212 ἕκαστον
1351 4155 1837 4227 πολυπραγμονεῖν·

257 4256 446 4327 νόησις
497 4255 553 4308 δέ
596 4255 872 4325 ἐπιστήμη
927 4250 1139 4324 νοητοῦ,
1179 4251 1273 4305 καὶ
1306 4250 1521 4314 σύνεσις
1564 4250 1841 4319 ἐπιστήμη

260 4346 595 4420 συμϐλητοῦ,
646 4347 678 4418 ἢ
720 4344 1021 4416 σύμϐλησις
1070 4343 1548 4416 ἀμετάπτωτος,ἢ
1603 4341 1844 4412 συμϐλη-

257 4442 390 4513 τικὴ
434 4439 680 4510 δύναμις,
722 4432 796 4491 ὧν
831 4438 1089 4510 φρόνησίς
1121 4439 1235 4490 ἐστι
1270 4436 1363 4489 καὶ
1410 4435 1710 4505 ἐπιστήμη,
1750 4431 1843 4484 καὶ

261 4534 383 4598 ἐνὸς
425 4534 520 4586 καὶ
570 4532 820 4596 ἑκάστου,
875 4532 970 4584 καὶ
1022 4531 1238 4584 πάντων
1270 4529 1377 4582 τῶν
1411 4530 1490 4591 εἰς
1539 4527 1633 4581 ἕνα
1665 4525 1838 4593 λόγον’

1939 3435 1969 3474 a
1997 3434 2107 3490 quo
2132 3417 2272 3475 scire
2293 3415 2473 3472 evenit
2500 3434 2513 3469 :
2543 3415 2602 3468 lit
2629 3422 2809 3467 autem
2849 3413 2898 3467 ei
2920 3410 3351 3481 comprehensio,
3388 3425 3510 3478 qua:

1938 3510 2203 3567 dimoveri
2231 3524 2339 3564 non
2368 3514 2549 3578 potest
2588 3522 2619 3561 a
2644 3506 2853 3560 ratione
2886 3523 2898 3558 :
2937 3504 3010 3558 ita
3040 3503 3204 3557 etiam
3239 3499 3508 3572 ignoratio

1938 3614 2022 3661 est
2048 3601 2329 3671 conceptio
2350 3600 2564 3662 cedens,
2591 3615 2711 3669 quae
2730 3599 2988 3653 dimoveri
3014 3603 3191 3666 potest
3218 3610 3246 3648 a
3278 3593 3505 3647 ratione.

1938 3695 2095 3763 Quod
2119 3702 2299 3748 autem
2325 3692 2653 3756 dimovetur,
2685 3701 2744 3746 ut
2776 3689 2852 3756 id,
2882 3689 3028 3760 quod
3057 3687 3408 3742 constituitur
3444 3700 3511 3740 ac

1940 3785 2316 3848 conﬁrmatur,
2374 3798 2406 3836 a
2463 3782 2698 3845 ratione,
2752 3789 2837 3834 est
2888 3780 2942 3832 in
2994 3786 3179 3832 nostra
3221 3782 3507 3846 potestate.

1941 3876 2193 3931 Scientiaa
2218 3886 2403 3929 autem
2434 3881 2518 3928 est
2563 3873 2816 3941 adjuncta
2844 3879 2897 3925 et
2925 3868 3276 3940 experientia,
3307 3876 3360 3923 et
3390 3883 3513 3937 qure

1941 3969 2125 4024 (ἔναιρε
2152 3967 2351 4022 dicitur
2377 3966 2600 4037 είδησις,
2624 3974 2677 4019 et
2700 3980 2821 4035 qua:
2850 3964 3063 4025 σύνεσις
3112 3971 3166 4016 et
3203 3960 3509 4032 intelligent

1941 4062 2038 4128 tia,
2070 4068 2124 4115 et
2159 4060 2417 4131 cognitio.
2449 4057 2515 4112 Et
2548 4058 2652 4112 erit
2687 4038 2910 4127 quidem
2956 4055 3179 4127 εἴδησις,
3230 4054 3514 4108 universo-

1943 4169 2064 4207 rum
2093 4151 2320 4207 scientia
2344 4166 2438 4221 per
2469 4149 2698 4220 species.
2723 4147 3071 4218 Experientia
3109 4154 3311 4210 autem,
3337 4144 3515 4199 scien-

1945 4246 2019 4301 tia
2064 4244 2545 4316 comprehensiva,
2615 4257 2736 4313 quae
2798 4239 3093 4311 singularia
3142 4245 3531 4318 pcrscrutatur.

1943 4338 2217 4409 quomodo
2246 4351 2303 4392 se
2334 4336 2585 4390 habeant.
2623 4333 2984 4404 lntelligentia
3015 4339 3191 4385 autem
3227 4336 3310 4383 est
3334 4326 3515 4382 scien-

1944 4433 2018 4487 tia
2044 4432 2184 4502 ejus,
2211 4429 2356 4501 quod
2391 4429 2504 4485 sola
2542 4435 2721 4482 mente
2748 4424 3064 4496 percipitur.
3099 4421 3165 4475 Et
3191 4418 3403 4481 σύνεσις
3433 4425 3518 4472 est

1946 4522 2173 4579 scientia
2221 4521 2364 4590 ejus,
2397 4518 2545 4589 quod
2580 4525 2758 4588 potest
2800 4515 2852 4567 in
2910 4527 3075 4566 unum
3124 4506 3381 4569 conferri,
3422 4515 3525 4560 aut

261 4594 465 4699 γνώσις
511 4627 568 4680 δέ
613 4594 889 4696 ἐπιστήμη
937 4621 1027 4676 τοῦ
1078 4622 1226 4686 ὖντος
1280 4620 1464 4687 αὑτοῦ,
1499 4620 1533 4691 ἢ
1568 4619 1836 4688 ἐπιστήμη

1949 4628 2230 4683 compago,
2259 4627 2382 4682 qua:
2423 4608 2685 4665 dimoveri
2723 4621 2831 4660 non
2876 4608 3051 4673 potest
3093 4618 3105 4652 :
3150 4607 3240 4651 aut
3285 4594 3517 4649 facultas

263 4685 555 4794 σύμφωνος
582 4721 693 4783 τοῖς
715 4685 1037 4787 γινομένοις
1064 4715 1291 4787 ἁλήθειά
1323 4732 1381 4768 τε
1406 4685 1681 4785 ἐπιστήμη
1720 4685 1836 4780 ἁλη-

1952 4702 2113 4763 simul
2135 4704 2447 4760 conferendi
2472 4718 2556 4769 ea,
2583 4702 2727 4755 circa
2754 4711 2876 4768 quae
2912 4701 3195 4749 versantur
3229 4685 3518 4760 prudentia

1900 4885 1927 4913 ι
1959 4869 2115 4926 Prov.
2170 4886 2223 4935 v,
2276 4868 2366 4922 22.
2448 4867 2476 4906 b
2520 4864 2682 4919 Prov.
2716 4873 2908 4922 xxvrtt,
2938 4857 3020 4911 14.

348 4888 407 4947 >3
438 4882 500 4937 P.
544 4881 647 4936 468
682 4879 790 4935 ED.
826 4876 1122 4945 POTTER,
1156 4876 1397 4933 392—393
1423 4875 1531 4930 ΕΙ).
1563 4872 1789 4931 PARIS.

263 5088 524 5143 mundum
561 5086 729 5140 Deum
784 5100 892 5139 esse
929 5084 1147 5147 dicunt;
1197 5081 1362 5136 Stoici
1394 5082 1601 5152 quidem
1640 5081 1846 5152 prima-g

265 5162 448 5218 rium:
483 5157 749 5211 Platonici
773 5172 890 5209 vero
928 5154 1331 5213 secundarium;
1376 5149 1466 5205 nec
1508 5152 1716 5213 desunt,
1752 5149 1843 5219 qui

266 5230 489 5285 tertium
518 5230 656 5282 inter
685 5227 805 5279 deos
829 5226 1002 5279 locum
1029 5226 1077 5278 ei
1097 5225 1384 5293 assignant.
1411 5223 1669 5293 Didymus
1684 5218 1843 5293 apud

260 5299 568 5355 Eusebium
600 5297 676 5351 De
704 5297 1092 5364 praeparatione
1132 5292 1382 5363 Evangel.
1415 5291 1609 5364 lil).'sv
1633 5310 1655 5364 Ξ
1681 5291 1847 5342 Στωϊ-

266 5372 358 5425 κοὶ
391 5369 469 5433 δὲ,
504 5368 622 5422 ὅλον
655 5360 743 5420 τδν
766 5360 968 5438 κόσμον
992 5366 1099 5438 σὺν
1124 5367 1235 5428 τοῖς
1260 5360 1477 5435 μέρεσιν
1497 5360 1680 5433 αὐτοῦ,
1716 5375 1848 5438 προ-

270 5430 629 5511 σαγορεύουσι
679 5437 829 5511 Θεόν.
871 5430 1052 5511 Stoici
1111 5430 1527 5511 antemftotgm
1570 5430 1843 5511 mtmdzim,

268 5501 662 5580 cunt'partibus
701 5508 839 5578 ejus,
898 5507 1063 5580 Deum
1102 5504 1390 5575 appellant.
1438 5503 1643 5556 Seneca
1680 5501 1838 5580 epist.

268 5581 341 5637 97
375 5599 389 5635 :
421 5576 611 5635 Totum
633 5576 849 5649 hoc'quo
880 5576 1195 5649 continetur,
1225 5585 1272 5629 et
1298 5590 1458 5627 unum
1500 5580 1596 5637 est,
1620 5580 1668 5625 et
1708 5576 1846 5623 Deus

271 5661 385 5715 est;
411 5664 461 5707 et
487 5652 617 5705 socii
644 5646 778 5720 ejus,
815 5656 862 5701 et
897 5646 1127 5720 membra
1146 5662 1349 5720 sumus.

272 5792 293 5850 Ι
349 5710 426 5793 (4)
491 5710 1096 5845 ἒῗηλῖίοέριωμένων.
1146 5714 1432 5785 Respicere
1487 5714 1699 5769 videtur
1743 5710 1848 5766 Co-

295 5808 481 5850 019.1.
587 5832 600 5844 .

295 5808 481 5855 019.1,
510 5808 600 5845 21.

350 5864 431 5937 (5)
475 5863 602 5930 Τοῖς
640 5857 1007 5933 ὁμογνώμοσι
1045 5858 1232 5928 φιλία.
1276 5856 1503 5913 Catilina
1552 5856 1688 5927 apud
1728 5854 1845 5909 Sal-

1942 5076 2168 5131 lustium
2203 5091 2217 5128 :
2255 5072 2401 5125 Idem
2429 5068 2555 5124 velle
2589 5084 2650 5122 ac
2691 5066 2850 5131 nolle,
2873 5064 2944 5116 ἰα
2972 5062 3181 5116 demum
3208 5059 3365 5128 ﬁrma
3390 5056 3519 5110 anti-

1945 5156 2472 5289 cuzg)‘3‘i.lovaiwq.
2507 5207 2807 5289 Azma‘vult
2843 5202 3114 5289 πλούσιρς.
3149 5198 3411 5289 Ξῖιέιιωισ.

2143 5272 2532 5358 Ἁγιξρεὺορςι.
2654 5278 2871 5333 Rectius
2887 5272 3518 5345 ἀγρεύουσινηυεηαηιιιν,

1950 5348 2305 5414 οιᾟωνὲτῦ.
2336 5369 2393 5418 v,
2418 5350 2511 5405 22.
2553 5348 2818 5418 Summa.

2028 5409 2107 5495 (8i
2155 5428 2209 5479 Ὀ
2247 5409 2391 5489 Θεὸςί
2428 5420 2708 5485 ἀναίτιος.
2743 5416 2989 5495 Respicit
3025 5412 3252 5495 dictem,
3298 5409 3522 5495 (lentio

1955 5476 2105 5554 coni:
2136 5476 2541 5567 qumvadnota-ta
2562 5476 2709 5567 “sunt
2740 5487 2808 5567 ad
2839 5476 3059 5556 Ptedag.
3099 5483 3192 5537 lib.
3235 5497 3273 5544 ι,
3310 5492 3430 5547 cap.
3463 5476 3520 5539 8,

1956 5558 2219 5626 Stromft.
2251 5582 2305 5634 ι).
2345 5563 2472 5628 271,
2511 5562 2643 5634 edit.
2668 5558 2844 5634 Paris.
2965 5627 2976 5634 _
3060 5624 3091 5634 Α,
3226 5619 3242 5634 ἱ
3282 5617 3311 5634 Δ
3358 5618 3369 5630 ,

2027 5617 2523 5709 ζθῖπιξὰέᾶληψὶς.
2738 5630 2841 5709 hac
2902 5624 3144 5709 scientiae
3192 5617 3526 5709 deﬁnitione

1953 5685 2103 5765 coni:
2118 5685 2520 5778 qiié's'iibéiidg
2541 5701 2688 5778 dicta
2712 5707 2839 5778 sunt
2857 5698 2932 5778 ad
2959 5712 3013 5766 p.
3031 5693 3157 5778 ὅςὶΞ,
3180 5689 3311 5778 edit.
3331 5685 3521 5778 faris.

2023 5758 2357 5851 (Erigit/if
2380 5772 2556 5831 Scribi
2605 5770 2778 5842 possit
2818 5758 2979 5837 aditi};
3010 5765 3098 5819 vel
3137 5761 3294 5832 αὐτή,
3331 5758 3384 5813 in
3426 5771 3525 5810 no.

1955 5853 2147 5909 minat.
2191 5863 2342 5904 casu.
