3878 6320
505 363 647 422 1¹>15

1629 359 2019 415 CLEMENTIS
2053 357 2517 414 ALEXANDRINI

2648 252 2658 258 '
2690 250 2741 262 ’φ

3560 321 3670 422 1016

500 502 557 547 et
599 485 851 553 sci-entia,
885 498 940 542 et
981 485 1167 547 unius,
1222 493 1278 540 et
1317 485 1682 556 singulorum,
1712 494 1767 540 et
1803 487 2070 551 omnium,

2181 482 2320 547 θοῦςο
2357 482 2462 554 ἡδὲ
2481 482 2592 548 ἕξις
2610 481 2708 552 τῆς
2741 478 2996 551 ἀληθείας
3024 479 3294 551 ὲπιστημη
3319 476 3524 551 ἀληθῶν.
3557 484 3609 538 'II
3628 487 3671 542 δὲ

500 596 625 654 qua:
662 581 715 635 in
763 595 926 636 unam
967 577 1323 634 conferuntur
1354 575 1644 632 rationem.
1679 575 1930 646 Cognitio
1968 593 2069 631 au-

504 683 610 727 tem
635 680 719 728 est
744 673 1005 743 reiprout
1031 677 1115 724 est
1153 668 1414 732 scientia;
1454 677 1549 722 aut
1573 667 1798 722 scientia
1834 668 1920 730 iis,
1951 683 2072 738 quae

504 765 659 828 ﬁunt,
687 778 950 833 congrua.
993 759 1208 814 Veritas
1237 768 1440 822 autem,
1478 759 1592 814 veri
1623 759 1870 814 scientia.
1904 757 2070 814 Habi-

501 865 590 910 tus
627 862 809 908 autem
846 853 1109 917 veritatis,
1140 861 1224 908 est
1249 852 1475 908 scientia
1523 867 1796 906 verorum.
1837 851 2071 906 Scientia

501 955 686 1000 autem
739 945 992 1000 consistit
1051 960 1148 1014 per
1219 945 1520 1006 rationem,
1590 950 1645 997 et
1698 942 1802 997 alia
1867 942 2073 998 ratione

505 1044 564 1101 Et
599 1037 863 1092 dimoveri
895 1052 1002 1091 non
1035 1045 1242 1107 potest;
1289 1045 1346 1092 et
1375 1035 1463 1090 hic
1493 1034 1860 1105 cognitionem
1894 1034 2073 1104 inqui-

500 1129 594 1182 rit.
632 1127 766 1194 Quae
813 1138 996 1183 autem
1045 1144 1151 1184 non
1180 1127 1434 1193 facimus,
1467 1143 1531 1182 ea
1572 1136 1667 1181 aut
1699 1142 1806 1181 non
1843 1127 2073 1182 facimus

501 1232 786 1292 propterea
820 1225 961 1291 quod
1001 1238 1107 1276 non
1140 1221 1437 1291 possimus,
1491 1230 1586 1275 aut
1616 1229 1894 1290 propterea
1929 1221 2072 1289 quod

503 1315 764 1378 nolimus,
812 1324 906 1368 aut
944 1326 1164 1384 propter
1199 1324 1509 1382 utrumque.
1551 1310 1668 1366 Non
1698 1312 1946 1366 volamus
1973 1312 2074 1365 ita-

501 1423 631 1477 que,
683 1407 940 1476 quoniam
993 1420 1092 1461 nec
1137 1420 1452 1476 possumus,
1503 1419 1603 1458 nec
1645 1403 1915 1458 volumus.
1955 1402 2070 1458 Non

502 1504 757 1549 natamus
783 1505 962 1549 autem
1014 1495 1212 1559 adhuc,
1245 1494 1396 1549 verbi
1427 1494 1624 1564 gratia,
1657 1496 1917 1562 quoniam
1951 1507 2074 1562 pos-

501 1601 695 1640 sumus
724 1585 965 1655 quidem,
1004 1586 1097 1642 sed
1145 1602 1255 1641 non
1284 1586 1560 1640 volumus.
1605 1583 1723 1639 Non
1760 1600 1950 1640 sumus
1978 1601 2075 1638 au-

505 1670 611 1730 tem
657 1675 800 1731 sicut
859 1675 1167 1740 Dominus,
1219 1677 1479 1746 quoniam
1528 1677 1782 1732 volumus
1827 1677 2071 1746 quidem,

501 1767 595 1821 sed
624 1781 732 1820 non
761 1780 1078 1835 possumus.
1127 1765 1322 1821 Nullus
1363 1775 1440 1820 est
1485 1766 1623 1819 enim
1665 1765 1954 1834 discipulus
1980 1782 2072 1818 su-

2174 576 2450 647 ἐπιστήμη
2472 575 2559 628 διὰ
2582 573 2675 627 τοῦ
2701 573 2858 642 λόγου
2884 573 3212 635 συνίσταται,
3234 574 3323 626 κα)⁵
3345 573 3674 643 ἁμετὰπτωτίς

2174 672 2322 723 ἐστιν
2369 669 2512 740 ἄλλῳ
2550 668 2713 738 λόγῳ·
2747 666 2980 720 ἐνταῦθα
3013 666 3108 738 τὴν
3135 667 3324 735 γνῶσιν
3349 667 3673 742 πολυπραγμο-

2173 765 2254 816 νεῖ
2281 762 2413 832 (II).
2454 762 2521 813 ’Ἀ
2547 760 2603 812 δὲ
2665 759 2738 831 μὴ
2771 759 3063 829 ποιοῦμεν,
3090 759 3204 829 ἢτοι
3245 759 3327 814 διὰ
3364 760 3419 813 τὸ
3451 761 3516 832 μὴ
3553 761 3676 817 δύνα-

2176 855 2297 909 σθαι
2339 856 2399 908 ού
2446 853 2728 924 ποιοῦμεν,
2780 851 2812 922 ἣ
2850 851 2936 904 διὰ
2985 851 3046 904 τὸ
3103 852 3174 923 μὴ
3232 851 3528 922 βούλεσθαι,
3569 833 3676 923 Mt.

2174 947 2478 1019 ἀμφότερα.
2521 947 2632 1015 Οὐχ
2666 943 2940 1015 ίπτάμεθα
2987 943 3086 1015 μὲν
3125 940 3236 1007 οὖν,
3261 944 3434 1015 ἐπειδὴ
3467 944 3573 998 οὒτε
3609 946 3676 999 δυ.

2173 1039 2385 1110 νάμεθα
2409 1037 2535 1092 οὕτε
2557 1037 2860 1109 βουλόμεθα
2880 1054 2892 1066 ·
2918 1036 2979 1089 ού
2997 1035 3267 1107 νηχόμεθα
3293 1036 3367 1099 δὲ,
3393 1035 3510 1106 φέρε
3523 1037 3674 1099 εἰπεῖν,

2174 1129 2336 1201 ἄρτι,
2373 1126 2563 1199 ἐπειδὴ
2608 1124 2884 1196 δυνάμεθα
2935 1124 3034 1195 μὲν
3058 1164 3072 1187 ,
3103 1124 3163 1176 οὐ
3195 1122 3480 1194 βουλόμεθα
3505 1123 3579 1176 δέ·
3603 1125 3677 1178 οὐκ

2175 1222 2342 1292 ἐσμὲν
2395 1220 2452 1274 δὲ
2499 1220 2574 1284 ὼς
2606 1222 2635 1274 ό
2676 1218 2912 1290 Κύριος,
2952 1216 3138 1288 ἐπειδὴ
3185 1215 3468 1286 βουλόμεθα
3501 1217 3606 1285 μὲν,
3632 1221 3676 1272 οὐ

2174 1313 2452 1383 δυνάμεθα
2483 1313 2560 1366 δέ.
2611 1311 2821 1377 Οὐδεὶς
2865 1309 2974 1380 γὰρ
2995 1306 3265 1378 μαθητὴς
3307 1306 3449 1375 ὑπὲρ
3493 1307 3585 1361 τὸν
3614 1309 3679 1362 δι-

2173 1405 2485 1460 δάσκαλον
2502 1422 2514 1434 ·
2550 1403 2801 1472 ἀρκετὸν
2848 1402 2918 1456 δὲ
2937 1443 2952 1468 ,
3003 1401 3112 1455 ἐὰν
3147 1398 3432 1470 γενώμεθα
3466 1400 3536 1466 ὠς
3564 1405 3590 1454 ό
3615 1400 3679 1452 δι-

2175 1497 2482 1564 δάσκαλος
2504 1537 2518 1561 ,
2551 1497 2612 1550 ού
2646 1498 2765 1549 κατ’
2789 1495 2975 1549 οὐσίαν
2992 1511 3005 1525 ·
3041 1493 3298 1548 ἀδύνατον
3320 1493 3426 1564 γὰρ
3453 1493 3551 1546 ἴσον
3577 1488 3680 1545 εἶναι

2176 1589 2312 1660 πρὸς
2364 1588 2460 1659 τὴν
2517 1587 2748 1658 ὓπαρξιν
2801 1586 2862 1640 τὸ
2897 1586 3040 1640 θέσει
3079 1584 3158 1656 τῷ
3211 1584 3399 1655 φύσειο
3433 1584 3488 1636 τὸ
3515 1582 3563 1635 δὲ
3598 1584 3679 1654 (12)

2175 1683 2375 1746 ἀϊδίους
2400 1681 2700 1751 γεγονέναι,
2737 1681 2830 1735 κα).
2858 1681 2956 1752 τὴν
2978 1681 3086 1735 τῶν
3118 1681 3286 1733 ὄντων
3320 1679 3532 1750 θεωρίαν
3555 1680 3683 1747 ὲγνωη

2176 1773 2364 1838 κέναι,
2404 1774 2499 1827 καὶ
2554 1775 2702 1837 υἱοὺς
2731 1772 3242 1846 προσηγορεῦσθαι,
3275 1772 3366 1826 καὶ
3393 1772 3476 1824 τὸν
3521 1773 3681 1843 πατέρα

499 1876 592 1930 per
620 1861 934 1930 magistrum
962 1875 981 1912 :
1015 1861 1148 1914 satis
1194 1869 1272 1914 est
1309 1869 1505 1926 autem,
1546 1859 1594 1912 si
1633 1859 1765 1928 facti
1818 1858 2072 1927 fuerimus

2181 1867 2286 1920 ἀπὸ
2322 1866 2432 1920 τῶν
2479 1866 2696 1920 οἰκείων
2727 1839 2992 1938 καθορᾷν-
3014 1865 3192 1936 μόνον.
3221 1866 3527 1936 Προηγεῖται
3551 1839 3682 1917 τοίνυν

499 1954 637 2006 sicut
677 1954 925 2023 magister
948 1965 1008 2016 δ,
1045 1968 1152 2008 non
1197 1954 1435 2008 essentia
1481 1951 1619 2024 (ﬁeri
1661 1953 1808 2007 enim
1839 1967 1947 2008 non
1975 1967 2075 2021 po-

501 2053 628 2109 test,
658 2053 718 2099 ut
746 2045 802 2101 id
839 2046 984 2116 quod
1021 2054 1106 2101 cst
1157 2045 1469 2115 adeptione,
1503 2044 1574 2100 sit
1600 2044 1840 2100 essentia
1871 2044 2078 2115 aequale

501 2137 574 2202 ei,
617 2137 762 2208 quod
807 2145 891 2194 est
936 2137 1176 2210 natura),
1222 2138 1316 2194 sed
1341 2138 1487 2208 quod
1523 2136 1649 2192 facti
1675 2137 1850 2194 simus
1881 2136 2082 2207 sempi-

502 2228 667 2292 terni,
696 2237 750 2284 et
779 2228 848 2283 ad
873 2231 1385 2300 contemplationem
1411 2244 1625 2296 eorum,
1655 2245 1779 2299 quae
1808 2239 1957 2294 sunt,
1985 2229 2082 2285 ad-

501 2321 682 2389 missi,
731 2331 788 2377 et
821 2321 916 2378 tilii
948 2323 1202 2392 appellati
1233 2323 1429 2390 simus,
1470 2331 1524 2378 et
1559 2333 1768 2393 patrem
1797 2337 1864 2377 ex
1897 2323 1966 2378 iis
1987 2337 2080 2378 so-

498 2411 636 2477 lum,
687 2429 810 2483 quae
849 2421 978 2470 sunt
999 2415 1047 2470 ei
1080 2414 1395 2484 conjuncta,
1426 2415 1729 2471 videamus.
1775 2413 1922 2470 Velle
1949 2429 2079 2484 ergo

499 2505 686 2559 omnia
738 2507 1383 2563 antecedit:rationales
1433 2507 1580 2562 enim
1630 2505 1915 2563 facultates
1951 2517 2079 2563 sunt

499 2598 803 2652 voluntatis
837 2598 1124 2654 ministra).
1160 2597 1322 2667 Veiis,
1370 2599 1568 2670 inquit,
1601 2609 1650 2652 et
1682 2599 1899 2668 poteris.
1935 2597 2078 2654 Gno-

499 2690 622 2746 stici
661 2699 839 2746 autem
867 2699 922 2746 ct
948 2692 1218 2757 voluntas,
1249 2701 1305 2747 et
1335 2691 1631 2762 judicium,
1677 2701 1732 2747 et
1756 2691 2076 2748 exercitatio

2183 1958 2399 2013 πάντων
2429 1959 2489 2012 τὸ
2527 1957 2841 2028 βούλεσθαι·
2880 1959 2938 2011 αί
2967 1958 3076 2030 γὰρ
3119 1957 3331 2026 λογικαὶ
3359 1955 3586 2027 δυνάμεις
3615 1956 3682 2008 τοῦ

2184 2048 2465 2120 βούλεσθαι
2501 2049 2733 2104 διάκονοι
2775 2049 3082 2120 πεφύκασι·
3122 2049 3303 2109 om,
3334 2049 3478 2118 φησὶ,
3503 2049 3584 2102 καὶ
3611 2046 3684 2101 διι-

2180 2142 2342 2211 νήσῃ
2379 2142 2486 2214 (15)
2511 2159 2523 2172 ο
2552 2142 2646 2196 τοῦ
2680 2143 2981 2211 γνωστικοῦ
3015 2143 3072 2195 δὲ
3098 2143 3194 2196 κα)⁵
3223 2143 3255 2213 ή
3293 2140 3539 2212 βούλησις,
3568 2140 3683 2209 καὶὴ

2182 2235 2384 2308 κρίσις,
2417 2234 2512 2289 καὶ
2546 2236 2578 2305 ἡ
2611 2234 2899 2306 ἄσκησιςὴ
2930 2233 3090 2304 αὐτή.
3120 2235 3190 2287 Εἰ
3215 2235 3323 2305 γὰρ
3347 2235 3402 2287 αἱ
3423 2231 3563 2285 αὑταὶ
3591 2247 3686 2302 πριι-

2183 2325 2380 2390 θέσεις,
2412 2327 2480 2380 τὰ
2498 2327 2634 2380 αύτὰ
2654 2330 2748 2380 καὶ
2775 2327 2842 2380 τὰ
2874 2327 3122 2398 δόγματα
3159 2328 3253 2381 καὶ
3280 2328 3337 2380 αἱ
3377 2326 3584 2396 κρίσεις,
3619 2326 3684 2377 ἵνα

2183 2417 2246 2489 δὴ
2273 2412 2405 2470 ὦσιν
2436 2418 2584 2489 αύτῷ
2616 2419 2709 2472 καὶ
2737 2420 2785 2472 oi
2814 2418 2984 2488 λόγοι,
3016 2421 3110 2473 καὶ
3136 2421 3166 2472 ό
3192 2419 3323 2489 βίος,
3352 2419 3441 2472 καὶ
3473 2420 3501 2472 ό,
3529 2417 3687 2487 τρόπος

2181 2509 2458 2563 ἀκόλουθοι
2513 2513 2577 2581 τῇ
2627 2511 2896 2569 ὲνστὰσει.
2931 2512 3156 2581 Καρδία
3181 2511 3248 2564 δὲ
3301 2509 3485 2565 εὐθεῖα
3519 2507 3689 2573 ἐκζητεί

2178 2601 2430 2670 γνώσεις
2450 2643 2464 2666 ,
2492 2604 2586 2657 καὶ
2612 2603 2858 2657 ἐκείνων
2877 2604 3065 2659 ἐπαΐει
3099 2605 3235 2676 (14).
3276 2605 3335 2658 '0
3368 2603 3499 2669 Θεὸς
3519 2599 3691 2655 δεδίδα-

2178 2691 2249 2763 χέ
2279 2711 2356 2762 με
2393 2695 2635 2763 σοφίαν,
2675 2695 2772 2748 καὶ
2798 2694 3024 2765 γνῶσιν
3056 2696 3242 2767 ἁγίων
3263 2697 3498 2767 ἔγνωκα.

500 2791 586 2841 est
614 2784 822 2838 eadem.
878 2783 934 2840 Si
963 2795 1095 2841 sunt
1151 2784 1298 2841 enim
1355 2784 1559 2840 eaedem
1617 2784 1786 2840 animi
1834 2784 2257 2856 prepositiones,
2303 2786 2494 2842 eadem
2540 2803 2760 2857 quoque
2817 2797 2976 2842 erunt
3013 2797 3068 2843 et
3111 2789 3366 2858 dogmata
3433 2795 3482 2839 et
3514 2781 3688 2855 judicia,

499 2885 564 2934 ut
587 2887 644 2932 et
671 2880 857 2945 verba,
909 2888 965 2934 et
1006 2877 1136 2944 vita,
1189 2887 1244 2934 et
1289 2893 1473 2935 mores
1520 2879 1630 2934 sint
1668 2879 1788 2950 ejus
1825 2867 2075 2936 instituto
2107 2890 2491 2936 consentanea.
2546 2881 2651 2935 Cor
2697 2893 2870 2936 autent
2899 2891 3099 2936 rectum
3153 2882 3381 2953 exquirit
3411 2879 3689 2950 cognitiones,

499 2983 549 3028 et
578 2974 701 3028 illas
726 2975 998 3046 ρωπίας
1025 2975 1168 3029 Deus
1195 2975 1377 3029 docuit
1402 2991 1482 3029 me
1508 2975 1846 3044 sapientiam,
1878 2987 1925 3029 et
1961 2976 2080 3030 novi
2113 2985 2418 3030 sanctorum
2451 2977 2798 3048 cognitionem
2822 2977 2881 3033 b.

1898 3130 2129 3189 CAPUT
2167 3131 2354 3186 XVIII.

641 3252 828 3325 Legem
869 3252 1160 3306 Mosaicam
1205 3254 1374 3307 omnis
1413 3253 1670 3310 doctrina:
1709 3253 1927 3308 moralis
1965 3271 2076 3308 esse
2116 3254 2349 3325 fontem,
2400 3263 2556 3323 atque
2596 3252 2717 3306 inde
2757 3251 2967 3306 (ἔτ-ωερε
3005 3251 3182 3306 etlzica
3222 3267 3319 3304 sua
3356 3250 3586 3303 hausisse.

571 3369 793 3426 Clarum
837 3378 922 3425 est
963 3384 1116 3441 ergo,
1163 3385 1357 3426 omnes
1389 3387 1610 3444 quoque
1654 3373 1790 3426 alias
1825 3372 2070 3438 virtutes,

2246 3385 2548 3456 Προφανεῖς
2606 3381 2701 3451 μὲν
2749 3374 2842 3432 οὖν
2893 3379 2987 3432 καὶ
3019 3379 3196 3432 πᾶσαι
3247 3375 3402 3430 ἄλλαι
3433 3370 3614 3445 ἀρεταὶ.
3649 3366 3690 3422 αἱ

500 3479 624 3533 quae
676 3461 890 3533 scriptae
933 3473 1061 3517 sunt
1082 3463 1224 3534 apud
1249 3463 1514 3536 Moysem,
1549 3463 1846 3534 praebuisse
1869 3461 2074 3518 Graecis

501 3553 830 3625 principium
875 3556 1042 3611 totius
1089 3556 1195 3610 loci
1244 3556 1492 3620 moralis,
1543 3555 1941 3622 fortitudinem,
1992 3555 2078 3609 in-

501 3663 690 3718 quam,
731 3656 786 3703 et
826 3651 1262 3718 temperantiam,
1315 3659 1370 3704 et
1398 3649 1769 3720 prudentiam,
1823 3658 1878 3703 et
1909 3649 2076 3718 justi-

502 3741 657 3802 tiam,
689 3748 742 3795 et
767 3740 1112 3796 tolerantiam
1141 3742 1329 3808 etiam,
1358 3752 1411 3796 et
1442 3741 1780 3811 patientiam,
1812 3749 1866 3796 et
1891 3740 2078 3796 mode-

505 3833 690 3900 stiam,
729 3842 783 3889 et
807 3833 1170 3900 honestatem,
1203 3844 1258 3890 et
1287 3835 1702 3897 continentiam,
1734 3841 1810 3900 et,
1838 3848 1961 3904 qua:
1983 3847 2079 3888 eas

506 3934 750 3993 superat.
795 3924 1078 3993 pietatem.
1142 3923 1248 3980 Sed
1274 3927 1341 3981 de
1371 3927 1566 3995 pietate
1600 3925 1818 3996 quidem
1849 3934 1934 3980 est
1957 3925 2079 3980 cui-

504 4017 641 4072 libet
691 4015 1064 4082 manifestum,
1119 4019 1263 4088 quod
1295 4034 1626 4088 'supremam
1672 4027 1726 4074 et
1766 4017 2081 4088 antiquissi-

504 4127 654 4166 mam
701 4126 922 4165 cansam
969 4112 1161 4166 doceat
1209 4112 1385 4166 colere
1434 4122 1487 4168 et
1534 4113 1824 4168 honorare.
1879 4111 2078 4176 Eadem

507 4215 726 4271 quoque
769 4201 857 4256 lex
887 4202 1110 4257 exhibet
1145 4203 1413 4274 justitiam
1447 4220 1466 4256 :
1493 4213 1548 4259 et
1571 4205 1729 4260 docet
1755 4204 1920 4260 etiam
1949 4221 2080 4275 pru-

504 4291 769 4357 denliam,
798 4307 895 4363 per
934 4293 1318 4348 abstinentiam
1363 4310 1393 4348 a
1422 4294 1732 4351 simulacris
1763 4296 2078 4362 sensilibus,

504 4393 560 4438 et
601 4385 668 4438 ad
702 4384 1082 4440 universorum
1131 4385 1441 4442 effectorem
1476 4397 1528 4442 et
1556 4397 1763 4458 patrem
1795 4389 2076 4444 evocatio-

433 4559 438 4562 _
512 4507 572 4566 >14
602 4500 667 4556 Ρ.
698 4502 804 4557 469
833 4501 940 4556 ED.
974 4501 1272 4568 POTTER,
1309 4503 1552 4560 592-594
1585 4503 1694 4559 ΕΙ).
1730 4502 1957 4560 PARIS.

2179 3477 2331 3549 παρὰ
2388 3475 2466 3546 τῷ
2494 3474 2717 3528 Μωῡσεῖ
2761 3469 3272 3542 ἀναγεγραμμέναι,
3311 3465 3474 3538 ἀρχὴν
3520 3461 3691 3552 “Elith

2178 3567 2379 3631 παντὸς
2413 3564 2504 3619 τοῦ
2554 3561 2743 3634 ἠθικοῦ
2788 3563 2954 3615 τόπου
3007 3561 3451 3633 παρασχόμεναιο
3496 3552 3691 3625 ἀνδρείαν

2177 3659 2321 3728 λέγω
2344 3699 2359 3724 ,
2395 3657 2490 3710 καὶ
2525 3651 2876 3728 σωφροσύνην
2897 3694 2912 3719 ,
2947 3654 3042 3708 καὶ
3075 3654 3372 3725 φρόνησιν,
3405 3650 3491 3704 καὶ
3532 3648 3690 3700 δικαιο-

2183 3751 2369 3821 σύνην,
2411 3747 2718 3820 καρτερίαν
2757 3763 2816 3800 τε
2871 3747 2966 3799 καὶ
2996 3745 3318 3817 ὑπομονὴν,
3342 3743 3442 3796 καὶ
3471 3740 3557 3813 τὴν
3593 3753 3692 3806 σεμ-

2185 3846 2382 3916 νότητα
2401 3883 2415 3908 ,
2464 3842 2560 3895 καὶ
2611 3840 2935 3913 ἐγκράτειαν
2959 3879 2975 3904 ,
3003 3839 3103 3910 τήν
3137 3855 3200 3891 τε
3233 3839 3326 3890 ἐπὶ
3352 3835 3542 3898 τούτοις
3575 3828 3692 3884 εὐσέ-

2183 3931 2354 3986 ϐειαν.
2392 3930 2529 3983 Ἀλλ’
2552 3931 2586 4001 ή
2621 3929 2716 4001 μὲν
2751 3928 3004 3982 εὐσέϐεια
3040 3927 3205 3981 παντί
3237 3945 3338 3980 που
3370 3925 3494 3998 δήλη
3515 3922 3566 3976 τὸ
3589 3920 3698 3974 ἀνω-

2183 4021 2329 4074 τάτω
2361 4022 2456 4074 καὶ
2501 4018 2873 4091 πρεσϐύτατον
2905 4017 3076 4073 αἴτιον
3107 4018 3220 4091 (15)
3261 4017 3433 4072 σέϐειν
3463 4015 3545 4068 καὶ
3571 4011 3695 4080 τιμᾷν

2182 4109 2509 4164 διδάσκουσα
2543 4107 2673 4182 (16),
2715 4110 2810 4162 καὶ
2853 4107 3201 4180 δικαιοσύνην
3239 4109 3296 4162 δὲ
3329 4107 3483 4170 αὐτὸς
3523 4100 3694 4170 ὀνόμος

2183 4203 2509 4274 παρίστησι,
2564 4200 2832 4255 παιδεύων
2863 4201 2960 4273 τήν
2987 4217 3045 4255 τε
3089 4201 3354 4272 φρόνησιν
3391 4199 3476 4253 διὰ
3509 4197 3590 4268 τῆς
3614 4192 3693 4246 τῶν

2183 4295 2456 4367 αἰσθητῶν
2489 4294 2720 4350 εἰδώλων
2777 4293 2991 4366 ἀποχῆς
3046 4295 3141 4348 καὶ
3171 4295 3269 4366 τῆς
3308 4292 3439 4366 πρὸς
3467 4288 3546 4344 τὸν
3573 4301 3693 4356 mit;-

2180 4388 2278 4460 τὴν
2300 4389 2394 4442 κα).
2423 4387 2643 4459 Πατέρα
2666 4385 2772 4440 τῶν
2807 4386 2944 4440 ὅλων
2987 4385 3373 4458 προσκλήσεως
3402 4381 3522 4454 (17)”
3547 4378 3623 4448 ἀφ’
3645 4369 3694 4444 ἧς

2159 4517 2185 4546 ι
2221 4504 2412 4559 Matth.
2443 4519 2498 4569 ιι,
2521 4503 2612 4568 24,
2636 4502 2736 4570 ‘25;
2768 4501 2997 4584 Luc._vt,
3022 4499 3110 4556 40.
3189 4500 3219 4541 1³
3243 4500 3402 4555 Prov.
3428 4511 3543 4561 xxx,
3570 4492 3615 4554 5.

579 4620 690 4697 (II)
742 4621 1033 4697 Ἐνταῦθα
1065 4621 1186 4697 τὴν
1197 4621 1423 4697 τνῷσιν
1438 4623 1943 4697 πολυπραγμονεῖ.
1977 4622 2072 4697 διι-

2187 4625 2281 4678 κα).
2307 4622 2675 4697 πρεσϐύτατον
2702 4622 2874 4676 αἴτιον
2903 4619 3059 4697 Philo
3081 4621 3133 4697 in
3157 4621 3281 4675 Ioco
3323 4633 3443 4697 mox
3472 4625 3690 4697 appensi}:

507 4694 696 4763 spicor
721 4692 958 4763 aliquem
979 4693 1034 4746 in
1065 4693 1188 4763 libri
1220 4694 1304 4747 sui
1332 4694 1576 4763 margine
1602 4692 1895 4749 adnotasse
1923 4713 1936 4748 :
1966 4696 2084 4748 Ἐν-

504 4761 808 4836 ταῦθαμτὴν
837 4763 1037 4836 γνῶσιν
1065 4761 1530 4836 πολυπραγμόνει.
1567 4763 1670 4836 llic
1695 4769 1936 4829 observa,
1954 4767 2083 4836 quid

506 4835 576 4887 sit
606 4832 830 4904 γνῶσις,
867 4834 936 4889 de
968 4849 1076 4904 qua
1119 4832 1339 4889 scilicet
1360 4832 1520 4889 tetics
1547 4849 1578 4888 a
1626 4834 1905 4891 Clemente
1927 4832 2082 4891 men-

505 4905 586 4975 tio
637 4903 945 4975 factagest:
988 4903 1150 4974 idque
1199 4914 1384 4974 postea
1432 4904 1488 4958 in
1538 4914 1747 4960 textum
1804 4915 2080 4975 receptura

505 4974 698 5039 fuisse,
727 4973 1174 5048 πολυπραγμόνει
1204 4973 1491 5048 imperat,
1539 4985 1749 5048 mutato
1799 4975 1879 5048 in;
1916 4973 2082 5030 πολυ-

504 5047 820 5170 ἶτραγμονεῖ
847 5045 1073 5103 indicat.
1099 5045 1269 5110 modi,
1297 5056 1357 5099 ut
1385 5061 1509 5100 cum
1540 5046 1970 5116 praecedentibus
1993 5062 2084 5102 co-

530 5125 755 5169 iazrcret.

530 5125 734 5169 iazrcret
743 5156 755 5169 .

508 5183 797 5310 8,9823“?
834 5185 920 5240 δέ.
955 5185 1132 5242 Etiam
1169 5185 1351 5243 dativo
1377 5202 1511 5244 casu
1542 5188 1645 5259 legi
1671 5197 1850 5260 potest
1880 5187 1958 5260 τῷ
2002 5187 2080 5242 δέ.

553 5269 777 5311 ἵιΒυΒῧ.

579 5325 599 5394 (
606 5326 870 5400 15)_9é.ls
901 5367 915 5381 .
947 5369 961 5382 .
990 5328 1089 5383 καὶ
1103 5329 1364 5400 δυνήσῃ.
1399 5329 1499 5386 Ubi
1520 5331 1624 5386 hoc
1653 5329 1899 5400 dictum?
1922 5327 2084 5384 Forte

505 5397 736 5466 respicit
758 5408 951 5452 auctor
979 5400 1142 5455 verba
1178 5397 1380 5457 Christi
1412 5403 1478 5456 ad
1501 5403 1800 5466 infirmum,
1833 5399 1994 5454 Joan.
2028 5416 2079 5464 ν,

507 5466 584 5542 63
612 5468 796 5542 Θέλεις
831 5469 989 5542 ὑγιὴς
1021 5470 1291 5538 γενέσθαις
1329 5473 1410 5526 vel
1441 5473 1623 5542 potius
1666 5471 1864 5542 leprosi
1919 5471 2081 5542 verba

505 5537 575 5593 ad
604 5537 914 5605 Christum,
941 5537 1107 5596 Marc.
1140 5557 1190 5607 ι,
1219 5542 1287 5599 40
1320 5563 1333 5598 :
1377 5537 1502 5600 Ἐὰν
1532 5537 1730 5615 θέλῃς,
1757 5540 1981 5595 δύνασαί
2016 5558 2083 5612 με

505 5607 821 5664 καθαρίσαι.

503 5624 821 5664 καυαοισαι.

579 5679 692 5751 (14)
714 5681 1007 5749 Καρδία...
1039 5683 1248 5737 ἐπαΐει.
1269 5681 1422 5740 Hanc
1438 5683 1838 5749 sententiamfin
1858 5681 1914 5736 S.
1937 5679 2085 5736 Scri-

507 5757 668 5824 ptura
710 5756 945 5821 reperire
991 5754 1232 5808 nondum
1261 5755 1432 5824 potui.
1468 5755 1564 5817 Ea,
1594 5771 1716 5824 quae
1751 5754 2016 5824 sequitur,
2052 5769 2081 5806 a

508 5819 784 5892 plerisque
814 5824 919 5876 τῶν
947 5828 1000 5876 0'
1036 5819 1390 5892 interpretum
1425 5819 1758 5878 editionibus
1793 5819 1965 5877 abest.

579 5889 689 5954 (151
720 5890 787 5943 Τὸ
819 5893 1094 5947 ἀνωτάτω
1127 5889 1224 5947 κάι
1273 5908 1370 5959 πρ.
1447 5895 1657 5949 (lictor.
1693 5894 1765 5947 Τὸ
1811 5894 2081 5946 ἀνώτατον

2186 4697 2276 4750 do.
2311 4681 2414 4748 sed
2454 4694 2714 4748 ἀνωτάτω
2744 4708 2868 4745 cum
2916 4693 3148 4746 articulo
3171 4708 3269 4761 pro
3299 4681 3564 4761 iubeare;
3591 4681 3691 4761 alias

2187 4765 2324 4820 dixit
2353 4764 2604 4818 Clemens
2637 4780 2650 4817 :
2677 4761 3136 4832 quemadmodum
3253 4759 3348 4815 581
3375 4777 3388 4814 :
3418 4761 3448 4830 ἠ
3473 4757 3568 4824 γὰρ
3594 4753 3691 4804 ἀνω-

2185 4837 2334 4892 τάτω
2372 4833 2665 4902 ἀπόδειξις.
2776 4901 2782 4902 ί
3096 4901 3129 4902 μ
3346 4899 3378 4902 Α
3533 4893 3544 4902 .
3582 4887 3662 4902 ...ο

2257 4903 2368 4976 (16)
2429 4888 2611 4976 Tauri}
2625 4888 3048 4976 :Gwdmtovo'a.
3093 4901 3240 4976 Flor.
3298 4899 3444 4976 edit.,
3469 4888 3689 4976 x9153?-

2187 4959 2412 5040 σκὸυσα,
2438 4959 2505 5029 ne
2524 4959 2653 5044 quid
2672 4989 2812 5044 ergo
2850 4988 2880 5027 e
2912 4973 3184 5044 corruptis
3212 4959 3445 5042 vestigiis
3479 4959 3688 5020 decedat.

2189 5047 2289 5116 legi
2323 5053 2496 5114 potest
2521 5042 3005 5116 καταδιδάσκουσα.
3028 5042 3291 5116 Susum}.

2258 5098 2867 5188 1111-Ῐίροσκλήσιεωςἶ
2920 5113 3110 5188 Aptius
3133 5184 3145 5188 Δ
3180 5107 3546 5182 προσκλίσεως.
3589 5098 3690 5188 8η-

2186 5170 2599 5260 ιιιξὲιοί--Ϊεεε
2643 5170 3016 5260 θυιεηίιαοιῖο
3059 5170 3441 5260 videtuoesse.
3463 5170 3689 5260 πρρσξξῃς

2224 5257 2429 5321 ώσεως.
2463 5255 2590 5310 Vult
2633 5255 2778 5309 enim
2831 5263 3022 5309 auctor
3076 5241 3688 5324 legemMoysis

2224 5276 2429 5321 ωσεως.
2473 5276 2590 5310 νυιι
2633 5276 2778 5309 CIIII“
2831 5276 3022 5309 ίιυυιυι-
3076 5276 3245 5324 legem
3281 5276 3471 5320 muyals

2187 5276 2319 5394 ἵκευ,
2350 5325 2663 5381 universalis
2688 5326 2968 5397 conditori,
2990 5325 3045 5378 in
3067 5313 3684 5397 haereditatgutiaddmffﬁ

2188 5387 2316 5453 IIoc'
2333 5399 2404 5452 ita
2429 5414 2486 5453 se
2517 5397 2734 5460 habere,
2756 5395 3045 5467 didicimus
3075 5411 3106 5450 e
3133 5393 3312 5448 verbis
3335 5387 3688 5467 Pliilopis..ﬁ_“f

2174 5449 2451 5524 imitatus
2468 5449 2554 5522 est
2573 5449 2844 5521 Clemens.
2880 5464 2954 5519 Ea
2979 5480 3109 5519 vero
3132 5471 3346 5519 exstant
3377 5459 3426 5513 in
3449 5455 3554 5525 ejus
3578 5449 3686 5525 Iibro

2721 5520 2818 5590 741
2859 5527 3064 5608 ερῦτοι
3097 5535 3228 5608 πρὸς
3244 5520 3687 5608 Ἐϐραίουνςηφξλςιξξ

2186 5583 2505 5680 aestas;
2514 5583 2818 5680 "esset:
2844 5583 3062 5680 esse;
3091 5583 3686 5680 ἐὲὲρξρμᾶλλοίῆξδῗξὺ

2187 5666 2458 5734 ambitum
2474 5666 2957 5748 καίπρεσδύτατον
2983 5666 3151 5729 αἴτιον
3173 5666 3379 5726 σέϐουσι
3395 5666 3480 5721 καὶ
3503 5666 3684 5731 τίμῶσι,

2188 5750 2262 5778 -.ἶ
2300 5752 2490 5778 --.κατ-
2531 5749 2620 5778 ..-Χ
2658 5748 2824 5778 n---\
2870 5746 2975 5778 ινιτ...
3004 5747 3053 5778 2⁵1
3064 5764 3138 5778 .-ω
3174 5727 3682 5778 ηηηηνςνλττοωαὲνοι.

3174 5727 3682 5822 προσκεχληρωμὲνοι.

2190 5820 2484 5875 Madianwi
2512 5821 2633 5872 odio
2679 5818 2926 5872 Hebrreos
2961 5817 3060 5869 hac
3115 5827 3365 5885 pracipue
3419 5818 3562 5860 causa
3583 5812 3682 5885 ργα-

2189 5893 2374 5958 secuti,
2412 5891 2548 5960 quod
2578 5905 2836 5944 smnmam
2871 5897 2918 5940 et
2949 5880 3368 5957 antiquissimam
3391 5886 3581 5930 causam
3609 5880 3681 5918 τοι
