3878 6320
175 349 304 408 1021

1399 357 1830 415 ετιιοιιΑτυιι
1863 357 1988 412 LIB.
2031 355 2096 412 ll.

3268 365 3286 416 1
3299 363 3403 418 ΜΞ

170 471 292 527 σθαι
321 471 421 544 τῆς
446 477 748 546 στρατείας,
780 479 808 530 ὁ
858 477 1236 552 φιλάνθρωπος
1276 480 1485 533 κελεύει
1523 481 1702 552 Νόμος

1837 481 2260 547 exercitatione,
2296 491 2460 534 noctu
2505 491 2558 534 et
2609 481 2880 548 interdiu,
2929 491 2982 536 et
3031 483 3202 538 sicubi
3248 482 3404 537 testi-

167 567 545 636 στρατηγικῶς
590 569 710 638 μὲν,
759 569 834 634 ὡς
879 572 952 642 μὴ
991 571 1398 644 περισπώμενοι
1449 574 1585 644 πρὸς
1634 574 1730 638 τὰς

164 657 463 730 ἐπιθυμίας
482 663 518 722 ,”
543 661 849 734 ἀπρόθυμοι
899 662 975 734 τῷ
1027 663 1246 735 πολέμῳ
1278 664 1696 738 ὲξυπηρετῶμεν
1716 685 1728 697 ·

163 749 436 820 ἐλεύθεροι
467 752 576 822 (55)
605 753 714 824 γὰρ
737 753 834 816 τὰς
879 754 1055 825 ὁρμὰς
1088 756 1135 807 οἱ
1165 757 1589 828 ἀπροφασίστως
1622 761 1732 821 τοῖς

161 842 354 907 δεινοῖς
389 845 812 916 ἐπαποδυόμενοι
837 863 852 877 ·
889 847 1283 921 φιλανθρώπως
1326 849 1405 914 δὲ,
1435 842 1628 921 ἐπειδῆ
1664 850 1733 903 τά

161 935 302 990 κατά
331 938 460 1002 τοὺς
489 939 755 1011 πολέμους
790 939 994 1012 ἄδηλαο
1036 943 1219 996 ἄδικον
1255 939 1395 996 εἶναι
1441 943 1732 1012 λογισάμε-

159 1046 248 1092 νος
271 1072 286 1094 ,
326 1028 422 1082 τὸν
458 1031 556 1102 μὲν
597 1031 670 1104 μὴ
692 1031 920 1086 ὄνασθαι
955 1033 1064 1088 τῶν
1095 1035 1258 1089 αὑτοῦ
1297 1036 1509 1100 πόνων,
1547 1035 1731 1106 ἕτερον

155 1121 214 1173 δὲ
243 1120 314 1173 τὰ
365 1121 473 1176 τῶν
517 1125 796 1195 καμόντων
854 1126 1244 1199 ἀταλαιπώρως
1287 1127 1485 1180 λαϐεῖν.
1550 1128 1730 1184 Ἕοικε

159 1213 214 1264 δὲ
249 1215 282 1264 ό
315 1214 500 1285 Νόμος
543 1217 637 1269 καὶ
664 1217 759 1288 τὴν
783 1217 880 1288 τῆς
923 1219 1098 1290 ψυχῆς
1130 1221 1413 1291 ἐμφαίνειν
1446 1220 1725 1293 ἀνδρείαν,

155 1305 262 1358 δεῖν
303 1307 611 1378 νομοθετῶν
648 1310 738 1362 τὸν
763 1312 1102 1380 φυτεύσαντα
1131 1311 1494 1384 καρποῦσθαι,
1524 1313 1727 1366 καὶτὸν

157 1395 652 1468 οἰκοδομησάμενον
691 1401 1010 1464 οἱκείν,.καὶ
1043 1403 1134 1454 τὸν
1185 1401 1459 1474 μνώμενον
1495 1409 1691 1475 γαμεῖν
1711 1421 1724 1434 ·

73 1502 94 1506 ”
154 1487 214 1540 ού
243 1487 358 1558 γὰρ
388 1488 496 1560 (54)
529 1490 738 1555 ἀτελεῖς
763 1491 861 1555 τὰς
883 1493 1102 1558 ἐλπίδας
1135 1488 1246 1558 τοῖς
1275 1495 1546 1566 ἁσκήσασι
1589 1497 1728 1550 κατὰ

155 1580 244 1632 τὸν
279 1580 444 1650 λόγον
493 1583 584 1636 τὸν
613 1585 910 1652 γνωστικὸν
972 1585 1395 1651 κατασκευάζει·
1444 1588 1725 1656 Τελευτή-

155 1689 384 1738 σαντος
437 1671 574 1744 (55)
602 1675 708 1747 γὰρ
745 1677 839 1729 καὶ
877 1677 1075 1742 ζῶντος
1103 1677 1320 1746 ἀνδρὸς
1361 1679 1583 1748 ἀγαθοῦ
1616 1684 1724 1735 οὐκ

151 1764 496 1822 ἀπόλλυται
521 1767 714 1834 ἐλπίς.
759 1769 930 1838 Ἐγὼ,
971 1771 1138 1840 φησὶ,
1165 1771 1306 1837 τοὺς
1335 1770 1438 1841 ἐμὲ
1478 1773 1724 1841 φιλοῦν-

151 1871 256 1922 τας
285 1857 520 1926 ἀγαπῶ,
571 1859 800 1930 ήΣοφία
844 1861 1024 1929 λέγει·
1062 1865 1116 1916 oi
1163 1861 1231 1915 δὲ
1269 1863 1373 1934 ἐμὲ
1416 1862 1724 1934 ζητοῦντες

151 1947 524 2016 εὑρήσουσιν
572 1950 818 2020 εἰρήνην
841 1951 977 2024 (56),
1019 1953 1112 2006 καὶ
1139 1953 1207 2006 τὰ
1229 1955 1371 2025 ἑξῆς.
1403 1955 1466 2008 Τί
1494 1956 1547 2010 δέ
1569 1973 1582 2020 ;
1604 1957 1722 2028 οὐχὶ

151 2041 202 2094 αἱ
229 2041 587 2112 Μαδιηναίων
631 2047 886 2112 γυναῖκες
940 2044 1018 2115 τῷ
1071 2045 1256 2100 κάλλει
1311 2047 1388 2117 τῷ
1435 2047 1581 2116 σφῶν
1627 2066 1722 2102 πο-

149 2131 451 2204 λεμοῦντας
473 2137 600 2198 τοὺς
650 2136 930 2208 Ἑϐραίους
963 2141 1026 2191 ἐκ
1061 2139 1410 2211 σωφροσύνης
1441 2139 1508 2192 δι’
1546 2143 1720 2213 ἀκρα-

153 2223 264 2276 σίαν
321 2227 406 2288 είς
471 2226 737 2300 ἀθεότητα
787 2229 1158 2301 ύπηγάγοντο;
1219 2232 1718 2304 Προσεταιρισὰμε-

148 2332 228 2368 ναι
257 2315 374 2388 γὰρ
403 2320 529 2382 τοὺς
564 2319 670 2392 (57)
706 2322 769 2374 ὲκ
802 2321 898 2392 τῆς
931 2323 1132 2394 σεμνῆς
1165 2324 1446 2394 ἀσκήσεως
1491 2326 1568 2389 εἰς
1601 2325 1720 2395 ἠδο-

146 2405 234 2470 νάς
285 2409 578 2480 ὲταιρικὰς
633 2410 710 2481 τῷ
765 2412 949 2465 κάλλει
998 2413 1352 2480 δελεάσασαι,
1383 2414 1474 2466 ὲπί
1524 2433 1584 2467 τε
1622 2415 1720 2478 τὰς

143 2499 244 2550 τῶν
277 2500 546 2555 ,εἰδώλων
601 2503 790 2566 θυσίας
836 2507 928 2558 ἐπί
977 2523 1036 2558 τε
1092 2507 1192 2570 τὰς
1241 2507 1548 2572 ἀλλοδαπὰς
1601 2508 1717 2572 ἐξέ-

147 2608 324 2660 μηναν
353 2597 614 2660 γυναῖκας
639 2612 650 2624 ·
695 2596 970 2665 γυναικῶν
1015 2597 1070 2651 δὲ
1109 2599 1224 2669 ἅμα
1267 2600 1359 2652 καὶ
1404 2600 1596 2670 ἡδονῆς
1627 2587 1718 2671 ﬁt;

143 2685 424 2755 τηθέντες,
489 2687 802 2750 ἀπέστησαν
865 2691 960 2760 μὲν
1033 2689 1125 2744 τοῦ
1175 2692 1347 2757 Θεοῦ,
1406 2693 1717 2763 ἀπέστησαν

143 2776 194 2828 δὲ
225 2779 324 2831 καὶ
368 2778 464 2831 τοῦ
508 2780 671 2850 νόμου
695 2797 708 2810 ³
736 2781 830 2834 καὶ
867 2781 1058 2853 μικρὸν
1102 2783 1213 2835 δεῖν
1250 2783 1356 2852 (58)
1392 2786 1419 2836 ὁ
1447 2786 1553 2848 πᾶς
1583 2783 1717 2847 λεὼς

145 2870 454 2940 ὑποχείριος
491 2875 602 2935 τοῖς
633 2873 929 2944 πολεμίοις,
973 2876 1264 2946 γυναικείῳ
1304 2879 1716 2948 στρατηγήματι

143 2963 418 3032 ἐγεγόνει,
495 2965 599 3029 ἓως
675 2967 872 3030 αὐτοὺς
948 2966 1352 3031 κινδυνεύοντας
1411 2969 1716 3039 ἀνεχαίτισε

143 3055 476 3126 νουθετήσας
505 3057 687 3126 φόϐος.
733 3059 942 3113 Αὐτίκα
989 3061 1037 3113 οἱ
1075 3059 1532 3130 περιλειφθέντες,
1571 3062 1713 3132 φιλο-

143 3145 405 3210 κινδύνως
446 3147 538 3202 τὸν
569 3149 710 3221 ὑπὲρ
761 3151 1038 3216 εὐσεϐείας
1085 3152 1270 3222 ἀγῶνα
1324 3153 1586 3224 ἀράμενοι
1630 3151 1717 3205 κύ-

143 3259 240 3310 ριοι
275 3241 628 3313 κατέστησαν
657 3243 766 3296 τῶν
788 3245 1080 3316 πολεμίων.
1125 3247 1294 3314 Ἀρχὴ
1326 3246 1440 3316 (59)
1468 3245 1580 3299 οὖν
1613 3261 1716 3299 σο-

141 3335 268 3402 φίας
310 3333 616 3388 θεοσέϐεια
635 3353 647 3364 ·
680 3335 930 3402 σύνεσις
958 3335 1026 3390 δὲ
1049 3337 1230 3406 ἁγίων
1253 3335 1576 3406 προμήθεια
1593 3353 1606 3367 ·
1643 3338 1710 3390 τὸ

137 3424 200 3476 εὲ
259 3425 494 3494 γνῶναι
551 3426 786 3494 Νόμον,
834 3424 1101 3492 διανοίας
1145 3427 1316 3480 ἐστὶν
1361 3427 1608 3496 ἀγαθῆς.
1649 3430 1712 3480 Οἱ

139 3518 314 3570 τοίνυν
359 3517 645 3588 ὲμπαθοῦς
703 3519 866 3588 φόϐου
932 3520 1340 3589 περιποιητικὸν
1391 3521 1483 3571 τὸν
1533 3521 1712 3590 Νόμον

139 3606 523 3672 ὖποῖαϐόντες,
545 3605 668 3660 οὔτε
700 3608 894 3676 ἀγαθοὶ
929 3610 1166 3662 συνιέναι
1191 3608 1322 3680 (40),
1353 3608 1476 3662 οὔτε
1501 3611 1714 3681 ἐνενόη-

141 3715 228 3754 σαν
256 3697 344 3770 τῷ
389 3700 504 3752 ὄντι
559 3699 649 3752 τὸν
679 3700 891 3770 -Νόμοψ
935 3701 1118 3766 Φόϐος
1169 3701 1280 3772 (41)
1337 3701 1445 3772 γὰρ
1491 3691 1710 3769 Κυρίου

137 3789 286 3860 ζωὴν
307 3791 494 3846 ποιεῖ.
540 3792 604 3844 '0
627 3791 696 3844 δὲ
723 3791 1111 3861 πλανώμενος
1154 3793 1588 3862 ὀδυνηθήσεται
1641 3793 1712 3846 ἐν

137 3887 365 3951 πόνοις,
423 3879 512 3950 οἷς
550 3887 660 3938 οὐκ
716 3884 1134 3939 ἐπισκέπτεται
1189 3884 1430 3955 γνῶσις.
1495 3885 1707 3956 ’Δμέλει

141 3977 424 4046 μυστικῶς
455 3979 483 4030 ὁ
507 3975 810 4048 Βαρνάϐας,
840 3976 894 4028 Ὀ
913 3975 982 4028 δὲ
1004 3976 1147 4042 Θεὸς
1179 3977 1289 4046 (42)
1313 3979 1344 4029 ὀ
1365 3975 1469 4030 τοῦ
1486 3975 1708 4040 παντὸς

137 4070 370 4136 κόσμου
402 4065 515 4137 (45)
543 4067 851 4134 κυριεύων,
865 4067 1017 4135 φησὶ,
1039 4064 1158 4132 δῴη
1176 4065 1273 4117 καὶ
1301 4063 1442 4133 ὑμῖν
1479 4063 1705 4132 σοφίαν

133 4160 226 4212 καί
252 4161 520 4213 σύνεσιν
540 4199 554 4222 ,
578 4157 934 4228 ἐπιστήμην,
975 4156 1198 4227 γνῶσιν
1243 4149 1358 4210 τῶν
1399 4155 1706 4226 δικαιωμά-

133 4269 243 4304 των
279 4251 496 4314 αὑτοῦ,
529 4248 856 4320 ὑπομονήν.
907 4249 1160 4304 Γίνεσθε
1178 4243 1290 4303 οὖν
1314 4247 1702 4312 θεοδίδακτοι,

131 4345 519 4414 ἐκζητοῦντες
547 4343 603 4396 τί
618 4341 774 4411 ζητεῖ
795 4346 826 4396 ὁ
847 4343 1058 4410 Κύριος
1085 4341 1184 4409 ἀφ’
1206 4339 1392 4409 ὑμῶν,
1420 4340 1518 4392 ἵνα
1532 4340 1704 4406 εὓρη-

135 4515 192 4574 at
219 4511 282 4564 P.
317 4509 428 4564 ΠΩ
451 4507 563 4562 ΕΙ).
599 4507 870 4562 POTTER
947 4521 974 4548 ι
999 4507 1154 4562 Deut.
1191 4523 1280 4572 xx,
1315 4508 1368 4573 5,
1391 4509 1442 4574 6,
1471 4508 1520 4561 7.

195 4674 314 4741 (55)
383 4674 729 4737 Ἐλεύθεροι.
772 4674 971 4722 Philo:
1005 4674 1188 4729 Ὅπως
1244 4674 1546 4737 ἐλευθέροις
1607 4674 1698 4720 καὶ

131 4739 352 4811 ἀφέτοις
390 4742 587 4810 ὁρμαῖς
636 4739 1056 4811 ἀπροφασίστως
1112 4739 1222 4799 τοῖς
1254 4737 1447 4800 δεινοῖς
1493 4739 1698 4790 ἐπαπο-

129 4809 386 4866 δύωνται.

199 4883 318 4951 (54)
351 4881 437 4934 Οὐ
457 4880 588 4950 γάρ.
621 4879 777 4935 Philo
810 4899 823 4932 :
871 4881 956 4944 Ὠς
985 4879 1046 4932 οὐ
1090 4879 1208 4951 δεῖν
1229 4876 1436 4951 ἀτελεῖς
1481 4876 1702 4951 euge).—

133 4946 745 5022 πίδαςκατασκευάςειν
781 4953 886 5014 τοῖς
907 4949 1118 5022 χρηστὰ
1141 4947 1250 5000 τών
1283 4946 1424 5022 κατᾲ
1467 4947 1558 5022 τὸν
1590 4947 1702 5018 βίον

133 5023 585 5092 προσδοκήσασιν.
641 5021 868 5090 Reliqua
907 5017 1092 5083 etiam,
1137 5019 1356 5092 quaead
1388 5017 1700 5071 Judmorum

131 5088 667 5162 instituta'spectant,
693 5088 880 5161 paucis
898 5088 1205 5155 mutatis,e
1233 5088 1455 5143 Philone
1483 5098 1698 5158 sumpta

129 5173 280 5216 sunt.

199 5233 314 5302 (35)
363 5231 858 5302 Τελευτήσαντος.
927 5229 1184 5302 Proverb.
1212 5245 1290 5302 at,
1395 5246 1407 5280 ε
1438 5227 1696 5300 Τελευτή-

133 5297 321 5366 σαντος
349 5303 542 5375 ἀνδρὸς
569 5297 796 5362 δικαίου,
816 5297 913 5375 οὐκ
951 5299 1166 5375 ὄλλυται
1208 5297 1378 5375 ἐλπίς.

198 5375 311 5444 (56)
342 5367 733 5444 Εύρήσουσιν
764 5373 1029 5442 εἰρήνην.
1065 5369 1178 5444 lloe
1207 5370 1402 5444 legitur
1433 5367 1688 5444 Provrrli.

133 5439 254 5513 cap.
269 5439 378 5498 ivx.
397 5439 503 5498 Sed
530 5445 691 5498 Prov.
709 5439 828 5509 vni,
858 5439 1000 5497 unde
1015 5443 1214 5513 petitus
1231 5440 1316 5492 hic
1340 5439 1510 5504 locus,
1530 5440 1693 5510 εὑρή-

137 5511 282 5567 σουσι
306 5515 492 5587 χᾲριν.
521 5513 586 5568 Λ.
617 5513 1038 5587 Madianitarunl
1052 5511 1339 5587 mulierum
1362 5519 1688 5587 strategema

135 5579 518 5640 exstat"Num.
547 5601 671 5650 xxv,
709 5584 865 5638 Deut.
905 5600 979 5649 iv,
1005 5581 1207 5635 Psalm.
1240 5579 1486 5650 cv,apud
1507 5580 1692 5633 Philo-

135 5668 253 5726 aem
285 5673 338 5726 p.
373 5655 514 5721 441,
548 5649 1334 5726 5116.(ΖΙιιιξεοριριη,Α-Ιιοιιιίιὶιι
1363 5660 1552 5704 contra
1595 5665 1688 5708 no-

133 5721 318 5778 vihnii
353 5728 752 5790 observatores,
777 5721 828 5794 p'.
859 5723 941 5794 16.
975 5721 1344 5794 ΙΙνηηὸγωωιο..

205 5795 314 5866 (57)
352 5795 518 5874 fork.
551 5795 732 5854 Malim
765 5791 978 5864 αὐτούς,
1014 5791 1150 5847 illos.

1835 575 2022 628 monio
2045 616 2060 640 ,
2093 589 2190 629 seu
2222 573 2515 644 martyrio,
2547 588 2685 643 Opus
2715 575 2817 638 sit,
2850 575 2992 644 quod
3025 574 3277 646 procedat
3307 590 3404 644 per

1836 665 2177 736 sanguinem.
2213 664 2424 720 Rursus
2459 683 2472 718 :
2503 663 2560 719 Si
2589 667 2740 735 quis,
2779 666 2989 736 inquit,
3030 666 3243 720 domum
3281 683 3312 720 a
3348 683 3404 720 se

1835 773 1998 826 nuper
2029 758 2346 826 wdiﬁcatam
2377 757 2608 809 nondum
2652 757 2941 823 habitavit,
2984 769 3074 810 aut
3111 759 3269 811 uitem
3305 774 3405 812 nu-

1831 863 1921 914 per
1949 847 2246 916 plantatam
2281 856 2555 915 operatus,
2595 847 2801 917 fructus
2836 849 3064 902 nondum
3095 849 3197 918 fuit
3227 848 3402 918 parti-

1834 955 1980 1008 ceps,
2029 949 2121 992 aut
2168 939 2269 992 sibi
2311 939 2581 1008 desponsa:
2625 941 2816 1010 virgini
2859 941 3086 994 nondum
3119 942 3293 1010 nupsit
3326 951 3353 984 ι
3379 957 3400 997 :

1832 1043 1924 1084 eos
1956 1031 2072 1084 vult
2100 1031 2340 1084 humana
2371 1031 2458 1084 lex
2494 1047 2616 1085 esse
2643 1031 2914 1086 immunes
2945 1047 2972 1085 a
3003 1032 3194 1085 militia
3215 1074 3232 1098 ,
3264 1048 3399 1100 pru—

1791 1123 2020 1196 "denter
2050 1136 2102 1178 et
2139 1124 2520 1192 imperatoria,
2557 1139 2624 1177 ne
2657 1125 2786 1178 dum
2817 1124 3100 1178 avellimur
3128 1139 3158 1178 a
3187 1122 3400 1193 cupidi-

1831 1214 2068 1279 tatibus,
2125 1215 2321 1286 ignavo
2371 1225 2422 1271 et
2474 1216 2684 1285 dejceto
2723 1216 2904 1272 animo
2944 1216 3134 1272 demus
3173 1231 3397 1287 Operam

1828 1308 2079 1374 militize;
2129 1320 2258 1363 sunt
2295 1310 2440 1365 enim
2487 1310 2638 1364 liberi
2690 1310 2758 1364 ab
2802 1309 3258 1380 appetitionibus,
3299 1309 3396 1379 qui

1829 1399 1997 1454 alacri
2037 1401 2222 1456 animo
2251 1403 2457 1472 quaevis
2499 1401 2683 1472 gravia
2731 1403 2970 1472 pericula
3011 1403 3249 1470 adeunt;
3289 1403 3394 1457 hu-

1827 1508 1989 1546 mane
2037 1502 2257 1560 autem,
2313 1495 2574 1564 quoniam
2627 1496 2864 1549 incertos
2917 1495 3180 1549 bellorum
3232 1510 3395 1552 casus

1827 1593 2112 1653 reputans,
2148 1585 2406 1655 iniquum
2443 1601 2564 1640 esse
2595 1585 2782 1652 duxit,
2817 1596 2874 1640 ut
2909 1587 2996 1641 hic
3023 1587 3242 1656 quidem
3277 1587 3395 1646 suis

1827 1693 1936 1732 non
1982 1675 2254 1732 frueretur
2292 1679 2599 1744 laboribus,
2642 1678 2776 1732 alter
2823 1687 3003 1732 autem
3048 1679 3184 1733 citra
3221 1680 3391 1735 ullum

1825 1769 2066 1824 laborem
2093 1785 2154 1824 ea
2179 1770 2513 1840 perciperet,
2542 1786 2662 1839 quae
2687 1770 2778 1824 alii
2807 1785 3003 1839 magno
3035 1771 3218 1824 labore
3243 1786 3392 1826 com-

1756 1857 1798 1910 B
1826 1871 2042 1931 parant.
2072 1859 2300 1916 Videtur
2331 1868 2387 1926 ἧς
2423 1871 2604 1916 autem
2636 1861 2722 1915 lex
2763 1877 2978 1932 quoque
3015 1861 3388 1918 fortitudinem

1823 1953 2103 2020 indicare,
2159 1960 2408 2008 statuens
2473 1963 2722 2022 Oportere
2761 1968 2917 2018 eum,
2964 1955 3057 2022 qui
3094 1955 3386 2024 plantavit,

1822 2041 2062 2097 fructum
2095 2043 2414 2113 percipere;
2447 2051 2502 2098 et
2525 2059 2684 2110 eum,
2735 2045 2828 2112 qui
2874 2044 3194 2112 aedificavit,
3231 2047 3389 2100 babi—

1825 2141 1940 2188 tare
1966 2151 1980 2198 ;
2011 2145 2063 2188 et
2085 2149 2208 2188 eum
2233 2177 2246 2200 ,
2273 2135 2365 2204 qui
2397 2135 2630 2204 puellam
2661 2136 2880 2202 ambiit,
2910 2151 3134 2190 uxorem
3167 2137 3384 2193 dueere.

1821 2225 1893 2282 Iis
1940 2226 2116 2294 enim,
2169 2227 2262 2297 qui
2313 2243 2369 2282 se
2415 2229 2714 2284 secundum
2765 2229 3066 2298 gnosticam
3113 2229 3382 2284 rationem

1819 2329 2212 2386 exercuerunt,
2267 2334 2391 2388 spes
2439 2336 2546 2374 non
2595 2320 2774 2374 reddit
2817 2321 3040 2376 irritas:
3091 2335 3218 2376 nam
3265 2321 3384 2376 boni

1820 2412 1918 2465 uiri
1946 2452 1960 2476 ,
1993 2429 2092 2468 nec
2121 2414 2350 2480 mortui,
2391 2428 2491 2468 nec
2520 2413 2770 2478 viventis,
2805 2430 2917 2483 spes
2951 2415 3106 2475 perit.
3139 2413 3249 2484 Ego
3277 2431 3383 2482 eos,

1819 2505 1908 2572 qui
1937 2520 2014 2558 me
2044 2503 2272 2574 diligunt
2301 2546 2315 2570 ,
2351 2521 2470 2558 amo
2491 2546 2506 2570 ,
2538 2504 2714 2575 inquit
2741 2505 3014 2576 Sapientia
3041 2525 3053 2559 :
3089 2507 3178 2576 qui
3210 2517 3386 2561 autem

1821 2610 1900 2646 me
1922 2603 2182 2662 quaerunt,
2216 2596 2481 2648 inveniunt
2507 2611 2684 2664 pacem
2704 2595 2731 2634 δ
2760 2614 2772 2648 :
2804 2604 2857 2649 et
2879 2611 2965 2662 ea,
2996 2610 3116 2665 qua:
3143 2611 3388 2665 sequun-s

1823 2695 1927 2740 tur.
1959 2685 2098 2752 Quid
2131 2687 2309 2740 vero?
2337 2701 2516 2740 annon
2547 2688 2806 2744 mulieres
2837 2687 3251 2743 Madianitarum
3284 2703 3382 2744 sua

1819 2776 2222 2847 pulchritudine
2252 2779 2513 2832 bellantes
2543 2777 2798 2834 Hebraeos
2830 2794 2860 2834 a
2893 2781 3250 2850 temperantia
3286 2795 3385 2852 per

1820 2866 2276 2921 incontinentiam
2317 2867 2662 2921 deduxerunt
2695 2869 2762 2922 ad
2803 2867 3175 2937 impietatem?
3211 2870 3385 2925 Mere-

1819 2959 1996 3014 trieiis
2023 2959 2169 3012 enim
2219 2960 2490 3014 illecebris
2535 2959 2788 3025 allectos,
2833 2971 2887 3014 et
2925 2976 2954 3014 a
2993 2962 3140 3031 gravi
3177 2977 3240 3016 ac
3279 2963 3382 3018 ho-

1820 3061 1972 3105 nesta
2003 3050 2384 3104 exercitatione
2410 3051 2476 3103 ad
2507 3051 2845 3105 meretricias
2871 3051 3175 3120 voluptates
3206 3052 3380 3107 forma

1819 3141 2091 3196 inescatos
2115 3181 2130 3204 ,
2159 3141 2224 3195 ad
2251 3137 2516 3195 sacrificia
2553 3139 2823 3194 idolorum
2846 3183 2860 3208 ,
2889 3149 2938 3196 et
2971 3141 3038 3194 ad
3069 3141 3380 3212 peregrinas

1817 3233 2108 3296 mulieres,
2140 3232 2304 3286 veluti
2333 3231 2571 3301 quodam
2607 3229 2792 3286 furore
2830 3233 3093 3300 percitos,
3125 3232 3367 3288 deduxe—

1814 3335 1965 3380 runt.
1995 3324 2040 3376 A
2075 3323 2391 3378 mulieribus
2425 3334 2604 3376 autem
2635 3322 2797 3377 simul
2825 3323 2953 3377 victi
2983 3333 3035 3376 et
3061 3323 3361 3392 voluptate,

1814 3431 1844 3470 a
1879 3416 1986 3470 Deo
2019 3415 2236 3484 quidem
2281 3413 2598 3468 defecerunt
2639 3423 2690 3468 et
2727 3428 2754 3465 a
2783 3411 2898 3482 lege
2929 3432 2942 3466 :
2978 3422 3030 3468 et
3085 3429 3376 3484 propemo-

1815 3509 1942 3564 dum
1977 3509 2266 3563 universus
2295 3509 2530 3576 p0pulus
2561 3508 2613 3560 in
2645 3507 2881 3562 hostium
2913 3521 3110 3560 manus
3135 3506 3282 3560 venit
3315 3522 3380 3561 ac

1812 3609 2138 3672 potestatem
2191 3599 2446 3654 muliebri
2471 3606 2874 3670 stratagemate,
2905 3599 3080 3652 donec
3125 3598 3276 3668 ipsos
3321 3598 3378 3650 in

1813 3691 2114 3762 periculum
2144 3691 2410 3744 adductos
2436 3691 2681 3745 coercuit
2704 3689 2866 3743 timor
2891 3689 3208 3743 admonens.
3238 3687 3378 3742 Tum

1817 3785 1891 3852 ii,
1920 3783 2014 3854 qui
2039 3783 2236 3851 reliqui
2265 3791 2452 3848 erant,
2486 3782 2744 3838 audacter
2773 3796 2870 3851 pro
2911 3781 3110 3850 pietate
3147 3795 3211 3834 ac
3253 3779 3378 3832 reli—

1813 3877 1972 3948 gione
2021 3884 2297 3931 certamen
2349 3875 2739 3944 suscipientes,
2791 3883 3082 3929 evaserunt
3129 3872 3379 3927 hostibus

1809 3970 2141 4040 superiores.
2190 3967 2478 4038 Sapientia:
2513 3985 2635 4039 ergo
2679 3969 3000 4038 principium
3043 3975 3120 4020 est
3167 3966 3374 4039 religio.

1810 4061 2170 4131 Intelligentia
2223 4071 2398 4113 autem
2447 4071 2522 4114 est
2579 4077 2752 4112 rerum
2809 4069 3115 4114 sanctarum
3163 4076 3293 4112 cum
3320 4070 3377 4114 et

1807 4153 2146 4224 prouidentia.
2171 4151 2338 4206 Nosse
2360 4161 2530 4205 autem
2548 4151 2708 4222 legem
2726 4162 2802 4206 est
2827 4155 2971 4206 bona:
2997 4153 3181 4206 mentis
3200 4162 3246 4205 ο.
3277 4151 3380 4216 Qui

1810 4262 1938 4316 ergo
1960 4245 2350 4301 existimarunt
2375 4243 2527 4313 171
2555 4244 2726 4314 legero
2750 4243 2957 4298 efﬁcere
2980 4245 3228 4298 timorem
3253 4259 3376 4296 cum

1813 4353 1976 4408 prava
2007 4335 2425 4407 perturbatione
2457 4335 2839 4404 conjunctum,
2873 4353 2971 4391 nec
3011 4345 3137 4391 sunt
3179 4337 3246 4390 ad
3291 4337 3376 4388 in-

1599 4507 1918 4580 δΡι-ονηκι,
1956 4506 2015 4574 7;
2043 4522 2162 4570 vm,
2197 4506 2284 4560 17.
2361 4503 2558 4558 cProv.
2593 4521 2666 4570 ix,
2701 4506 2785 4558 10.

383 4669 729 4737 Ἐλεύθεροι.
770 4667 971 4722 Philo:
1005 4669 1188 4729 Ὅπως
1244 4665 1546 4737 ἐλευθέροις
1607 4669 1700 4720 καὶ

1874 4663 1987 4733 (58)
2021 4660 2248 4729 Μικρὸν
2302 4661 2450 4716 δεῖν.
2509 4659 2772 4716 Usitatius
2823 4657 3018 4730 μικροῦ
3068 4657 3194 4709 δεῖν.
3239 4655 3372 4710 5η-

1807 4749 1962 4787 ιιυιισ.
3359 4763 3374 4772 ς

1875 4803 1985 4874 (59)
2045 4802 2236 4874 Ἄρχή.
2278 4803 2472 4874 *Ἀρχὴ
2526 4802 2716 4874 σοφίας
2766 4799 2926 4874 φόϐος
2995 4798 3374 4874 Κυρίουηκαὶ

1806 4865 1979 4944 βουλῆ
2011 4865 2474 4944 ἀγίώῖσύνεὰιξί
2516 4872 2576 4924 τὸ
2603 4865 2718 4942 ’γὰρ
2771 4865 2969 4938 Ῠνῶναι
3024 4865 3184 4934 νόμον
3233 4865 3369 4919 διαν.

1801 4943 2062 4998 Proverb.
2099 4959 2176 5006 ix,
2211 4943 2296 4996 10.

1874 5015 1986 5081 (40)
2032 5004 2252 5081 Ἀγαθοὶ
2288 5027 2427 5066 συν.
2460 5011 2905 5067 Subaudiendum
2923 5004 3367 5081 είσίνε-ὃγιτευειο.

1873 5076 1986 5156 (41)
2023 5076 2227 5156 φόϐος.
2260 5085 2524 5156 Ριψιεῲ.
2571 5099 2663 5156 κῃ
2691 5123 2706 5148 ,
2865 5079 3032 5156 Φόϐος
3064 5076 3267 5156 Κυρίου
3291 5079 3374 5156 εἰς

1799 5142 1944 5226 ζωὴν
1969 5142 2132 5224 ’ἀνδρὶ
2153 5194 2167 5216 ,
2185 5142 2230 5206 ’ὁ
2255 5154 2311 5206 δὲ
2339 5152 2539 5226 ἄφοϐος
2565 5142 2965 5226 αύλισθήσεται.
2987 5142 3285 5226 ἐν’-τόποις,
3309 5142 3372 5201 οὗ

1796 5217 2301 5277 σῦκ’ὲπισκοπεῖται
2329 5217 2547 5291 γνῶσις.
2597 5217 2898 5276 Flaminius
2927 5217 3173 5291 Nobilius
3199 5219 3372 5291 adno-

1796 5297 1948 5354 tavit,
2003 5303 2208 5364 partem
2265 5288 2624 5362 posteriorem
2672 5288 3372 5364 a_nonnullis__liue_nmdn

1795 5365 1958 5419 scribi
1988 5357 2388 5434 εἸΙλανώμῖενος
2445 5365 2538 5416 καὶ
2597 5360 2929 5433 ἐμπλησθεὶς
2986 5357 3371 5427 αύλισθὴσεται

1794 5436 1922 5488 ἄνευ
1957 5435 2264 5503 ἐπισκοπῆς
2299 5436 2556 5504 πονηρᾶς.

1869 5505 1980 5574 (42)
2013 5507 2076 5568 ’.Ο
2100 5504 2169 5557 δὲ
2205 5497 2366 5569 Θεός.
2405 5497 2527 5558 Hinc
2554 5504 2656 5558 sub
2691 5503 2850 5556 linem
2879 5500 3120 5570 epistola:
3149 5497 3206 5552 S.
3233 5497 3364 5548 Bar-

1795 5579 1951 5629 nabas
1981 5586 2212 5630 exstant.
3073 5581 3076 5584 ‘

1868 5646 1980 5714 (45)
2022 5645 2132 5699 Τοῦ
2156 5661 2218 5696 :t.
2253 5663 2306 5698 κ.
2339 5643 2548 5707 Παντὸς
2579 5643 2671 5696 τοῦ
2701 5644 2926 5714 κόσμου,
2963 5639 3188 5714 Barnab.
3217 5635 3364 5714 Mox,

1795 5709 1905 5786 δῴη
1932 5709 2080 5786 ὑμῖν,
2117 5717 2324 5770 omissa
2360 5716 2452 5770 καί
2495 5714 2778 5786 particula.
2805 5709 2967 5786 'Deiii,
3001 5709 3213 5786 σοφίαν»
3243 5709 3366 5786 ἐπε-

1798 5779 2029 5856 στήμην,
2067 5786 2277 5838 σύνεσιν
2299 5825 2312 5844 ,
2341 5779 2538 5854 γνῶσίν
2567 5785 2672 5840 τῶν
2717 5784 2762 5836 δ.
2793 5783 2976 5848 αὐτοῦ,
3007 5783 3064 5833 ὲν
3101 5779 3364 5851 ὑπομονῇ.

1801 5857 2020 5911 Γίνεσθε
2043 5856 2099 5909 δὲ
2121 5856 2256 5910 θεοδ.
2286 5856 2418 5914 Ibid.
