3938 6302
421 293 558 350 “35

1607 295 1991 352 CLEMENTIS
2025 298 2485 357 ALEXANDRlM

3507 312 3638 367 “56

416 425 705 487 postquam
750 421 930 470 autem
976 414 1094 484 ejus
1138 417 1330 472 unitati
1367 418 1543 472 visum
1574 430 1658 474 est
1703 437 1810 476 non
1851 436 1965 476 esse

2073 423 2360 488 ἐπίπνοια,
2392 426 2484 478 καὶ
2519 424 2870 497 ἐκοινώνησεν
2927 427 3062 498 αὐτῇ
3086 469 3100 493 ,
3162 428 3255 482 καὶ
3295 428 3518 499 ἐποίησε
3549 432 3640 486 τὸν

417 511 586 564 solam
608 549 622 572 ,
652 509 784 562 exiit
811 509 879 563 ab
907 523 972 562 eo
999 509 1314 578 inspiratio,
1351 521 1402 566 et
1429 527 1550 568 cum
1577 529 1640 567 ea
1671 515 1791 569 iniit
1823 531 1972 569 eom-

417 601 730 656 munioncm
755 639 768 658 .
794 609 848 653 et
869 598 996 654 fecit
1016 601 1293 655 dilectum.
1321 601 1530 658 Exhinc
1550 613 1730 658 autem
1755 620 1969 674 egressa

419 700 500 745 cst
525 691 594 745 ab
621 692 738 761 ipso
765 691 1080 760 inspiratio,
1105 708 1227 747 cum
1254 709 1359 763 qua
1385 710 1507 749 cum
1533 697 1969 750 communionem

420 785 665 850 iniisset,
701 785 828 839 fecit
863 795 1196 855 potestates,
1235 803 1357 856 quae
1396 803 1494 842 nec
1531 798 1763 857 possunt
1801 789 1969 844 videri

421 891 519 930 nec
570 874 782 939 audiri,
816 895 833 925 ι
870 892 1042 946 usque
1082 877 1147 932 ad
1190 877 1350 939 illud,
1405 897 1422 928 ‹
1454 894 1889 949 unamquamque
1919 883 1970 934 in

419 966 642 1021 nomine
679 967 918 1036 proprio.
950 986 968 1018 ›
1003 967 1059 1021 Si
1099 969 1240 1022 enim
1293 969 1344 1022 bi
1404 985 1650 1039 quoque,
1699 972 1841 1026 sicut
1872 972 1973 1027 Va-

419 1059 702 1114 lentiniani
726 1100 740 1124 ,
805 1060 1075 1129 spiritales
1106 1062 1416 1130 posuissent
1445 1068 1501 1125 >14
1539 1066 1969 1127 communiones,

425 1150 756 1219 suscepisset
790 1151 928 1206 forte
963 1153 1158 1222 aliquis
1189 1168 1376 1209 eorum
1406 1155 1752 1224 opinionem:
1783 1173 1973 1213 carna-

422 1245 487 1296 lis
521 1253 699 1298 autem
732 1245 976 1300 libidinis
1008 1247 1448 1301 communionem
1493 1236 1562 1301 ad
1604 1257 1846 1303 sanctam
1885 1250 1972 1304 in-

422 1337 620 1390 ducere
653 1337 1019 1405 prophetiam,
1045 1347 1128 1392 est
1157 1339 1274 1408 ejus
1326 1339 1419 1408 qui
1445 1339 1693 1409 desperat
1720 1341 1968 1396 salutem.

421 1424 572 1480 Talia
608 1427 770 1479 etiam
807 1435 1056 1480 statuunt
1094 1425 1309 1484 Prodici
1347 1443 1563 1498 quoque
1592 1429 1843 1495 asseclze,
1878 1433 1971 1502 qui

422 1518 633 1586 seipsos
684 1517 822 1572 falso
869 1519 1088 1573 nomine
1139 1528 1335 1574 vocant
1375 1519 1707 1576 Gnosticos:
1761 1523 1970 1594 seipsos

424 1609 642 1679 quidem
683 1611 921 1667 dicentes
957 1626 1078 1667 esse
1127 1622 1322 1666 natura
1359 1613 1498 1667 ﬁlios
1536 1614 1695 1684 primi
1731 1614 1823 1670 Dei
1853 1634 1868 1682 ;
1910 1631 1972 1672 ea

421 1718 551 1757 vero
579 1703 856 1758 nobilitate
886 1713 939 1758 et
965 1705 1211 1758 libertate
1238 1705 1548 1774 abutentes,
1579 1707 1765 1762 vivunt
1793 1715 1852 1762 ut
1881 1723 1974 1764 vo-

2073 516 2371 587 ἁγαπητόν.
2408 517 2501 569 Ἐκ
2524 516 2579 569 δὲ
2604 515 2792 570 τούτου
2814 515 3036 589 ἐξῆλθεν
3050 519 3144 572 ἀπ’
3165 519 3327 574 αὑτοῦ
3363 519 3638 587 ἐπίπνοια,

2073 603 2107 679 ᾖ
2140 610 2466 680 κοινωνήσας
2498 609 2721 679 ἐποίησε
2743 610 3020 680 δυνάμεις,
3049 613 3183 683 μήτε
3200 612 3486 684 ὁραθῆναι,
3504 614 3640 684 μήτε

2073 698 2732 769 ἀκουσθῆναιδ·.›ναμένας,
2760 717 2778 750 ι
2795 699 2918 764 ἕως,
2947 721 2965 751 ι
2995 701 3081 754 ἐπ’
3094 701 3356 772 ὀνόματος
3375 702 3506 755 ἰδίου
3520 703 3643 757 ἐκά-

2075 805 2224 860 στην.
2248 809 2265 840 ι
2294 791 2356 844 Εἰ
2373 788 2480 860 γάρ
2502 792 2596 843 καὶ
2618 783 2784 856 οὗτοι,
2803 791 3054 864 καθάπερ
3077 793 3126 846 οί
3143 794 3248 847 ἀπὸ
3261 793 3640 861 Οὐαλεντίνου,

2073 879 2440 949 πνευματικὰς
2459 879 2692 933 ἐτίθεντο
2725 881 3004 944 κοινωνίας
3022 922 3037 946 ,
3073 882 3203 946 ἴσως
3225 901 3308 946 τις
3337 884 3520 937 αὐτῶν
3546 885 3641 955 τὴν

2073 968 2337 1039 ὑπόληψιν
2365 968 2652 1036 ἐπεδέξατο
2671 987 2685 1000 ο
2727 975 2992 1042 σαρκικῆς
3032 972 3089 1025 δὲ
3125 973 3330 1044 ῦϐρεως
3356 975 3641 1026 κοινωνίαν

2072 1063 2151 1124 εἰς
2180 1062 2510 1133 προφητείαν
2532 1062 2697 1130 ἁγίαν
2725 1063 2945 1130 ἀνάγειν
2976 1065 3356 1132 ἀπεγνωκότος
3391 1065 3510 1118 ἐστὶ
3542 1066 3640 1135 τὴν

2074 1153 2364 1224 σωτηρίαν.
2401 1153 2637 1206 Τοιαῦτα
2675 1153 2784 1224 (84)
2814 1156 2908 1208 καὶ
2944 1158 2991 1208 0i
3033 1155 3140 1209 ἀπὸ
3185 1157 3482 1227 Προδίκου,
3511 1156 3643 1224 ψευ-

2071 1245 2332 1316 δωνύμως
2364 1247 2700 1310 Γνωστικοὺς
2729 1247 2839 1316 (85)
2880 1249 3018 1316 σφᾶς
3054 1249 3252 1312 αὐτοὺς
3285 1249 3644 1320 ἀναγορεύον-

2072 1354 2180 1401 τες,
2228 1337 2672 1408 δογματίζουσιν·
2724 1339 2872 1402 υἱοὺς
2919 1340 3016 1410 μὲν
3076 1339 3232 1411 φύσει
3281 1340 3372 1393 τοῦ
3421 1340 3639 1412 πρώτου

2072 1429 2205 1484 Θεοῦ
2235 1429 2482 1498 λέγοντες
2518 1430 2730 1494 αὐτοὺς,
2764 1430 3172 1503 καταχρώμενοι
3201 1432 3257 1484 δὲ
3285 1435 3350 1503 τῇ
3385 1433 3637 1505 εὐγενείᾳ

2073 1523 2166 1576 καὶ
2198 1524 2261 1592 τῇ
2291 1521 2571 1594 ἐλευθερίᾳ
2590 1563 2604 1586 ,
2639 1521 2800 1586 ζῶσιν
2835 1523 2909 1585 ὡς
2935 1521 3210 1592 βούλονται
3229 1540 3242 1554 ·
3271 1523 3554 1592 βούλονται
3582 1525 3638 1577 δὲ

2072 1616 2364 1686 φιληδόνως
2383 1633 2394 1644 ·
2431 1615 2764 1685 κρατηθῆναι
2801 1615 2891 1669 ὑπ’
2917 1615 3129 1680 οὐδενὸς
3159 1617 3506 1687 νενομικότες
3523 1658 3539 1681 ,
3563 1619 3638 1681 ὡς

2075 1707 2140 1761 ἂν
2173 1727 2191 1758 ι
2221 1706 2396 1778 κύριοι
2420 1708 2512 1760 τοῦ
2546 1706 2816 1760 σαϐϐάτου
2847 1706 2993 1776 (86),
3028 1707 3120 1760 καὶ
3154 1707 3406 1779 ὑπεράνω
3436 1707 3640 1772 παντὸς

423 1795 579 1861 lunt;
629 1795 816 1848 volunt
853 1806 1027 1849 autem
1069 1796 1354 1852 libidinose
1384 1815 1398 1863 ;
1431 1813 1489 1853 se
1526 1798 1672 1853 nulla
1708 1815 1767 1856 re
1804 1802 1965 1856 teneri

2075 1799 2263 1868 γένους
2314 1799 2648 1868 πεφυκότες,
2705 1797 2965 1867 βασίλειοι
3022 1797 3244 1861 παῖδες·
3281 1796 3491 1868 βασιλεί
3543 1797 3635 1860 δὲ,

425 1886 705 1950 arbitrati,
743 1899 798 1939 ut
833 1905 850 1936 ι
875 1887 1079 1939 domini
1111 1886 1354 1952 sabbati,
1379 1905 1396 1938 ι
1427 1896 1480 1943 et
1509 1889 1605 1957 qui
1635 1889 1746 1943 sint
1779 1890 1974 1960 quovis

421 1997 615 2051 genere
654 1981 1000 2050 superiores,
1045 1981 1142 2035 filii
1183 1981 1407 2053 regales.
1448 1981 1580 2053 Regi
1631 1991 1842 2049 autem,
1889 1984 1973 2038 in-

420 2074 614 2142 quiunt
635 2115 648 2138 ,
673 2073 760 2126 lex
788 2074 987 2142 scripta
1015 2089 1121 2126 non
1147 2081 1247 2128 est.
1277 2072 1516 2128 Primum
1543 2075 1762 2144 quidem
1786 2117 1800 2140 ,
1828 2080 1973 2146 quod

419 2177 526 2217 non
563 2161 768 2216 faciant
831 2163 1014 2215 omnia
1060 2177 1192 2232 quae
1225 2161 1452 2214 volunt:
1497 2162 1664 2215 multa
1698 2164 1839 2216 enim
1879 2177 1972 2217 eos

418 2254 817 2323 prohibebunt,
851 2255 950 2308 etsi
984 2253 1206 2323 cupiant
1243 2261 1297 2308 et
1330 2261 1615 2310 conentur.
1665 2253 1971 2319 Quinetiam

417 2364 539 2415 quas
576 2346 816 2412 faciunt,
859 2362 963 2400 non
1006 2345 1212 2400 faciunt
1245 2356 1307 2401 ut
1337 2361 1524 2413 reges,
1561 2347 1653 2402 sed
1692 2357 1750 2401 ut
1787 2348 1974 2403 masti-

417 2439 516 2508 giae
541 2457 555 2490 :
589 2438 896 2493 clanculum
921 2438 1064 2491 enim
1089 2438 1437 2492 committunt
1458 2437 1721 2493 adulteria
1739 2481 1752 2505 ,
1779 2439 1972 2494 timen-

415 2539 499 2582 tes
528 2545 594 2584 ne
622 2528 1112 2599 deprehendantur,
1180 2539 1234 2584 et
1261 2529 1492 2584 vitantes
1524 2545 1590 2584 ne
1614 2530 1973 2606 condemnen-

416 2630 522 2684 tnr,
567 2629 619 2674 et
670 2626 974 2676 metuentes
1033 2637 1100 2677 ne
1145 2622 1411 2691 supplicio
1447 2621 1766 2678 afﬁciantur.
1827 2621 1973 2689 Quo-

417 2714 581 2768 modo
612 2713 776 2768 etiam
808 2729 894 2768 res
923 2724 1008 2769 est
1032 2714 1202 2768 libera
1223 2756 1239 2779 ,
1274 2714 1688 2786 intemperantia
1719 2722 1772 2770 et
1801 2716 1971 2786 turpis

415 2807 630 2862 sermo?
656 2825 673 2856 ι
700 2805 890 2862 Omnis
917 2807 1094 2873 enim,
1128 2808 1220 2876 qui
1256 2816 1462 2878 peccat,
1478 2816 1561 2863 est
1595 2822 1804 2871 servus,
1834 2825 1851 2858 ι
1887 2807 1969 2861 in-

415 2901 533 2968 quit
563 2900 855 2969 Apostolus
910 2912 958 2951 ι.
1010 2898 1114 2954 Sed
1140 2900 1415 2970 quomodo
1445 2901 1612 2954 vitam
1649 2915 1713 2952 ex
1747 2895 1856 2953 Deo
1889 2899 1972 2952 in-

416 2993 596 3046 stituit
618 3034 632 3059 ,
665 2993 759 3062 qui
791 2993 1029 3062 seipsum
1059 2992 1287 3061 prtebuit
1311 2992 1612 3048 dcdititium
1640 2991 1811 3046 cuivis
1840 3006 1969 3046 con-

415 3086 813 3156 cupiscentite?
849 3101 972 3140 cum
1017 3085 1217 3140 dixerit
1253 3085 1555 3140 Dominus:
1590 3103 1607 3134 ι
1639 3082 1749 3153 Ego
1787 3093 1964 3138 autem

411 3179 533 3233 dico
561 3196 574 3232 :
608 3176 684 3231 Ne
711 3176 1066 3245 concupiscas
1097 3177 1145 3228 δ.
1171 3196 1189 3227 ι
1218 3174 1413 3230 Vultne
1438 3183 1616 3229 autem
1648 3175 1841 3244 aliquis
1869 3191 1967 3230 sua

413 3279 608 3338 sponte
651 3283 908 3338 peccare,
951 3277 1004 3321 et
1034 3267 1323 3323 decernere
1358 3266 1620 3322 adulteria
1657 3282 1776 3322 esse
1815 3282 1985 3326 comm

411 3357 719 3424 mittenda,
769 3357 1248 3427 voluptatibusque
1293 3366 1346 3412 et
1395 3356 1606 3412 deliciis
1649 3373 1706 3413 se
1751 3359 1968 3427 explen-

408 3453 537 3508 dum
559 3495 573 3518 ,
607 3461 660 3506 et
688 3450 918 3506 aliorum
952 3451 1205 3505 violanda
1251 3449 1628 3515 matrimonia,
1667 3465 1788 3504 cum
1829 3451 1965 3505 alio-

411 3559 531 3596 rum
555 3543 720 3597 etiam
745 3583 758 3607 ,
789 3543 882 3612 qui
911 3543 1062 3597 inviti
1092 3552 1354 3613 peccant,
1386 3543 1964 3610 misereamur?Quod

410 3636 456 3689 si
512 3636 567 3688 in
616 3644 904 3704 externum
947 3635 1210 3690 mundum
1247 3635 1530 3708 venerint,
1562 3636 1654 3705 qui
1695 3636 1748 3689 in
1787 3635 1964 3691 alieno

411 3739 518 3778 non
577 3725 781 3780 fuerint
818 3727 1033 3793 fideles,
1072 3743 1260 3781 verum
1302 3743 1410 3782 non
1452 3729 1748 3783 habebunt.
1785 3728 1963 3782 Aﬂicit

410 3824 590 3871 autem
619 3817 816 3888 hospes
845 3819 1042 3888 aliquis
1070 3821 1216 3875 cives
1245 3820 1570 3875 contumelia
1591 3862 1606 3886 ,
1638 3829 1691 3875 et
1719 3821 1796 3876 eis
1821 3820 1964 3891 inju-

408 3907 547 3962 riam
583 3907 754 3974 facit;
781 3918 835 3964 et
864 3926 972 3964 non
1007 3913 1188 3980 potius
1214 3920 1273 3966 ut
1302 3913 1646 3982 peregrinus,
1679 3921 1838 3966 utens
1869 3925 1964 3965 ne-

406 4006 664 4062 cessariis
680 4047 693 4073 ,
717 4007 877 4071 vivit,
914 4009 1062 4066 cives
1090 4024 1197 4061 non
1221 4007 1495 4063 offendens
1517 4009 1540 4061 ?
1562 4001 1848 4074 Qudmodo
1867 4021 1964 4060 au-

408 4105 513 4150 tem
537 4137 551 4162 ,
582 4111 706 4151 cum
749 4097 936 4152 eadem
977 4095 1181 4151 faciant
1203 4137 1216 4161 ,
1247 4111 1312 4151 ac
1341 4097 1412 4163 ii,
1448 4111 1586 4166 quos
1621 4083 1808 4167 gentes
1838 4094 1964 4150 odio

405 4189 640 4254 habent,
673 4189 819 4259 quod
867 4189 1076 4258 legibus
1113 4188 1488 4258 obtemperare
1525 4189 1730 4255 nolint,
1771 4204 1962 4259 nempe

405 4279 609 4349 iniqui,
643 4288 695 4333 et
731 4278 1145 4334 incontinentes
1166 4322 1182 4344 ,
1209 4287 1262 4332 et
1291 4277 1469 4343 avari,
1499 4285 1552 4332 et
1585 4276 1848 4342 adulteri,
1878 4276 1962 4331 di-

403 4381 534 4426 cunt
577 4387 634 4426 se
676 4370 821 4426 solos
859 4369 1027 4425 Deum
1074 4369 1282 4424 nosse?
1315 4367 1602 4439 Oporteret
1641 4369 1784 4424 enim
1825 4384 1918 4424 eos
1942 4411 1956 4435 ,

2051 1890 2237 1960 «φασὶ,
2289 1890 2450 1960 νόμος
2505 1889 2769 1960 ἄγραφος.
2823 1888 3043 1960 Πρῶτον
3093 1888 3205 1956 (87)
3256 1889 3387 1959 μὲν,
3439 1889 3523 1942 ὃτι
3575 1888 3634 1941 οὐ

2071 1981 2312 2036 ποιοῦσιν
2340 1981 2375 2035 ἃ
2401 1981 2676 2050 βούλονται
2718 1979 2894 2032 πάντα
2913 1995 2926 2007 ο
2962 1978 3131 2031 πολλά
3157 1979 3264 2052 γὰρ
3293 1979 3492 2041 αὐτοὺς
3530 1995 3639 2030 κω-

2069 2073 2218 2127 λύσει
2273 2075 2368 2127 καὶ
2420 2070 2816 2142 ἐπιθυμοῦντας
2861 2071 2955 2123 καὶ
3010 2070 3412 2141 πειρωμένους·
3457 2069 3556 2122 καὶ
3598 2066 3635 2120 ἃ

2071 2165 2280 2232 ποιοῦσι
2307 2167 2394 2229 δὲ,
2447 2166 2544 2235 οὐχ
2597 2164 2672 2227 ὡς
2727 2162 2994 2234 βασιλεῖς,
3049 2161 3161 2215 ἀλλ’
3210 2161 3283 2225 ὡς
3343 2159 3634 2232 μαστιγίαι

2071 2259 2308 2314 ποιοῦσι·
2335 2257 2509 2329 λάθρα
2532 2257 2639 2326 γὰρ
2675 2253 3032 2326 μοιχεύουσιν,
3068 2253 3126 2306 τὸ
3153 2252 3349 2307 ἁλῶναι
3375 2250 3633 2315 δεδιότες,

2069 2352 2160 2405 καὶ
2191 2351 2252 2404 τὸ
2296 2347 2740 2418 καταγνωσθῆναι
2786 2343 3120 2408 ἐκκλίνοντες
3139 2385 3154 2409 ,
3187 2344 3280 2398 καὶ
3311 2343 3633 2413 φοϐούμενοι

2068 2443 2392 2514 κολασθῆναι
2423 2440 2552 2512 (88).
2591 2440 2712 2503 Πῶς
2739 2439 2795 2492 δὲ
2829 2437 3108 2509 ἐλεύθερον
3147 2438 3179 2508 ὴ
3204 2435 3443 2509 ἀκρασία
3469 2434 3564 2488 καὶ
3595 2435 3631 2505 ἡ

2069 2534 2439 2608 αἰσχρολογίας
2497 2552 2514 2584 ι
2553 2534 2667 2595 Πᾶς
2725 2527 2836 2601 (89)
2897 2531 3038 2601 γὰρ,
3088 2549 3104 2580 ‹
3136 2529 3298 2598 φησὶν
3366 2526 3504 2598 (90),
3538 2545 3558 2576 ι
3599 2527 3630 2578 ὸ

2069 2629 2391 2701 ἁμαρτάνων
2415 2626 2594 2690 δοῦλός
2626 2629 2790 2689 ἐστιν,
2834 2643 2853 2677 ›
2881 2628 2909 2679 ὁ
2939 2623 3252 2686 Ἀπόστολος
3273 2623 3438 2690 λέγει.
3469 2619 3632 2673 Ἀλλά

2069 2721 2183 2783 πῶς
2215 2718 2354 2772 κατὰ
2379 2716 2509 2770 Θεὸν
2539 2714 2876 2768 πολιτεύεται
2907 2717 2934 2767 ό
2955 2714 3102 2785 πάσῃ
3130 2711 3285 2766 ἐπιθυ
3296 2711 3394 2782 μία
3415 2709 3629 2762 ἕνδοτον

2068 2810 2257 2864 ἐαυτὸν
2297 2806 2609 2880 παρασχὼν,
2645 2804 2738 2859 τοῦ
2772 2804 2974 2876 Κυρίου
3012 2805 3301 2875 φήσαντος,
3342 2820 3360 2852 i
3399 2797 3544 2866 Ἐγὼ
3569 2797 3629 2850 δὲ

2067 2898 2234 2968 λέγω,
2269 2898 2359 2968 Μὴ
2401 2896 2741 2968 ἐπιθυμήσῃς
2767 2911 2781 2960 ;
2812 2913 2829 2945 ι
2868 2891 3130 2946 Ἐκὼνιδέ
3167 2909 3248 2955 τις
3289 2890 3630 2962 ἁμαρτάνειν

2069 2989 2333 3060 βούλεται,
2375 2987 2466 3041 καὶ
2505 2986 2677 3057 δόγμα
2701 2985 2877 3057 τίθησι
2904 2985 2963 3039 τὸ
2993 2984 3266 3056 μοιχεύειν
3285 3023 3300 3048 ,
3335 2984 3429 3036 καὶ
3459 2980 3633 3052 καθη-

2066 3079 2353 3144 δυπαθεῖν,
2416 3080 2509 3132 καὶ
2567 3077 2918 3149 λυμαίνεσθαι
2975 3079 3100 3141 τοὺς
3159 3075 3330 3131 ἄλλων
3390 3076 3627 3145 γάμους,

2069 3174 2198 3226 ὅπου
2216 3191 2278 3241 γε
2303 3173 2395 3226 καὶ
2417 3173 2540 3236 τοὺς
2567 3172 2756 3235 ἄλλους
2778 3170 3428 3241 ἄκονταςγάμαρτάνοντας
3441 3166 3626 3219 ἐλεοῦ-

2069 3280 2203 3335 μεν;
2253 3263 2368 3317 Κᾶν
2419 3265 2497 3326 είς
2533 3262 2677 3327 ξένον
2728 3264 2816 3316 τὸν
2880 3263 3080 3333 κόσμον
3141 3261 3428 3331 ἀφιγμένοι
3485 3253 3624 3322 ὦσι,

2065 3356 2245 3410 πιστοὶ
2277 3356 2387 3426 (91)
2437 3357 2492 3409 ἐν
2523 3355 2599 3427 τῷ
2641 3355 2904 3427 ἀλλοτρίῳ
2947 3355 3022 3424 μὴ
3069 3352 3375 3424 γενόμενοι,
3411 3352 3474 3404 τὺ
3500 3351 3630 3420 ἀλη-

2065 3447 2155 3512 θὲς
2212 3448 2309 3518 οὐχ
2340 3445 2567 3512 ἕξουσιν.
2613 3446 2850 3520 Ὑϐρίζει
2876 3445 2931 3500 δέ
2976 3463 3060 3510 τις
3089 3445 3240 3513 ξένος
3263 3444 3509 3507 πολίτας,
3533 3444 3628 3497 καὶ

2061 3540 2282 3604 τούτους
2314 3541 2520 3594 ἀδικεῖο
2555 3540 2676 3610 οὐχὶ
2717 3539 2778 3592 ’δέ
2821 3539 2897 3602 ὡς
2935 3536 3310 3610 παρεπίδημος
3344 3535 3479 3612 (92),
3515 3538 3626 3597 ’ῶς

2059 3631 2373 3701 ἀναγκαίοις
2405 3630 2682 3704 χρώμενος
2698 3668 2717 3694 τ,
2748 3631 3092 3702 ἀπρόσκοπος
3113 3631 3224 3693 τοῖς
3251 3627 3497 3691 πολίταις
3512 3627 3628 3680 δια-

2062 3722 2196 3788 ϐιοί;
2224 3722 2348 3786 Πῶς
2373 3722 2428 3774 δὲ
2456 3722 2548 3774 καὶ
2593 3723 2702 3785 τοῖς
2731 3721 2834 3774 ὑπὸ
2855 3721 2961 3774 τῶν
2995 3719 3163 3774 ἐθνῶν
3195 3719 3622 3791 μεμισημένοις,

2059 3816 2145 3870 διά
2174 3816 2233 3870 τὸ
2259 3814 2332 3886 μὴ
2355 3814 2615 3886 πράσσειν
2636 3814 2704 3868 τὰ
2724 3813 2828 3866 ὑπὸ
2857 3812 2963 3867 τῶν
2993 3813 3172 3883 νόμων
3197 3810 3622 3884 διηγορευμένα,

2060 3908 2300 3961 τουτέστι
2331 3908 2440 3971 τοῖς
2468 3906 2690 3970 ἀδίκοις,
2711 3905 2804 3959 καὶ
2827 3906 3108 3978 ἀκρατέσι,
3132 3903 3225 3957 καὶ
3249 3903 3621 3970 πλεονέκταις,

2060 4000 2152 4052 καὶ
2204 4001 2408 4070 μοιχοῖς
2459 3998 2526 4052 τὰ
2565 3999 2702 4052 αύτά
2751 3997 3104 4068 πράσσοντες,
3148 3995 3279 4049 Θεὸν
3322 3997 3622 4072 ἐγνωκέναι

2065 4089 2210 4159 μόνοι
2233 4089 2478 4158 λέγουσιν
2505 4107 2519 4156 ;
2570 4089 2766 4162 Ἐχρῆν
2799 4090 2907 4163 γὰρ
2933 4089 3150 4154 αὐτοὺς,
3181 4089 3274 4157 καὶ
3301 4091 3359 4142 ἐν
3388 4093 3503 4153 τοῖς
3525 4089 3621 4144 ἀλ·-

2061 4182 2286 4254 λοτρίοις
2318 4183 2606 4255 παρόντας,
2650 4181 2830 4245 καλῶς
2855 4180 3022 4252 βιοῦν,
3051 4181 3139 4235 ἴνα
3181 4180 3244 4252 δὴ
3272 4181 3349 4253 τῷ
3393 4181 3511 4235 ὄντι
3561 4183 3624 4237 “rb

2063 4273 2334 4343 βασιλικὸν
2370 4273 2725 4341 ἐνδείξωνται.
2784 4273 2925 4344 Ἤδη
2956 4271 3012 4326 δὲ
3068 4272 3162 4328 καὶ
3205 4275 3315 4343 τοῖς
3345 4272 3621 4346 ἀνθρωπί-

2061 4385 2168 4431 νοις
2221 4365 2533 4437 νομοθέταις
2577 4367 2669 4420 καὶ
2711 4365 2788 4437 τῷ
2831 4365 2960 4436 θείῳ
3001 4365 3150 4437 νόμῳ
3185 4364 3618 4435 ἀπεχθάνονται,

400 4478 524 4517 cum
546 4463 599 4515 in
624 4462 816 4517 alienis
833 4462 1050 4528 adsunt,
1066 4470 1210 4516 recte
1231 4461 1429 4527 vivere,
1457 4470 1516 4514 ut
1544 4476 1730 4515 revera
1758 4461 1956 4531 regiam

2071 4459 2392 4532 παρανόμως
2425 4459 2568 4529 βιοῦν
2601 4459 3018 4532 ἐπανῃρημένοι.
3059 4458 3114 4512 ’0
3139 4457 3267 4525 γοῦν
3309 4477 3325 4507 ι
3362 4459 3621 4526 ἐκκεντῆ-

479 4685 536 4743 >14
579 4678 637 4730 Ρ.
677 4681 781 4733 525
823 4677 1360 4741 ΡΟἹ¹ΊῈΒ,458-459
1398 4677 1504 4732 ED.
1550 4677 1774 4733 PARIS.
1853 4691 1876 4718 α
1922 4678 1965 4730 R

2071 4717 2079 4731 .
2119 4695 2206 4740 v-t,
2255 4677 2336 4732 16.
2415 4635 2745 4740 b‘MatthN,
2790 4677 2875 4732 9.8.

473 4877 881 4949 (84LToca6ta.
913 4919 926 4932 .
962 4919 974 4931 .
1034 4879 1502 4949 δογματίζουσιν.
1558 4876 1679 4949 lloc
1715 4894 1955 4933 comma-

397 4950 512 5002 tion
571 4947 941 5002 Theodoretus
1002 4949 1055 5003 in
1116 4947 1279 5004 suum
1311 4948 1512 5004 Haeret.
1550 4947 1741 5003 Fabul.
1772 4949 1867 5003 lib.
1901 4965 1953 5010 ι,

398 5033 515 5085 cap.
546 5017 595 5082 l,
632 5033 681 5084 p.
716 5018 811 5072 197
847 5019 1141 5073 transtulit.

471 5085 1017 5162 (85_)m‘_1’ev_¢_3t_om}_ng
1049 5091 1444 5162 Γνωστικοῷς.
1478 5087 1587 5162 Sic
1603 5088 1912 5162 Stt°om._\'ll
1937 5129 1950 5150 ,

435 5172 518 5231 ag.
546 5156 650 5231 ’ζίὶὲ
675 5174 688 5208 :
723 5157 1240 5231 Tdivdsudwwipmv
1268 5158 1469 5231 τούτων
1488 5159 1707 5231 ,ἀνόσιος
1733 5156 1948 5231 γνῶσις.

398 5173 518 5279 rag.
556 5173 650 5208 (zz
675 5174 688 5208 :
724 5173 842 5210 'ltuv
873 5173 1240 5231 ψευοωνυμων
1269 5177 1469 5214 τουτων
1498 5173 1707 5223 ανοσιος
1733 5175 1948 5226 γνωσις.

425 5224 794 5301 “uehemens
825 5227 989 5301 libros
1025 5245 1153 5285 suos
1177 5229 1387 5301 vocavit
1419 5229 1674 5301 Ἔλεγχον
1698 5230 1792 5283 καὶ
1821 5230 1950 5281 ἀνα-

393 5295 597 5382 τροπῂν
621 5296 723 5382 τῆς
752 5295 1390 5382 ψευδωὶιύμουιγνώσεωξἶ

467 5368 576 5436 (86)
609 5367 806 5438 Κύριοι
844 5367 947 5420 τοῦ
981 5367 1296 5424 σαϐϐάτου.
1331 5369 1447 5434 Hic,
1475 5378 1528 5424 et
1556 5368 1697 5423 infra
1729 5385 1784 5438 p.
1819 5368 1942 5433 442,

394 5438 616 5506 respicit
637 5436 823 5490 Matth.
851 5451 947 5499 xu,
977 5440 1008 5490 8
1040 5459 1050 5492 :
1080 5439 1279 5514 Κύριος
1310 5439 1417 5511 γάρ
1439 5441 1554 5493 ἐστι
1587 5439 1678 5492 καὶ
1707 5436 1796 5492 τοῦ
1821 5439 1949 5490 σαϐ-

396 5509 558 5560 65.10:)
589 5510 616 5561 ὁ
637 5505 758 5561 Υἱὸς
789 5505 882 5559 τοῦ
909 5507 1005 5560 ἀνο
1017 5508 1214 5561 odi-mou.

455 5525 558 5560 ιτου
589 5524 616 5561 Ο
647 5524 758 5562 ιιος
789 5524 882 5559 του
909 5524 1005 5560 ανυ
1017 5526 1214 5562 οωπου.

437 5525 558 5560 ατου
589 5523 616 5561 ο
647 5523 758 5571 1th
789 5523 882 5559 του
909 5523 1005 5560 ανυ
1017 5526 1214 5579 ρωπου.

464 5578 573 5645 (87)
607 5577 862 5650 Πρῶτον.
895 5581 1187 5650 {ntehanc
1202 5595 1387 5635 vocem
1406 5580 1606 5650 aliquid
1632 5579 1945 5650 huiusmodi

390 5649 577 5701 deesse
624 5649 832 5703 videtur
863 5671 877 5703 ε
907 5647 1202 5704 Ψεύδονται
1228 5650 1282 5704 δὲ
1334 5653 1391 5704 ἐν
1417 5649 1642 5713 τούτοις.
1699 5647 1717 5700 ἐ
1750 5649 1802 5703 In
1862 5649 1945 5704 his

390 5727 566 5768 autem
605 5717 882 5772 falluntur.
926 5737 943 5770 ι

2129 4877 2239 4950 (88)
2258 4874 2656 4950 Κολᾳσθῆιέαι.
2676 4877 2930 4933 Fortasse
2958 4878 3164 4950 rectius
3178 4878 3238 4950 τὸ
3265 4877 3615 4949 κολασθῆναι,

2058 4948 2179 5073 gum
2215 4949 2462 5012 articulo,
2487 4959 2543 5001 ut
2565 4948 2617 5001 in
2649 4949 3076 5017 praecedentibus
3093 4948 3307 5003 duobus
3333 4948 3613 5002 membris.

2100 5034 2322 5073 anuno.
2697 5062 2704 5070 .

2100 5034 2322 5073 YLBURG.
2697 5062 2704 5070 .

2128 5089 2238 5161 (89)
2273 5085 2589 5161 Πᾶς-ζ-ΝοιιΔ
2615 5097 2723 5142 tam
2782 5088 2941 5142 verba
2991 5087 3256 5157 Apostoli,
3322 5097 3415 5161 ut_
3443 5103 3613 5158 neque

2055 5157 2361 5229 paulopost
2395 5157 2615 5223 Christi,
2643 5174 2806 5227 quam
2827 5173 3016 5212 eorum
3048 5173 3266 5212 sensum
3291 5157 3514 5226 profert.

2126 5227 2474 5352 (90)]:4511017.
2513 5229 2853 5298 Supervacua
2875 5237 2960 5282 est
2995 5229 3107 5283 haec
3137 5245 3259 5293 vox,
3278 5236 3338 5280 ut
3368 5227 3613 5297 quando-

2131 5315 2159 5352 e
2190 5314 2220 5352 a
2245 5315 2344 5352 ias.

2095 5315 2159 5352 ue
2190 5314 2344 5352 anas.

2054 5315 2508 5441 ᾳυῖθῧιῖῗίστοί.
2540 5366 2781 5441 Respicit
2828 5361 2960 5441 Luc.
3005 5383 3129 5441 1m.
3157 5367 3258 5441 Η)
3293 5367 3357 5420 12
3385 5381 3399 5441 ς
3434 5368 3495 5441 ει
3522 5361 3614 5441 οῦν

2053 5439 2110 5490 ἐν
2133 5435 2399 5509 τῷἀδίκῳ
2437 5435 2668 5509 μαμωνᾷ
2699 5439 2888 5509 πιστοὶ-
2907 5437 3005 5490 οὑκ
3029 5435 3279 5509 ἐγένεσθε
3291 5477 3318 5509 _,
3351 5435 3615 5509 amo.-

2051 5506 2248 5580 νὸντίς
2276 5506 2415 5580 ύμῖν
2441 5506 2758 5580 πιστεύσεις
2795 5507 2901 5580 Καὶ
2929 5509 2977 5559 εί
3008 5509 3064 5580 ἐν
3095 5507 3197 5580 τῷη
3223 5506 3484 5580 ἀλλοτρίῳ
3525 5524 3614 5559 πι-

2053 5579 2170 5631 στοὶ
2203 5575 2599 5648 οὐχ’ὲγένεσθε,
2627 5579 2687 5649 τὸ
2709 5577 2971 5649 ὑμέτερον
2994 5578 3078 5642 τίς
3103 5575 3226 5649 ὑμῖν
3241 5575 3399 5649 δώσει
3419 5591 3434 5649 ;_

2123 5650 2236 5772 (ili?)
2265 5642 2381 5772 1'86
2409 5642 2831 5719 παρεπίδημος.
2867 5642 3153 5718 Respiceré
3182 5647 3393 5701 videtur
3420 5642 3606 5701 lPetr.

2051 5721 2349 5785 ιι,1ί,12.
