3938 6302
430 287 559 344 H39

1618 282 2002 342 CLEMENTIS
2042 284 2513 342 ALEXANDRINI‘

3513 279 3669 334 *1140

427 385 528 461 hoc
572 415 658 462 est
725 425 745 458 ι
777 404 1125 462 adversarios
1158 424 1176 458 ι
1235 415 1290 459 et
1338 414 1735 478 repugnantes,
1804 405 1980 460 dicunt

2095 404 2274 472 ἀγαθά
2295 406 2444 457 ἐστιν
2463 422 2475 434 ο
2523 398 2602 468 εἷς
2633 403 2692 457 δέ
2742 420 2839 466 τις
2868 403 2977 454 τῶν
3029 401 3120 454 ὑπ’
3149 398 3312 454 αὑτοῦ
3360 397 3676 467 γεγονότων

424 500 571 568 quod
596 498 739 554 Deus
763 499 984 568 quidem
1019 499 1399 554 universorum
1448 508 1632 552 noster
1673 508 1756 552 est
1794 507 1987 551 natura

427 599 614 657 pater,
668 599 722 643 et
773 591 957 644 omnia
1008 605 1353 660 quaecunque
1405 589 1574 652 fecit,
1629 589 1769 643 bona
1819 597 1986 654 sunt;

429 694 572 734 unus
622 688 805 734 autem
853 681 1126 751 quispiam
1179 695 1246 735 ex
1290 680 1390 746 iis,
1440 680 1535 751 qui
1576 679 1645 734 ab
1693 680 1812 748 ipso
1857 677 1988 734 facti

422 779 584 836 sunt,
618 771 900 826 seminatis
930 772 1178 838 zizaniis,
1221 773 1490 827 malorum
1539 782 1787 826 naturam
1829 787 1989 842 gene-

424 861 608 917 ravit:
646 862 846 930 quibus
878 865 1040 916 etiam
1067 869 1174 919 nos
1204 877 1395 917 omnes
1428 862 1759 933 implicavit,
1796 871 1855 916 ut
1888 877 1988 916 nos

421 953 654 1009 ediceret
704 955 848 1008 Patri
900 955 1264 1010 adversarios.
1309 955 1490 1021 Quare
1532 970 1634 1010 nos
1676 954 1838 1009 etiam
1885 953 1987 1023 ipsi

424 1046 552 1100 huic
596 1046 952 1102 adversamur
990 1047 1057 1101 ad
1109 1046 1328 1102 Patrem
1359 1048 1731 1103 ulciscendum
1754 1089 1770 1114 ,
1799 1056 1986 1102 contra

433 1139 661 1192 secundi
701 1139 1036 1193 voluntatem
1077 1139 1359 1195 facientes.
1406 1139 1675 1207 Quoniam
1724 1155 1853 1211 ergo
1899 1139 1987 1193 hic

417 1232 554 1286 dixit
581 1250 594 1286 :
626 1229 770 1286 «Non
801 1233 1198 1288 mmehaberis:
1235 1253 1252 1284 ι
1277 1249 1408 1298 nos,
1441 1232 1720 1302 inquiunt,
1748 1232 1987 1286 mmcha-

420 1335 575 1386 mur,
617 1327 675 1386 »Β
729 1333 787 1378 ut
821 1323 939 1394 ejus
986 1323 1301 1378 mandatum
1347 1324 1735 1378 dissolvamus.
1779 1321 1987 1390 Quibus

415 1416 856 1484 responderimus
896 1433 1134 1487 quoque,
1185 1418 1331 1488 quod
1384 1418 1901 1488 pseudoprophetas,
1935 1428 1989 1472 et

416 1521 511 1561 eos
571 1509 663 1578 qui
713 1510 991 1564 veritatem
1029 1511 1310 1573 simulant,
1355 1527 1421 1566 ex
1453 1511 1706 1581 operibus
1734 1513 1985 1582 cognosci

417 1601 768 1670 accepimus:
807 1604 851 1657 si
897 1603 1037 1658 male
1081 1603 1310 1657 audiunt
1355 1613 1534 1658 autem
1589 1613 1767 1658 vestra
1800 1619 1982 1674 opera,

415 1695 692 1765 quomodo
761 1695 940 1750 adhuc
1007 1697 1198 1752 dicetis
1259 1713 1356 1752 vos
1416 1697 1692 1751 veritatem
1759 1699 1988 1751 tenere?

417 1789 521 1840 Aut
547 1787 688 1840 enim
724 1787 934 1841 nullum
985 1798 1069 1844 est
1095 1788 1322 1856 malum,
1368 1799 1421 1844 et
1447 1805 1553 1843 non
1585 1799 1668 1845 est
1689 1789 1874 1860 utique
1900 1789 1976 1844 di-

415 1894 554 1949 gnus
606 1880 1024 1949 reprehensione
1077 1883 1142 1947 is,
1186 1898 1345 1952 quem
1391 1899 1488 1938 vos
1533 1883 1881 1948 insimulatis,
1928 1892 1987 1937 ut

416 1972 508 2041 qui
561 1971 672 2027 Deo
721 1974 798 2029 sit
839 1975 1178 2040 adversatus,
1232 1991 1406 2046 neque
1445 1975 1547 2030 fuit
1589 1977 1818 2046 alicujus
1857 1977 1983 2032 mali

415 2063 668 2129 eﬂ‘ector;
718 2083 826 2120 una
856 2068 1000 2120 enim
1034 2083 1156 2122 cum
1199 2068 1342 2122 malo
1371 2068 1534 2121 arbor
1555 2084 1771 2138 quoque
1799 2069 1986 2123 interi-

414 2157 581 2212 mitur
608 2177 619 2211 :
652 2170 744 2212 aut
777 2159 824 2213 si
853 2168 942 2212 est
967 2160 1168 2213 malum
1205 2175 1266 2214 ac
1293 2159 1565 2223 consistit,
1595 2160 1778 2214 dicant
1804 2161 1981 2223 nobis,

413 2249 546 2316 quid
570 2249 768 2313 ,dicunt
815 2266 938 2304 esse
960 2266 1043 2315 ea,
1091 2265 1212 2319 qua:
1237 2252 1359 2304 data
1392 2260 1538 2316 sunt,
1587 2260 1870 2320 praecepta,
1918 2253 1984 2306 de

410 2338 642 2408 justitia,
679 2340 745 2394 de
772 2341 1124 2403 continentia,
1175 2341 1240 2394 de
1273 2341 1577 2396 tolerantia.
1607 2343 1674 2396 de
1706 2344 1980 2411 patientia,

412 2441 467 2484 et
498 2431 583 2493 iis,
637 2448 758 2501 qua:
798 2441 926 2484 sunt
970 2432 1304 2500 hujusmodi,
1366 2433 1507 2486 bona
1535 2450 1603 2487 an
1630 2435 1814 2488 mala?
1862 2446 1917 2490 et
1938 2437 1981 2491 si

412 2519 578 2574 fuerit
623 2522 839 2590 quidem
892 2523 1097 2576 malum
1147 2534 1498 2593 praeceptum.
1554 2527 1697 2596 quod
1751 2528 1980 2597 plurima

384 2610 660 2680 ‘prohihut
688 2609 866 2666 facere
894 2612 1090 2679 turpia,
1133 2612 1395 2669 adversus
1429 2616 1667 2684 seipsum
1701 2618 1870 2686 legem
1901 2617 1982 2672 fe-

409 2712 490 2757 ret
519 2703 732 2770 vitium,
771 2713 830 2757 ut
855 2720 1092 2774 seipsum
1126 2707 1408 2772 dissolvat,
1451 2709 1591 2778 quod
1627 2710 1841 2779 quidem
1874 2727 1980 2766 non

408 2803 587 2862 potest
628 2794 780 2859 ﬁeri;
829 2796 913 2850 sin
963 2806 1145 2851 autem
1171 2797 1395 2861 bonum,
1451 2816 1574 2854 cum
1604 2801 1762 2856 bonis
1791 2803 1981 2856 adver-

409 2893 600 2939 sentur
650 2887 954 2955 praeceptis,
1005 2887 1149 2943 bono
1192 2890 1490 2956 adversari,
1541 2902 1594 2946 et
1635 2894 1777 2946 mala
1804 2893 1981 2949 facere

411 2979 761 3033 conﬁtentur.
806 2977 922 3032 Jam
976 2995 1105 3033 vero
1156 2980 1270 3050 ipse
1318 2998 1536 3052 quoque
1569 2982 1842 3048 Servator,
1891 2986 1978 3038 cui

2092 497 2414 568 ἐπέσπειρεν
2447 499 2512 548 τὰ
2567 495 2798 560 ζιζάνια,
2847 495 2947 565 τὴν
2996 493 3104 547 τῶν
3137 492 3323 546 κακῶν
3350 490 3514 560 φύσιν
3539 507 3675 559 γεν-

2091 591 2256 658 νήσας
2275 605 2287 616 ’
2319 583 2399 651 οἷς
2429 587 2506 659 (ὅ)
2536 589 2630 641 καὶ⁹
2669 587 2733 658 δὴ
2760 586 2836 656 (4)
2868 588 3075 649 πάντας
3109 587 3255 656 ἡμᾶς
3303 582 3669 656 περιέὕαλεν,

2091 677 2380 742 ἀντιτάξας
2409 681 2555 757 ἡμᾶς
2587 679 2664 751 (5)
2697 677 2772 748 τῷ
2804 678 2996 750 Πατρί.
3026 676 3117 730 Διὸ
3136 677 3200 748 δὴ
3229 678 3321 730 καὶ
3345 676 3498 729 αὐτοὶ
3523 660 3674 729 ἔντιμ-

2089 772 2396 843 τασσόμεθα
2423 772 2596 843 τούτῳ
2623 773 2703 835 είς
2742 771 2981 825 ἐκδικίαν
3020 771 3112 824 τοῦ
3145 771 3352 842 Πατρὸς
3387 769 3487 838 (6),
3515 769 3672 822 ἀντι-

2090 863 2420 932 πράσσοντες
2474 863 2554 934 τῷ
2597 863 2895 934 βουλήματι
2928 863 3020 917 τοῦ
3053 863 3321 933 δευτέρου.
3372 863 3528 914 Ἐπεὶ
3568 855 3669 914 οὖν

2088 949 2240 1020 οὗτος
2271 975 2289 1007 ι
2318 957 2391 1010 Ού
2430 957 2733 1027 μοιχεύσεις
2757 976 2775 1008 ι
2793 958 3030 1028 εἴρηκεν,
3060 958 3241 1026 ἡμεῖς,
3264 955 3395 1025 φασὶ
3418 955 3520 1023 (7),
3542 971 3670 1024 μοι·

2089 1048 2316 1119 χεύομεν
2349 1051 2442 1103 ἐπὶ
2486 1050 2774 1105 καταλύσει
2809 1050 2910 1121 τῆς
2945 1049 3162 1118 ἐντολῆς
3194 1047 3377 1103 αὑτοῦ.
3414 1048 3668 1120 Φαίημιν

2087 1140 2131 1192 δ’
2186 1141 2250 1194 ἂν
2302 1143 2395 1195 καὶ
2452 1142 2587 1215 πρὸς
2617 1141 2856 1204 τούτους,
2906 1143 2987 1194 ὅτι
3037 1141 3162 1202 τοὺς
3211 1139 3668 1210 ψευδοπροφήτας

2088 1233 2181 1288 καὶ
2216 1234 2342 1297 τοὺς
2373 1235 2484 1287 ὅσοι
2516 1233 2613 1306 τὴν
2648 1233 2902 1305 ἀλήθειαν
2933 1233 3306 1306 ὑποκρίνονται
3333 1272 3346 1293 ,
3389 1229 3448 1295 ἐξ
3483 1229 3670 1300 ἔργων

2087 1325 2448 1394 γινώσκεσθαι
2494 1324 2907 1396 παρειλήφαμεν
2959 1322 3054 1393 (8).
3104 1322 3166 1374 El
3215 1319 3560 1374 διαϐάλλεται
3605 1317 3666 1371 δὲ

2089 1417 2240 1488 ὑμῶν
2285 1418 2442 1488 ἔργα,
2502 1416 2618 1481 πῶς
2653 1417 2732 1471 ἔτι
2781 1418 2855 1487 (9)
2888 1417 2988 1487 τῆς
3041 1415 3294 1487 ἀληθείας
3335 1414 3674 1485 ἀντέχεσθαι

2087 1511 2228 1581 ὑμᾶς
2259 1512 2470 1582 ἐρεῖτε;
2507 1511 2579 1563 Ἦ
2613 1509 2721 1582 γάρ
2753 1509 2904 1563 οὐδέν
2939 1511 3053 1562 ἐστι
3095 1508 3283 1570 κακὸν,
3317 1507 3411 1561 καὶ
3447 1507 3553 1559 ούκ
3579 1506 3664 1561 ἔτι

2090 1601 2345 1671 μέμψεως
2385 1600 2563 1665 ἄξιος,
2607 1600 2664 1652 ὂν
2697 1599 2942 1654 αἱτιᾶσθε
2975 1599 3050 1664 ὡς
3099 1597 3552 1668 ἀντιτεταγμένον
3583 1595 3664 1667 τῷ

2086 1691 2223 1763 Θεῷ,
2265 1694 2383 1746 ούδέ
2421 1691 2591 1746 κακοῦ
2624 1710 2766 1757 τινος
2811 1694 3001 1761 γέγονε
3047 1693 3350 1763 ποιητικόςο
3402 1710 3662 1748 συναναι-

2018 1750 2058 1802 B
2091 1750 2260 1854 ρεῖται
2304 1786 2410 1856 γὰρ
2444 1785 2520 1855 τῷ
2555 1785 2707 1856 κακῷ
2740 1750 2835 1838 ita):
2865 1750 2926 1838 τὸ
2959 1750 3170 1857 δένδρον
3205 1750 3318 1855 (10)
3339 1803 3353 1816 ·
3394 1785 3427 1854 ἢ
3457 1788 3509 1838 εἰ
3545 1786 3663 1838 ἔστι

2084 1876 2147 1928 τὸ
2181 1877 2412 1948 πονηρὸν
2445 1876 2735 1948 ἐνυπάρξει
2770 1877 2916 1947 (11),
2952 1877 3258 1930 εἰπάτωσαν
3291 1878 3456 1947 ἡμῖν,
3492 1876 3547 1928 τί
3573 1875 3663 1928 λέ-

2085 1989 2268 2040 γουσιν
2302 1966 2434 2023 εἶναι
2465 1969 2563 2032 τὰς
2590 1967 2831 2032 δοθείσας
2863 1967 3080 2031 ἐντολάς
3117 1969 3242 2039 περὶ
3285 1967 3657 2038 δικαιοσύνης,

2086 2061 2211 2133 περὶ
2252 2061 2591 2130 ἐγκρατείας,
2634 2059 2760 2130 περὶ
2811 2060 3104 2130 ὑπομονῆς,
3141 2059 3264 2131 περὶ
3307 2057 3658 2124 ἀνεξικακίας

2085 2155 2178 2207 κα)¹
2207 2154 2315 2208 τῶν
2349 2153 2558 2216 τούτοις
2602 2152 2820 2222 ὁμοίων,
2855 2151 3064 2222 φαύλας
3106 2152 3138 2223 ἦ
3178 2151 3400 2216 ἀστείας
3420 2171 3440 2219 ;Δ
3480 2155 3577 2207 καὶ
3609 2155 3658 2208 ει

2088 2250 2184 2319 μὲν
2209 2247 2382 2318 φαύλη
2418 2246 2525 2317 εἴη,
2558 2246 2626 2299 τά
2655 2245 2878 2299 πλεῖστα
2909 2245 3321 2318 ἀπαγορεύουσα
3353 2249 3530 2300 ποιεῖν
3554 2245 3663 2300 τῶν

2085 2339 2323 2411 αἰσχρῶν
2355 2342 2389 2410 ὴ
2423 2338 2626 2409 ἐντολὴ,
2660 2337 2780 2391 καθ’
2820 2338 3013 2407 ἑαυτῆς
3038 2335 3384 2408 νομοθετήσει
3423 2341 3457 2409 ἡ
3492 2339 3664 2393 κακία

2084 2433 2174 2485 ἐπὶ
2202 2432 2493 2485 καταλύσει
2522 2434 2587 2503 τῇ
2626 2431 2750 2501 ἰδία,
2784 2431 2918 2502 ὅπερ
2953 2430 3211 2491 ἀδύνατον
3233 2448 3246 2460 ·
3282 2433 3329 2483 εἰ
3361 2431 3418 2484 δέ
3453 2431 3661 2502 ἀγαθὴ,

2083 2527 2519 2595 ἀντιτασσόμενοι
2567 2527 2686 2588 ταῖς
2734 2523 2963 2591 ἀγαθαῖς
3005 2523 3244 2588 ἐντολαῖς
3275 2523 3466 2594 ἀγαθῷ
3505 2526 3657 2578 ἀντι-

2082 2618 2418 2682 τάσσεσθαι,
2471 2620 2562 2672 καὶ
2611 2617 2676 2670 τά
2735 2618 2880 2671 κανά
2945 2618 3211 2690 πράσσειν
3275 2617 3656 2687 ὁμολογοῦσιν.

2085 2711 2220 2783 Ἤδη
2267 2711 2322 2764 δὲ
2368 2711 2459 2765 καὶ
2508 2711 2535 2763 ὁ
2567 2711 2754 2781 Σωτὴρ
2794 2711 2986 2774 αὐτὸς,
3021 2703 3065 2778 ᾧ
3104 2709 3380 2763 πίθεσθαι
3415 2709 3668 2777 ἀξιοῦσιν

2084 2805 2247 2875 μόνῳ,
2300 2805 2361 2856 τὸ
2411 2806 2587 2875 μισεῖν
2635 2803 2744 2874 (19)
2779 2803 2871 2856 καὶ
2907 2803 2968 2855 τὸ
3011 2803 3268 2875 λοιδορεῖν
3308 2803 3656 2856 κεκώλυκεν·

2081 2899 2194 2960 καὶ,
2225 2917 2244 2948 ι
2284 2898 2436 2952 Μετά
2471 2897 2564 2950 τοῦ
2588 2895 2855 2957 ἀντιδίκου
2881 2896 3131 2966 βαδίζων,
3165 2896 3317 2966 φίλος
3340 2896 3506 2949 αύτοῦ
3539 2914 3668 2949 ται-.

2082 2988 2274 3060 ράθητι
2304 2988 2732 3058 ἀπαλλαγῆναι,›
2772 2989 2970 3059 φησίν.
2991 2989 3061 3041 Ἦ
3077 2989 3252 3041 τοίνυν
3283 2989 3375 3042 καὶ
3400 2987 3660 3060 τὴνΧρι-

409 3070 509 3122 soli
536 3079 756 3123 censent
780 3085 902 3124 esse
929 3071 1253 3139 parendum,
1299 3074 1438 3128 odio.
1463 3074 1680 3140 habere,
1729 3085 1781 3130 ct
1814 3077 1978 3130 male-

2088 3079 2206 3133 στοῦ
2234 3081 2552 3151 παραίνεσιν
2584 3081 2909 3150 ἀρνήσονται
2928 3120 2949 3144 ,.
2984 3079 3425 3150 ἀντιτασσόμενοι
3457 3078 3537 3149 τῷ
3567 3081 3660 3132 ἀν-

406 3161 568 3220 dictis
615 3161 826 3231 insequi
880 3162 1201 3232 prohibuit:
1233 3175 1306 3231 et,
1349 3185 1368 3216 ι
1399 3164 1534 3219 Cum
1584 3167 1919 3231 adversario,
1952 3187 1970 3218 ι

405 3250 604 3320 inquit,
653 3269 672 3301 ‹
706 3251 930 3313 vadens,
955 3251 1074 3321 ejus
1099 3253 1308 3307 amicus
1341 3269 1542 3309 conare
1569 3254 1850 3310 discedere
1873 3269 1920 3309 ι.
1952 3276 1970 3308 ι

405 3342 513 3394 Aut
546 3355 675 3410 ergo
693 3341 895 3396 Christi
921 3357 1138 3412 quoque
1182 3344 1453 3413 negabunt
1494 3345 1825 3410 suasionem,
1881 3346 1988 3401 ad-.

405 3446 684 3489 versantes
709 3434 1050 3489 adversario:
1072 3442 1187 3498 aut,
1222 3434 1267 3488 si
1300 3435 1409 3488 sint
1434 3435 1615 3501 amici,
1635 3445 1822 3490 contra
1850 3453 1973 3491 eum

407 3538 676 3581 certamen
730 3529 1008 3596 suscipere
1054 3529 1264 3580 nolunt.
1305 3526 1448 3593 Quid
1493 3528 1658 3582 vero?
1689 3544 1756 3582 an
1805 3530 1978 3584 nesci-

407 3620 498 3684 tis,
533 3619 634 3672 viri
659 3619 856 3688 egregii
888 3617 1105 3688 (loquor
1129 3623 1274 3673 enim
1299 3628 1554 3688 tanquam
1577 3621 1972 3693 prazsentibus),

405 3711 548 3777 quod
573 3726 694 3763 cum
722 3711 1020 3779 praeceptis,
1057 3727 1177 3781 quae
1206 3728 1265 3766 se
1292 3723 1435 3767 recte
1461 3713 1682 3778 habent,
1731 3731 1975 3786 pugnan-

407 3814 509 3861 tes.
559 3804 791 3871 propria:
838 3803 998 3856 saluti
1051 3803 1339 3858 resistitis?
1398 3801 1514 3858 Non
1550 3806 1692 3859 enim
1724 3822 1807 3869 ea,
1855 3825 1974 3877 quze

407 3905 537 3949 sunt
565 3895 766 3949 utiliter
786 3895 982 3956 edicta,
1033 3896 1125 3950 sed
1164 3912 1262 3954 vos
1291 3897 1439 3966 ipsos
1471 3899 1729 3953 evertitis.
1772 3898 1833 3953 Et
1869 3899 1973 3954 Do-

407 3987 590 4041 minus
620 4005 632 4040 :
673 4005 698 4040 ι
724 3987 963 4041 Luceant
996 4007 1015 4039 ι
1045 3988 1284 4057 quidem,
1321 3989 1531 4058 inquit,
1568 4008 1586 4042 ι
1627 3991 1766 4044 bona
1794 4002 1972 4047 vestra

310 4093 320 4107 ’
405 4093 569 4148 opera
601 4079 672 4132 δε
711 4098 730 4130 ›
781 4095 874 4131 vos
926 4089 1103 4134 autem
1153 4079 1406 4135 libidines
1453 4090 1504 4135 et
1531 4081 1972 4152 intemperantias

405 4181 615 4226 vestras
661 4169 976 4226 manifestas
1017 4171 1263 4226 redditis.
1305 4171 1371 4227 Et
1397 4173 1598 4243 alioqui
1623 4175 1668 4228 si
1699 4175 1862 4230 vultis
1892 4176 1980 4229 le-_

406 4265 678 4332 gislatoris
728 4274 988 4334 praecepta
1044 4263 1360 4328 dissolvere,
1405 4279 1638 4334 quanam
1682 4267 1747 4320 de
1785 4283 1968 4329 causa,

405 4358 535 4415 illud
568 4358 878 4428 quidemn
915 4355 1030 4413 Non
1061 4355 1446 4421 rntechaberis;
1487 4375 1505 4407 ι
1545 4357 1753 4412 ethoc:
1790 4377 1808 4408 ‹
1846 4355 1972 4412 Stu-

2081 3172 2477 3242 τιτεταγμένῳο
2532 3173 2564 3242 ἢ
2610 3172 2749 3241 φίλοι
2781 3172 3080 3242 γινόμενοι,
3119 3170 3291 3241 τούτῳ
3322 3170 3422 3223 οὐκ
3453 3171 3670 3224 arma-

2083 3264 2360 3334 κήσουσιν.
2402 3262 2466 3314 Τί
2504 3261 2624 3326 δαί;
2659 3262 2759 3316 οὐκ
2795 3261 2907 3314 ἴστε
2931 3302 2946 3325 ,
2985 3255 3029 3314 ὧ
3071 3261 3356 3330 γεννάδαι,
3390 3260 3486 3330 (ὡς
3521 3261 3666 3332 πρὸς

2083 3356 2354 3428 παρόντας
2383 3355 2489 3428 γὰρ
2516 3355 2722 3426 εἴποιμ’
2756 3354 2821 3407 άν
2842 3355 2878 3422 ο)
2925 3355 3005 3406 ὅτι
3040 3355 3160 3416 ταῖς
3191 3352 3369 3417 καλῶς
3401 3353 3667 3429 ἐχούσαις,

2083 3449 2321 3512 ἐντολαῖς
2372 3448 2688 3520 μαχόμενοι,
2736 3451 2802 3520 τῇ
2855 3447 2959 3520 ἰδία
2998 3447 3319 3501 ἀνθίστασθε
3372 3448 3658 3519 σωτηρίας

2081 3543 2157 3597 Οὐ
2203 3541 2311 3617 γὰρ
2354 3543 2423 3596 τὰ
2463 3540 2875 3612 διαγορευθὲντα
2920 3541 3227 3612 χρησίμως,
3274 3540 3388 3592 ἀλλ’
3431 3541 3670 3605 ἑαυτοὺς.

2081 3633 2502 3706 καταστρέφετε.
2557 3633 2665 3685 Καὶ
2706 3634 2735 3685 ὁ
2789 3631 2890 3703 μὲν
2929 3630 3154 3702 Κύριος,
3198 3631 3278 3684 Τά
3322 3631 3504 3700 ἀγαθά
3546 3633 3679 3702 (15)-

2081 3726 2232 3797 ὑμῶν
2255 3725 2391 3797 ἔργα
2420 3725 2705 3795 λαμψάτω,
2748 3744 2765 3776 ι
2803 3724 2926 3794 ἔφη,
2960 3725 3117 3794 ὑμεῖς
3147 3725 3204 3778 δέ
3235 3724 3332 3789 τὰς
3365 3725 3657 3793 ἀσελγείας

2080 3817 2233 3889 ὑμῶν
2260 3817 2509 3885 ἐκφανεῖς
2535 3819 2755 3870 ποιεῖτε.
2801 3815 3006 3880 Ἀλλως
3029 3833 3086 3869 τε
3110 3818 3158 3868 εί
3182 3816 3280 3880 τὰς
3311 3817 3531 3880 ἐντολὰς
3558 3836 3656 3870 κα-

2078 3908 2291 3962 ταλύειν
2323 3908 2416 3961 τοῦ
2439 3908 2723 3979 νομοθέτου
2744 3907 2946 3971 θέλετε,
2976 3909 3027 3960 τί
3057 3909 3253 3980 δήποτε
3284 3910 3345 3962 τὸ
3372 3911 3473 3978 μὲν
3510 3929 3531 3960 ι
3578 3909 3654 3963 Οὔ

2083 3999 2416 4070 μοιχεύσεις,
2477 4017 2496 4050 ι
2534 4001 2626 4052 καὶ
2663 4018 2680 4049 ι
2723 3999 2797 4051 Oti
2834 3997 3289 4071 παιδοφθορήσεις
3324 4000 3460 4067 (14),
3498 4021 3516 4052 ι
3558 4003 3652 4055 καὶ

2077 4093 2174 4144 ὅσα
2191 4093 2268 4154 είς
2285 4091 2604 4162 ἐγκράτειαν
2623 4108 2684 4143 συ
2692 4090 3004 4161 μϐάλλεται,
3024 4091 3308 4145 καταλύειν
3324 4095 3650 4164 ἐπιχειρεῖτε

2077 4179 2142 4238 δι’
2171 4185 2436 4255 ἀκρασίαν
2455 4183 2551 4254 τὴν
2586 4182 2732 4253 σφῶν
2752 4201 2764 4212 ·
2797 4184 2858 4238 οὐ
2883 4182 3178 4236 καταλύετε
3208 4183 3264 4237 δὲ
3287 4186 3532 4255 χειμῶνα
3560 4189 3652 4241 τὸν

2079 4275 2169 4328 ὑπ’
2199 4273 2360 4327 αὐτοῦ
2379 4274 2502 4342 γενό
2511 4290 2686 4342 μενον,
2709 4275 2796 4326 ἵνα
2813 4273 2968 4344 θέρος
2985 4275 3242 4345 ποιήσητε
3262 4275 3554 4344 μεσοῦντος
3570 4278 3649 4331 ἔτι

2077 4366 2168 4419 τοῦ
2182 4365 2462 4437 χειμῶνος
2483 4365 2601 4418 ούδέ
2619 4363 2973 4435 γῆνμπὶωτὴν,
2989 4364 3154 4437 βατὴν
3173 4365 3229 4419 δὲ
3250 4365 3525 4422 θάλασσαν
3538 4367 3644 4437 (15)

478 4544 534 4600 ala
567 4537 626 4592 P.
656 4539 760 4592 527
785 4537 892 4591 ED.
949 4534 1244 4602 POTTER,
1303 4539 1408 4594 ΗΟ
1430 4537 1536 4592 ED.
1592 4537 1812 4592 PARIS.
1896 4552 1921 4580 ι
1957 4542 1980 4596 Β

2091 4545 2144 4598 b.
2179 4558 2234 4607 v,
2265 4539 2378 4599 25:
2417 4539 2563 4606 Luc._
2610 4557 2707 4606 xu,
2762 4541 2852 4597 58.
2921 4543 2946 4580 δ
2977 4540 3164 4596 Matth.
3193 4559 3244 4607 ν,
3284 4544 3368 4598 16.

471 4678 549 4748 (5)
583 4673 703 4748 Οζς.
727 4677 837 4748 ῨΪΟς
864 4677 1056 4745 legisse
1097 4676 1311 4748 videtur
1340 4675 1735 4733 Theodoretus.

476 4746 683 4820 (ιθ-Λή.
720 4746 1070 4820 Supervacua
1103 4757 1205 4801 est.
1241 4747 1506 4803 Susum.
1537 4779 1608 4790 —
1633 4747 1808 4802 Scribi
1842 4764 1975 4820 pos-5
2013 4773 2016 4778 -

403 4815 494 4883 sit,
521 4815 602 4880 οἷς
632 4817 695 4887 δὴ
720 4818 813 4870 καὶ
845 4818 1002 4872 πάντ.

473 4890 549 4956 (5)
577 4887 914 4955 Ἄντιτάξας
933 4887 1110 4957 ἡμᾶς.
1137 4887 1586 4961 Ἀντιταξάμενος
1613 4887 1789 4960 ἡμῶν.
1808 4888 1982 4945 Theo-

401 4962 575 5015 doret.

475 5029 551 5095 (6)
575 5030 678 5096 Εῑς
707 5029 976 5084 ἐκδικίαν
1027 5029 1134 5083 τοῦ
1187 5030 1434 5098 Πατρός.
1492 5029 1608 5085 Hoc
1648 5031 1979 5085 commation

402 5099 724 5154 Theodoreti
758 5101 1047 5168 interpres.

473 5169 754 5242 (ἩιΦαο-ι.
779 5171 934 5242 Φησί.
952 5169 1277 5242 Τιιεοᾱοτει.
1295 5172 1362 5227 ad
1377 5173 1678 5242 sequentia,
1694 5171 1988 5227 Clementis

400 5243 465 5297 ad
498 5239 851 5314 praecedentia
883 5240 1062 5296 refert.
1128 5311 1172 5314 __
1455 5239 1495 5314 ξ
1576 5312 1584 5314 ,
1742 5313 1753 5314 ί
1973 5311 1975 5314 ι

478 5311 554 5383 (8)
595 5310 1092 5383 ῌαρειλήςέαμεν.
1127 5311 1350 5383 Nempe
1383 5328 1412 5366 a
1458 5312 1676 5367 Christo
1700 5311 1978 5383 dicente:

411 5379 679 5505 Ἀπῗὸτῶν
706 5380 933 5451 καρπῶν
957 5382 1135 5436 αὐτῶν
1160 5379 1526 5452 ἐπιγνώσεσθε
1549 5382 1763 5447 αὐτούς,
1782 5381 1970 5440 Matth.

411 5471 494 5505 m.
590 5492 603 5504 .

399 5471 494 5511 γιι,
517 5471 603 5505 10.

471 5523 547 5596 (9)
586 5519 720 5596 Πῶς
743 5519 856 5596 Αὲτι.
905 5522 1012 5596 Af},
1044 5523 1141 5596 vel_
1159 5539 1457 5596 synonyma
1486 5519 1598 5588 οὖν,
1636 5525 1859 5588 inserta,
1893 5524 1969 5578 le-

399 5595 632 5660 gendum
668 5591 900 5653 videtur,
937 5589 1053 5654 πῶς
1085 5589 1351 5648 οὖν’ἐτι..ἷ
1386 5594 1648 5651 Susum}.

470 5661 578 5731 (10)
619 5661 1062 5728 Συναναιρεῖται
1113 5663 1218 5731 γὰρ
1263 5665 1343 5729 τῷ
1392 5664 1554 5730 κακῷ
1597 5665 1696 5718 καὶ
1743 5664 1809 5717 τὸ
1840 5663 1967 5718 δέν-

400 5729 566 5803 ὄρονξ.
599 5731 771 5785 «Maio
805 5735 946 5786 enim
976 5729 1207 5803 sublato,
1231 5735 1438 5790 tollitur
1462 5729 1690 5798 arbor,»
1711 5751 1739 5788 e
1769 5749 1878 5803 quo
1911 5734 1962 5788 id

405 5801 644 5860 nascitur
671 5821 686 5855 :
713 5815 774 5857 ac
800 5801 1028 5872 proinde
1057 5802 1102 5860 si
1133 5803 1340 5862 nullum
1370 5808 1439 5860 sit
1471 5807 1691 5872 malum,
1725 5801 1968 5880 sequitur

2084 4682 2292 4735 nullum
2340 4695 2458 4734 esse
2513 4678 2835 4747 principium
2885 4678 2997 4733 Deo
3051 4681 3193 4734 bono
3245 4679 3637 4738 adversarium.

2085 4751 2406 4819 Respexisse
2439 4759 2618 4803 autem
2656 4749 2868 4803 videtur
2902 4748 3091 4804 Matth.
3122 4767 3218 4815 vn,
3243 4750 3332 4810 17.
3361 4750 3446 4806 18.

2154 4820 2366 4894 (11)Τό
2399 4819 2663 4894 πονηρὸν
2691 4820 3031 4894 ἐῖυπᾴρξει.
3063 4819 3160 4894 νει
3193 4820 3451 4894 diviseéy
3483 4823 3649 4894 ὑπάρ-

2084 4891 2182 4956 ξει,
2224 4889 2253 4942 ι
2271 4893 2324 4945 in
2356 4891 2611 4945 essentia.
2650 4910 2700 4961 rh
2715 4889 2985 4945 Putabant
3019 4891 3162 4946 enim
3195 4891 3457 4956 heretici,
3496 4889 3644 4961 prin-

2082 4963 2282 5032 cipium
2316 4961 2470 5025 illud,
2504 4961 2650 5030 quod
2678 4959 2787 5015 Deo
2813 4971 3172 5032 repugnaret,
3191 4975 3314 5015 esse
3357 4979 3376 5012 ι
3405 4959 3642 5017 essentia

2085 5034 2308 5086 malum.
2345 5051 2362 5082 ι

2157 5103 2268 5173 (12)
2309 5102 2384 5173 Τὸ,
2407 5101 2636 5173 μισεῖν.
2692 5099 2933 5173 Respicit
2978 5099 3166 5173 Matth.
3197 5118 3249 5164 v,
3275 5100 3382 5173 ιδ,
3406 5101 3512 5167 44,
3564 5103 3643 5154 vel

2088 5170 2220 5227 Luc.
2252 5170 2330 5234 τι,
2365 5171 2454 5234 27,
2483 5171 2588 5232 28;
2621 5172 2744 5226 dein
2776 5171 2962 5233 Matth.
2992 5171 3154 5234 V325.
3173 5173 3256 5226 vel
3275 5170 3406 5225 Luc.
3428 5187 3529 5237 ῐιι,
3553 5173 3640 5226 58.

2155 5243 2265 5312 (15)
2300 5245 2374 5298 Τὰ
2400 5241 2606 5312 ἀγαθά.
2645 5241 2847 5312 Matth.
2879 5257 2931 5304 ν,
2959 5241 3062 5312 162
3099 5241 3252 5295 Οὕτω
3285 5239 3554 5310 λαμψάτω
3585 5244 3644 5294 τὸ

2080 5313 2196 5380 φῶς
2223 5313 2373 5384 ὑμῶν
2417 5311 2723 5435 ἒμπέροσθεν
2768 5311 2873 5365 τῶν
2901 5311 3222 5383 ἀνθρώπων,
3258 5314 3405 5375 ὅπως
3432 5312 3642 5366 εἴδωσιν

2080 5383 2230 5435 ὑμῶν
2257 5384 2326 5435 τὰ
2355 5383 2491 5435 καλά
2553 5399 2674 5435 ογα.

2079 5383 2230 5454 ὑμῶν
2257 5383 2326 5436 τά
2355 5383 2491 5436 καλά
2523 5383 2674 5454 ἔργα.

2147 5454 2258 5524 (Li)
2301 5457 2382 5509 Οὐ
2409 5450 2924 5524 πᾳιδὸφθορήσεᾳις.
2943 5451 3246 5524 Conl._quze
3279 5453 3529 5524 superius
3558 5451 3640 5507 di—

2073 5521 2162 5580 cta'
2191 5534 2316 5578 sunt
2348 5525 2411 5578 ad
2446 5523 2710 5591 Protrept.
2749 5538 2804 5591 p.
2829 5521 2897 5576 67
2923 5523 3052 5576 edit.
3087 5521 3266 5578 Paris.

2012 5594 2033 5612 ⁸
2141 5595 2252 5668 (15)
2300 5593 2500 5668 Βατὴν
2538 5592 2605 5668 δὲ
2634 5590 2997 5668 θαλάσσαις.-
3034 5593 3504 5660 Poeticedictum.
3540 5590 3639 5668 Ly-

2076 5666 2315 5734 copliron
2347 5664 2661 5734 Cassandra:
2693 5678 2840 5734 vers.
2867 5663 3002 5716 MM
3029 5680 3040 5714 :

2429 5772 2551 5808 ..._.._-
2563 5733 2646 5798 Τῷ
2674 5733 2956 5808 θάλασςα
2981 5735 3098 5803 μὲν
3128 5735 3288 5802 ,βατὴ

2183 5803 2336 5871 Πεζὶἷ)
2370 5805 2495 5856 ποτ’
2521 5804 2686 5860 ἔσται
2708 5843 2722 5864 ,
2758 5803 2835 5870 γῇ
2861 5803 3488 5876 δὲρηυᾳθλωϐήσπαι.
