3938 6302
269 338 466 394 ,1111-

1570 341 1942 398 ςτιιοιιΑτυ
1955 342 2000 397 Μ
2033 341 2159 396 LIB.
2219 341 2304 396 ill.

3405 341 3536 394 ιιιι

299 455 599 532 ἐργάζεσθε
627 495 643 521 ,
695 457 940 529 καθάπερ
987 461 1058 512 ol'
1091 460 1188 523 τὰς
1247 462 1484 532 ἱστορίας
1539 463 1863 534 συνταξάμε-

1977 479 2132 532 prum
2181 477 2349 538 puero
2398 477 2506 515 non
2535 461 2756 528 inferes,
2791 481 2808 514 ι
2839 473 2890 517 et
2919 477 3252 532 quzecuuque
3279 460 3343 514 ad
3369 459 3543 514 cunti-

296 565 384 602 vot
439 547 584 620 (16),
633 547 722 601 τὸν
783 549 1054 622 βάρϐαρον
1111 551 1364 621 ἐθελῆσαι
1406 549 1642 625 Ξέρξην;
1709 557 1773 610 Τί
1829 557 1872 608 δ’

295 640 420 713 οὐχὶ
474 641 674 704 πάσαις
733 643 854 704 ταῖς
915 643 1154 707 ἐντολαῖς
1202 645 1623 711 ἀντιτάσσεσθε;
1677 648 1872 702 Εἰπόν-

295 745 391 793 τος
429 729 580 801 γὰρ,
637 750 656 782 ι
723 732 1020 796 Δὺξάνεσθε
1070 735 1164 787 καὶ
1217 735 1592 806 πληθύνεσθε,
1649 757 1665 790 ι
1730 740 1873 809 ὑμᾶς

291 824 424 887 τοὺς
463 824 885 894 ἀντιταγμένους
940 827 1106 897 ἐχρῆν
1150 827 1392 899 μηδόλως
1442 828 1693 901 συνουσίᾳ
1742 831 1873 903 χρῆ-

301 914 446 967 σθαι.
475 915 585 968 Καὶ
604 915 867 980 εἰπόντος,
891 935 909 967 ι
947 917 1162 972 Ἔδωκα
1179 920 1304 990 ὑμῖν
1323 920 1500 973 πάντα
1525 921 1605 983 είς
1629 921 1865 992 τροφὰς»

297 1008 396 1060 καὶ
449 1007 772 1070 ἀπολαύσεις
798 1047 811 1071 ,
868 1009 1012 1080 ὑμᾶς
1057 1010 1224 1080 ἐχρῆν
1282 1009 1506 1081 μηδενὸς
1561 1011 1866 1066 ἀπολαύειν.

307 1098 468 1152 Ἀλλὰ
493 1099 618 1161 καὶ,
657 1119 676 1149 ‹
725 1098 1028 1169 Ὀφθαλμὸν
1054 1100 1173 1152 ἀντὶ
1197 1099 1498 1170 ὀφθαλμοῦ,
1539 1121 1555 1152 ι
1598 1101 1866 1170 λέγοντος,

293 1192 446 1261 ὑμᾶς
472 1191 638 1263 ἐχρῆν
668 1191 740 1263 μὴ
763 1191 1080 1266 ,ἀποδιδόναι
1111 1193 1382 1258 ἀντίταξιν
1428 1191 1696 1260 ἀντιτάξει
1715 1211 1726 1224 ·
1775 1195 1870 1247 καὶ

290 1282 658 1354 τὸν,κλέπτην
679 1282 1028 1346 κελεύσαντος
1069 1303 1088 1336 ι
1125 1283 1458 1354 τετραπλοῦν
1497 1302 1516 1334 ι
1539 1283 1865 1348 ἀποδιδόναι,

289 1371 440 1444 ὑμᾶς
480 1372 647 1445 ἐχρῆν
685 1373 778 1426 καὶ
823 1375 1142 1446 προσδοῦναι
1185 1374 1261 1446 τῷ
1293 1375 1533 1445 κλέπτῃ·
1579 1374 1778 1445 ὁμοίοις
1808 1391 1866 1426 τε

287 1457 360 1515 αὖ
399 1462 608 1534 καὶτῇ,
648 1482 676 1515 ι-
710 1465 1038 1537 Ἀγαπήσεις
1062 1466 1152 1520 τὸν
1181 1467 1404 1538 Κύριον,
1453 1487 1472 1518 ι
1510 1469 1696 1540 ἐντολῇ
1729 1469 1870 1522 ἀντι-

287 1556 675 1625 τασσομένους,
731 1556 836 1610 ἔδει
886 1555 1008 1611 οὔτε
1053 1559 1144 1612 τὸν
1191 1558 1327 1612 ὃλων
1371 1559 1504 1612 Θεὸν
1557 1561 1863 1630 ἀγαπῆσαι.

287 1646 404 1698 Καὶ
445 1644 625 1710 πάλιν,
659 1647 927 1712 εἰπόντος,
969 1667 987 1699 ι
1039 1649 1112 1702 Οὐ
1161 1651 1405 1720 ποιήσεις
1446 1649 1706 1718 γλυπτὸν,
1749 1650 1882 1702 οὐδὲ

287 1737 558 1806 χωνευτὸν
577 1777 592 1801 ,
628 1738 770 1808 ὑμᾶς
814 1739 1106 1794 ἀκόλουθον
1133 1736 1202 1812 ἦν
1234 1742 1328 1794 καὶ
1351 1740 1434 1794 τά
1453 1741 1668 1810 γλυπτά
1700 1759 1866 1814 προσ-

1979 555 2217 608 neutiam
2268 551 2576 620 conferunt,
2626 551 2923 608 dissolvere
2965 551 3257 616 conamini,
3323 558 3541 620 propter

1975 655 2208 700 vestram
2257 643 2731 714 intemperantiam
2774 661 2788 698 :
2835 659 2942 698 non
2993 643 3288 699 dissolvitis
3338 651 3541 706 autem,

1975 751 2095 805 qua:
2144 735 2212 788 ab
2259 735 2379 804 ipso
2403 734 2480 800 ﬁt,
2533 734 2789 798 hiemem,
2833 741 2893 788 ut
2933 734 3109 788 media
3160 733 3336 787 adhuc
3367 733 3544 785 hieme

1974 837 2213 883 aestatem
2241 827 2493 896 faciatis;
2540 843 2715 897 neque
2747 838 2948 881 terram
2981 823 3360 896 navigabilem,
3393 838 3544 878 mare

1973 929 2152 974 autem
2195 920 2424 990 pedibus
2471 921 2738 990 pervium,
2787 919 2996 986 facitis,
3051 918 3228 987 utqui
3286 915 3544 972 historias

1972 1021 2414 1080 composuerunt,
2457 1011 2755 1068 barbarum
2795 1011 3027 1064 Xerxem
3078 1009 3264 1064 dicunt
3307 1009 3544 1063 voluisse

1973 1101 2188 1156 facere?
2214 1100 2325 1156 Cur
2359 1117 2488 1155 vero
2515 1117 2621 1155 non
2657 1101 2910 1158 omnibus
2958 1100 3239 1170 prmceptis
3269 1115 3540 1170 repugna-

1971 1192 2078 1246 tis?
2131 1192 2262 1248 Nam
2297 1208 2418 1250 cum
2451 1191 2541 1248 ille
2562 1192 2750 1258 dicat;
2818 1211 2836 1244 ι
2875 1191 3114 1247 Crescite
3139 1201 3191 1246 et
3217 1189 3544 1260 multiplica-

1974 1283 2104 1354 mini
2128 1297 2176 1347 ι,
2227 1303 2245 1335 ι
2280 1293 2550 1353 oporteret
2579 1289 2786 1352 arvos,
2829 1285 2922 1355 qui
2960 1285 3346 1352 adversamini,
3395 1285 3545 1340 nullo

1971 1377 2133 1431 modo
2165 1377 2242 1431 uti
2275 1377 2441 1430 coitu.
2499 1374 2711 1432 Etcum
2737 1376 2874 1430 dixit
2913 1395 2926 1429 :
2971 1395 2988 1426 ι
3021 1375 3148 1430 Dedi
3182 1377 3332 1431 vobis
3359 1379 3545 1434 omnia

1971 1470 2035 1526 ad
2070 1469 2396 1524 vescendum
2425 1469 2453 1508 δ
2486 1487 2504 1520 ι
2539 1479 2591 1523 et
2619 1467 2930 1534 fruendum,
2951 1483 3048 1523 vos
3075 1469 3225 1524 nullo
3255 1469 3360 1525 frui
3385 1486 3544 1542 opor-

1970 1562 2092 1616 tuit.
2120 1559 2430 1629 Quinetiam
2450 1574 2516 1613 eo
2534 1560 2745 1614 dicente
2775 1579 2786 1612 :
2825 1577 2843 1610 ι
2867 1559 3094 1614 Oculum
3123 1575 3224 1630 pro
3249 1561 3408 1617 oculo
3432 1572 3483 1628 °,
3515 1581 3534 1615 ι

1970 1655 2211 1724 oportuit
2255 1668 2354 1708 vos
2398 1651 2818 1706 deccrtationem
2873 1651 3144 1707 contraria
3193 1667 3298 1707 non
3343 1669 3537 1723 repen-

1971 1744 2098 1798 dere
2148 1743 2535 1798 decertatione.
2579 1741 2796 1795 Etcum
2845 1741 3017 1795 iurem
3061 1741 3286 1810 jus5erit
3314 1745 3538 1801 reddere

287 1830 490 1881 κυνεῖν.
539 1828 662 1892 Πῶς
693 1825 785 1882 οὖν
831 1832 929 1884 οὐκ
956 1831 1231 1896 ἀσεϐεῖτε,
1267 1833 1706 1904 ἀντιτασσόμενοι
1740 1834 1861 1904 μὲν,

1972 1856 1989 1887 ι
2029 1835 2392 1906 quadruplum
2425 1833 2477 1901 δ,
2518 1854 2536 1886 ι
2573 1834 2815 1904 oportuit
2845 1848 2944 1887 vos
2995 1809 3100 1887 {uri
3136 1833 3338 1903 aliquid
3374 1837 3538 1890 etiam

285 1919 368 1984 ὥς
401 1936 564 1989 φατε,
607 1919 684 1990 τῷ
719 1921 1062 1994 Δημιουργῷ,
1101 1923 1167 1977 τά
1201 1924 1270 1976 δὲ·
1291 1925 1450 1994 ὃμοια
1491 1927 1610 1987 ταῖς
1637 1924 1862 1995 πόρναις

285 2013 520 2077 καὶτοῖς
551 2018 753 2085 μοιχοῖς
779 2013 1147 2086 ἐζηλωκότες;
1181 2017 1302 2081 Πῶς
1327 2018 1384 2071 δὲ
1415 2019 1513 2070 οὐκ
1546 2016 1864 2070 αἰσθάνεσθε

289 2102 516 2172 μείζονα
547 2103 844 2169 ποιοῦντες,
890 2106 947 2158 ὃν
984 2106 1058 2170 ὡς
1099 2107 1300 2178 ἀσθενῆ
1344 2106 1626 2178 νομίζετες
1666 2107 1860 2178 Εἴπερ,

284 2193 320 2244 ὃ
356 2192 616 2262 βούλεται,
668 2195 824 2248 τοῦτο
865 2196 1094 2264 γίνεται,
1141 2197 1256 2250 ἀλλ’
1305 2198 1424 2268 οὐχὶ
1479 2197 1863 2268 ἐκεῖνο,,ὃπερ

283 2285 552 2356 ἠθέλησεν
581 2289 608 2339 ό
641 2287 860 2356 ἀγαθός.
901 2287 1173 2359 Ἐμπαλιν
1205 2289 1310 2358 γὰρ
1335 2287 1566 2364 ἀσθενὴς
1597 2287 1862 2341 δείκνυται

282 2395 407 2442 πως
441 2378 592 2449 ὑμῶν
614 2379 789 2432 αὐτῶν
819 2379 925 2450 (17)
963 2382 990 2432 ὁ
1021 2381 1298 2452 ὑμέτερος,
1321 2379 1416 2444 ,ὥς
1449 2397 1582 2448 φατε
1610 2420 1626 2445 ,
1653 2381 1858 2452 πατήρ.

301 2469 683 2538 Ἀναλέγονται
716 2471 772 2524 δὲ
808 2471 899 2524 καὶ
931 2463 1076 2524 οὗτοι
1103 2470 1166 2524 ἐκ
1195 2489 1351 2524 τινων
1389 2469 1739 2542 προφητικῶν
1768 2488 1863 2530 rte.-

286 2562 532 2636 ρικοπῶν
567 2561 743 2628 λέξεις
777 2562 1226 2634 ἀπανθισάμενοι,
1263 2565 1354 2624 καὶ
1393 2563 1863 2638 συγιιαττύσαντες

283 2655 495 2718 κακῶς,
541 2655 660 2708 κατ’
697 2655 1022 2728 ἀλληγορίαν
1062 2656 1388 2732 εἰρημένας,
1436 2655 1494 2722 ἐξ
1531 2655 1739 2719 εὐθείας
1769 2655 1864 2707 λα-

283 2747 496 2810 ϐόντες.
531 2748 842 2820 Γεγράφθαι
860 2749 968 2821 γάρ
995 2766 1156 2820 φησιν
1180 2766 1192 2778 ·
1239 2768 1258 2800 ε
1307 2750 1664 2820 Ἀντέστησαν
1719 2749 1857 2819 Θεῷ,

285 2843 384 2902 καὶ
413 2842 713 2915 ἐσώθησαν.
748 2863 768 2896 ι
797 2845 858 2899 Oi
886 2845 942 2898 δὲ
969 2846 1062 2900 καὶ
1093 2863 1112 2897 ι
1141 2845 1230 2916 Τῷ
1256 2845 1460 2898 ἀναιδεῖ
1489 2844 1606 2916 Θεῷ
1646 2863 1664 2895 ι
1699 2862 1862 2915 προσ-

282 2936 528 2989 τιθέασι·
561 2937 801 3007 δέχονται
825 2936 882 2990 δὲ
910 2936 985 3000 ὡς
1013 2936 1202 3009 βουλὴν
1224 2937 1682 3010 παρηγγελμένην
1698 2936 1758 2988 τὸ
1779 2935 1863 2988 λό-

283 3045 405 3096 γιον
435 3028 612 3094 τοῦτο,
655 3029 748 3082 καὶ
790 3030 1060 3101 σωτηρίαν
1106 3030 1256 3098 σφίσι
1288 3029 1686 3097 λογίζονταιπὸ.
1710 3027 1860 3086 ἀνθίτ

1965 1933 2180 1987 addere.
2245 1931 2456 1986 Rursus
2505 1945 2634 1985 vero
2685 1929 2953 1994 similiter,
3014 1945 3136 1984 cum
3190 1941 3458 2001 praecepto
3522 1950 3535 1986 :

1970 2043 1988 2075 ι
2026 2022 2225 2092 Diliges
2269 2021 2438 2076 Deum
2489 2030 2640 2075 tuum
2673 2029 2890 2076 extoto
2911 2020 3074 2075 corde
3102 2031 3194 2075 tuo
3229 2032 3277 2085 ο,
3323 2041 3342 2074 ι
3377 2037 3540 2092 repu-

1964 2114 2160 2184 gnetis,
2223 2115 2463 2184 Oportuit
2515 2129 2616 2168 nec
2669 2111 3045 2166 universorum
3103 2111 3318 2182 quidem
3370 2111 3542 2168 Deum

1963 2203 2206 2274 diligere.
2267 2203 2332 2256 Et
2383 2217 2608 2266 rursus,
2675 2215 2799 2256 cum
2852 2200 3048 2256 dixerit
3095 2221 3108 2254 :
3173 2219 3191 2252 ι
3221 2199 3338 2256 Non
3371 2200 3540 2259 facies

1963 2295 2210 2366 sculptile
2241 2309 2413 2364 neque
2443 2292 2602 2348 fusile
2633 2290 2653 2330 ι
2668 2334 2682 2358 ,
2707 2313 2737 2354 ,ι
2765 2307 3124 2363 consequens
3145 2302 3264 2348 erat
3288 2294 3532 2348 utetiam

1965 2387 2590 2457 sculptiliaadoraretis.
2639 2385 2925 2451 Quomodo
2971 2401 3106 2456 ergo.
3135 2400 3242 2440 non
3264 2385 3428 2456 impie
3449 2385 3533 2440 fa-

1964 2481 2116 2548 citis,
2157 2481 2252 2550 qui
2297 2479 2539 2535 Creatori
2583 2479 2836 2549 quidem,
2883 2485 2944 2534 ut
2978 2477 3192 2544 dicitis,
3235 2479 3532 2542 resistitis;

1963 2590 2085 2644 quae
2130 2581 2258 2628 sunt
2295 2579 2476 2626 autem
2520 2568 2898 2624 meretricibus
2940 2580 2994 2624 et
3013 2570 3283 2626 adulteris
3315 2569 3538 2636 similia,
3591 2563 3597 2576 ’

1964 2665 2287 2720 sectamini?
2328 2662 2613 2729 Quomodo
2653 2673 2834 2717 autem
2881 2679 2988 2718 non
3036 2663 3248 2720 sentitis
3279 2677 3377 2718 vos
3407 2675 3532 2718 eum

1965 2757 2224 2826 majorem
2269 2754 2468 2818 facere,
2522 2771 2682 2824 quem
2734 2770 2832 2825 pro
2879 2743 3434 2822 imbecillohabetis;
3489 2761 3538 2814 si

1962 2851 2182 2922 quidem
2231 2848 2286 2905 id
2337 2850 2416 2913 ﬁt,
2466 2849 2613 2918 quod
2665 2848 2755 2904 hic
2801 2848 2949 2914 vult;
3005 2863 3112 2902 non
3157 2858 3341 2903 autem
3383 2848 3538 2912 illud,

1963 2945 2108 3014 quod
2137 2941 2306 2996 voluit
2331 2940 2541 2996 bonus?
2574 2950 2761 2996 contra
2793 2940 2938 2995 enim
2965 2940 3272 2996 ostenditur
3296 2941 3538 3010 quodam

1965 3036 2127 3092 modo
2155 3050 2188 3090 a
2213 3033 2368 3088 vobis
2395 3032 2550 3102 ipsis,
2575 3031 2906 3086 imbecillum
2937 3046 3078 3096 esse,
3109 3047 3270 3102 quem
3289 3041 3538 3098 vestrum

283 3119 516 3174 στασθαι
563 3119 638 3190 τῷ
675 3119 1014 3192 Δημιουργῷ.
1049 3139 1068 3171 ι
1110 3119 1198 3188 Τῷ
1239 3139 1256 3172 ι
1304 3120 1404 3192 μὲν
1457 3115 1546 3172 οὖν
1589 3138 1604 3168 ι
1659 3119 1863 3180 ἀναιδεῖ

1968 3110 2188 3196 patrem.
2211 3124 2411 3180 dicitis.
2453 3121 2758 3178 Recensent
2792 3122 2956 3176 etiam
2995 3137 3060 3176 ex
3091 3121 3424 3192 quibusdam
3460 3122 3539 3177 lo-

283 3213 408 3283 Θεῷ
447 3233 466 3262 ι
502 3214 562 3266 οὑ
583 3213 928 3284 γέγραπται·
966 3213 1027 3264 Ei
1065 3211 1121 3264 δέ
1164 3212 1258 3264 καὶ
1289 3210 1459 3273 οὕτως
1486 3209 1619 3279 ἔχοι,
1649 3211 1740 3263 τὸν
1771 3228 1861 3264 κε-

285 3306 559 3376 κλημένον
592 3304 856 3370 διάϐολον,
910 3298 954 3358 ὧ
998 3305 1234 3376 ἀνόητοι,
1277 3301 1605 3370 ἐξακούσατε
1632 3303 1858 3372 ἀναιδῆ,

286 3398 324 3469 ἦ
353 3397 428 3461 ὼς
451 3396 798 3456 διαϐάλλοντα
834 3396 940 3466 (18)
979 3397 1068 3450 τὸν
1102 3393 1388 3468 ἄνθρωπον
1409 3435 1423 3460 ,
1460 3395 1493 3465 ἢ
1525 3394 1600 3458 ὡς
1629 3394 1862 3464 κατήγο-

291 3507 386 3558 ρον
419 3487 526 3541 τῶν
567 3489 1023 3560 ἁμαρτανόντων,
1070 3487 1102 3558 ἢ
1134 3487 1209 3550 ὡς
1241 3487 1570 3558 ἀποστάτην.
1635 3489 1691 3540 '0
1733 3487 1860 3556 γοῦν

285 3578 436 3641 λαὸς,
473 3578 554 3646 ἐφ’
593 3569 652 3629 οὗ
695 3577 908 3648 εἴρηται
947 3579 980 3650 ἡ
1016 3577 1308 3652 περικοπὴε,
1356 3577 1730 3648 παιδευόμενοι
1776 3580 1860 3645 ἐφ’

285 3665 372 3732 οἷς
413 3669 657 3744 ἥμαρτον
702 3668 914 3740 βαρέως
961 3669 1240 3741 φέροντες,
1291 3671 1384 3723 καὶ
1424 3670 1720 3734 στένοντες,
1766 3669 1863 3732 διετ

287 3761 558 3832 γόγγυζον
605 3763 704 3833 τὴν
760 3745 1284 3834 είρημένηνλέξιν·
1336 3763 1418 3815 ὅτι
1457 3762 1525 3816 τά
1585 3763 1684 3833 μὲν
1729 3761 1862 3822 ἄλλα

289 3855 421 3924 ἔθνη
469 3853 886 3926 παρανομοῦντα
930 3857 1010 3914 οὑ⁴
1032 3854 1314 3918 κολάζεται
1344 3896 1357 3919 ,
1399 3856 1552 3908 αὐτοὶ
1599 3855 1656 3908 δὲ
1713 3856 1861 3930 μόνοι

289 3945 424 4016 παρ’
471 3945 675 3999 ἕκαστα
716 3945 1059 4005 κολούονται·
1099 3945 1174 4008 ὡς
1206 3947 1301 3999 καὶ
1342 3946 1608 4017 Ἱερεμίαν
1644 3947 1860 4017 εἰρηκέ-

287 4052 409 4090 ναι·
454 4055 471 4086 ι
508 4035 606 4089 Διά
642 4036 694 4088 τί
737 4036 848 4108 (19)
882 4035 996 4100 ὁδὸς
1035 4035 1245 4090 ἀσεϐῶν
1277 4037 1588 4101 εὐοδοῦται;
1624 4057 1642 4088 ι
1679 4039 1860 4108 ὅμοιον

287 4129 463 4199 τούτῳ
486 4128 546 4181 τὸ
578 4127 726 4200 παρά
756 4128 834 4197 τῷ
863 4128 1116 4199 Μαλαχίᾳ
1137 4129 1199 4184 τὸ
1231 4129 1644 4199 προειρημένον.
1680 4148 1698 4180 ι
1747 4131 1862 4184 Ἀν-

285 4221 560 4290 τέστησαν
585 4219 722 4294 Θεῷ,
745 4219 839 4272 καὶ
865 4218 1171 4289 ἐσώθησαν·
1191 4220 1643 4290 χρηματιζόμενοι
1675 4220 1782 4292 γάρ
1813 4224 1859 4273 οἱ

289 4311 590 4382 προφῆται,
629 4311 689 4362 οὺ
733 4311 892 4381 μόνον
935 4309 1056 4361 τινὰ
1105 4309 1319 4366 ἀκούειν
1345 4309 1558 4378 λέγουσι
1588 4309 1735 4382 παρά
1765 4311 1858 4364 τοῦ

289 4403 448 4468 θεοῦ,
485 4403 619 4456 ἀλλά
650 4403 926 4462 καὶαύτοὶ
965 4402 1364 4472 διαγγέλλοντες
1393 4401 1692 4462 δείκνυνται
1721 4405 1858 4456 κατά

1965 3215 2045 3272 cis
2065 3214 2398 3286 propheticis
2428 3214 2711 3282 decet-ptas
2743 3213 3126 3278 dictiones,.et-
3146 3213 3286 3268 male
3311 3228 3538 3268 consar-

1963 3309 2193 3372 cinatas,
2239 3321 2361 3377 quae
2407 3305 2694 3376 allegorice
2733 3306 3048 3360 dictaisunt
3099 3313 3356 3375 tanquam
3394 3315 3540 3360 recto

1963 3399 2129 3452 ductu
2161 3406 2216 3452 et
2233 3398 2367 3454 citra
2400 3400 2626 3468 ﬁguram
2660 3397 2801 3452 dicta
2835 3405 3127 3452 sumentes.
3171 3395 3368 3452 Dicunt
3394 3399 3537 3452 enim

1963 3490 2222 3556 scriptum
2275 3503 2436 3542 esse:
2474 3506 2492 3538 ι
2547 3485 2656 3542 1)εο
2709 3488 3044 3550 restiterunt,
3101 3499 3155 3542 et
3222 3487 3357 3542 salvi
3409 3485 3536 3540 facti

1962 3591 2090 3636 sunt
2124 3582 2146 3620 ⁸
2181 3599 2193 3633 :
2229 3597 2247 3632 ι
2285 3580 2362 3634 illi
2393 3588 2573 3634 autem
2609 3598 2628 3631 ι
2667 3579 2776 3635 Deo
2807 3581 3104 3650 impudenti
3143 3600 3162 3632 ι
3199 3579 3438 3646 addunt;
3487 3589 3542 3636 et

1963 3671 2066 3727 hoc
2089 3671 2366 3740 eloquium
2415 3680 2671 3740 tanquam
2705 3672 2994 3726 consilium
3033 3679 3360 3742 praeceptum
3393 3672 3542 3726 acci-

1960 3763 2117 3833 piunt
2141 3783 2154 3818 :
2183 3773 2238 3818 et
2257 3764 2360 3818 hoc
2385 3763 2450 3822 ad
2478 3763 2714 3820 salutem
2739 3763 2989 3818 conferre
3027 3765 3364 3831 existimant,
3391 3764 3534 3834 quod

1960 3856 2204 3910 Creatori
2230 3855 2502 3913 resistant.
2523 3854 2612 3912 .At
2646 3873 2664 3906 ι
2690 3851 2990 3924 impudenti
3019 3875 3036 3907 ι
3074 3857 3294 3926 quidem
3321 3874 3340 3908 ι
3364 3854 3530 3918 Deo,»

1961 3967 2070 4006 non
2115 3959 2198 4006 est
2242 3951 2524 4020 scriptum.
2585 3947 2642 4004 Si
2693 3957 2874 4007 autem
2924 3951 3005 4006 sic
3057 3965 3276 4021 quoque
3317 3949 3534 4018 habeat,

1961 4059 2108 4109 eum,
2143 4044 2238 4112 qui
2262 4053 2490 4100 vocatus
2510 4053 2593 4100 est
2617 4044 2886 4110 diabolus,
2934 4044 3216 4114 intelligite
3247 4042 3534 4114 impuden-

1961 4147 2125 4192 tem:
2163 4137 2248 4192 vel
2295 4138 2440 4208 quod
2492 4135 2765 4192 hominem
2817 4137 3110 4192 calumniis
3155 4137 3394 4206 impetat.
3455 4135 3536 4190 vel

1959 4230 2103 4300 quod
2157 4239 2375 4286 accuset
2419 4239 2769 4299 peccatores,
2829 4229 2913 4283 vel
2961 4227 3105 4298 quod
3149 4227 3221 4283 sit
3265 4235 3534 4296 apostata.

1959 4319 2200 4391 Populus
2243 4337 2392 4392 ergo,
2443 4321 2511 4376 de
2559 4336 2669 4391 quo
2701 4322 2808 4375 hoc
2837 4321 3038 4375 dictum
3069 4329 3172 4384 est,
3221 4333 3342 4372 cum
3375 4318 3540 4372 casti-

1961 4422 2176 4483 garetur
2217 4423 2434 4482 propter
2479 4427 2577 4466 sua
2619 4420 2860 4480 peccata,
2907 4424 3048 4479 aegre
3101 4407 3334 4462 ferentes
3371 4416 3420 4461 et
3443 4422 3534 4477 ge-

289 4493 671 4566 ἀνθυποφοράν
695 4494 764 4547 τά
793 4495 928 4565 πρὸς
956 4494 1047 4548 τοῦ
1074 4494 1204 4548 λαοῦ
1231 4493 1617 4565 θρυλλοὺμενα,
1650 4495 1724 4558 ὡς
1741 4497 1860 4554 ἐπιέ

1968 4511 2192 4567 mentes,
2245 4501 2329 4556 his
2355 4503 2556 4566 verbis,
2586 4517 2708 4570 quae
2732 4500 2878 4554 dicta
2905 4507 3051 4562 sunt,
3101 4497 3536 4559 murmurabant,

290 4588 579 4659 ζητήματά
625 4604 746 4640 τινα
796 4585 900 4639 ὑπὸ
951 4585 1059 4639 τῶν
1113 4585 1434 4658 ἀνθρώπων
1469 4587 1857 4658 ἀναφέροντες·

1969 4593 2110 4662 quod
2140 4593 2258 4646 alia;
2286 4593 2501 4662 quidem
2530 4601 2714 4662 gentes
2752 4605 2874 4644 cum
2903 4590 3090 4659 inique
3122 4603 3180 4644 se
3209 4598 3398 4659 gerant
3431 4603 3539 4642 non

291 4679 350 4747 ἐξ
385 4673 458 4734 ὧν
481 4681 573 4733 καὶ
602 4681 664 4732 τὸ
691 4679 1042 4750 προκείμενον
1073 4679 1329 4749 τυγχάνει
1352 4665 1531 4750 ῥητόν.
1561 4679 1672 4732 Kal.
1705 4681 1778 4750 μή
1809 4697 1861 4732 τι

1971 4685 2286 4758 puniantur,
2313 4685 2414 4754 ipsi
2443 4694 2628 4738 autem
2657 4683 2712 4736 in
2745 4682 2974 4752 singulis
2999 4689 3294 4748 vexentur;
3319 4679 3454 4736 adeo
3480 4687 3540 4734 ut

290 4775 430 4847 πρὸς
475 4774 696 4837 τούτους
744 4777 774 4828 ὁ
832 4771 1149 4836 Ἀπόστολος
1193 4774 1249 4824 ἐν
1279 4775 1346 4842 τῇ
1391 4771 1862 4843 πρὸςῬωμαίους

1971 4775 2263 4832 Jeremias'
2303 4791 2520 4847 quoque
2567 4775 2829 4834 dixerit:
2877 4781 2904 4825 ἰ
2948 4773 3058 4828 Cur
3109 4773 3196 4828 via
3248 4772 3536 4843 impiorum

369 4917 427 4974 >3
461 4911 519 4964 P.
546 4910 650 4966 528
685 4909 789 4965 BD.
817 4909 1108 4976 POTTER,
1143 4907 1381 4962 441-“!
1405 4907 1512 4978 ΕΙ).
1540 4907 1762 4964 PARIS.
1834 4927 1854 4948 ο

1968 4927 2006 4966 ι.
2035 4911 2281 4976 ι,28;ιιι,
2305 4913 2350 4965 ι.
2475 4909 2718 4966 hGenes.
2749 4924 2792 4978 I,
2811 4908 2910 4978 29;
2947 4923 3022 4974 ιι,
3055 4907 3110 4973 2,
3144 4909 3197 4963 5.
3309 4916 3332 4944 ·
3366 4904 3533 4960 Exod.

290 4983 516 5048 “1,24.
592 4981 618 5021 ά
650 4980 782 5036 Ibid.
815 4997 946 5048 λιιι,
983 4983 1032 5034 1.
1115 4991 1137 5018 ο
1169 4979 1324 5033 Deut.
1371 4995 1443 5044 νε,
1479 4977 1536 5033 5..
1630 4978 1648 5016 ί
1689 4978 1843 5035 Deut.

1968 4999 2041 5049 ιιι,
2076 4983 2162 5036 15.
2245 4985 2268 5022 ε
2303 4981 2530 5038 Malach.
2563 4996 2647 5048 ιιι,
2687 4981 2774 5036 15.

786 5093 885 5148 Cui
919 5110 1062 5147 mare
1087 5092 1295 5164 quidem
1324 5094 1556 5164 pervium

404 5164 582 5219 Pediti
607 5167 732 5230 erit,
763 5175 902 5219 ter-ra
935 5163 1107 5218 autem
1140 5163 1492 5232 nauigabimr.

293 5255 400 5312 Ubi
439 5257 761 5326 scholiastes
803 5257 916 5310 haec
955 5256 1214 5326 adnotat:
1275 5255 1332 5307 '0
1360 5253 1569 5326 Ξέρξης
1630 5255 1720 5307 τὸν
1760 5257 1874 5326 μὲν.

303 5327 692 5395 Ἑλλήσποντον
717 5325 936 5395 ἔχωσεν,
960 5327 1076 5394 1ἠτοι
1117 5324 1281 5395 βατὴν
1318 5325 1419 5394 γῆν
1465 5324 1735 5394 ἐποίησεν,
1763 5324 1858 5377 ’τὸν

263 5373 567 5476 mimihi»;
1197 5373 1620 5476 ‘6aaaag
1699 5373 1862 5465 "ir

293 5469 450 5539 δοτος
487 5463 704 5539 ἱστορεῖ.
755 5463 924 5539 Com.
945 5482 1065 5533 quae
1100 5463 1170 5517 ibi
1203 5466 1426 5539 adnotat
1453 5463 1748 5539 hient-silis?

369 5537 478 5606 (16)
513 5541 577 5591 Ol
605 5533 708 5602 τὰς
735 5536 996 5606 ἱστορίας
1021 5533 1250 5606 συνταξ
1260 5533 1860 5606 .ςν11οι·οιιοιιιεμ1)οιν1ιῃο

295 5610 441 5661 mnia
463 5603 524 5678 'p.
549 5607 674 5670 249,
703 5603 1232 5678 251;!hueydides
1265 5604 1356 5678 li_b.
1388 5618 1460 5664 IV,
1497 5619 1548 5672 p.
1577 5603 1678 5657 156
1703 5622 1716 5670 ;
1742 5603 1856 5656 Ἀι-

301 5672 488 5737 cianus
523 5679 614 5734 lib.
647 5694 700 5739 ν,
735 5692 786 5744 p.
815 5673 934 5738 103,
967 5682 1021 5728 et
1037 5672 1162 5728 alii.
1193 5673 1255 5728 Η.
1287 5672 1549 5744 susurra.

370 5749 478 5818 (17)
519 5743 979 5818 Δείκνιιταίπευς
1009 5744 1172 5814 ὑμῶν
1215 5743 1426 5818 αὐτῶν.
1465 5743 1622 5818 Forte
1653 5743 1860 5818 δείκνυ-

299 5814 388 5874 ται
422 5814 741 5890 πρὸςὺμῶν
783 5814 977 5882 αὐτῶν,
1017 5816 1347 5871 «ostenditur
1394 5829 1422 5868 τι
1471 5815 1622 5870 vobis
1657 5815 1802 5885 ipsis.
1837 5833 1854 5866 ι

1961 5098 2104 5168 Πρὸς
2147 5109 2324 5152 autem
2380 5099 2432 5151 in
2481 5097 2582 5152 hac
2632 5097 3025 5168 significatione
3071 5095 3269 5165 passim
3323 5095 3394 5150 ab
3427 5095 3532 5151 hoc

1965 5165 2150 5221 uestro
2183 5169 2451 5236 usurpari,
2481 5169 2639 5222 docet
2673 5165 2841 5220 Index
2901 5165 3153 5236 Sylburg,

2035 5238 2146 5306 (18)
2196 5239 2290 5306 Ὡς
2319 5233 2744 5292 διαϐάλλοντα.
2789 5233 3036 5306 Justinus
3091 5233 3162 5290 Μ.
3195 5233 3410 5292 ϐοΙιῸισι.
3463 5237 3532 5290 ad

1968 5305 2137 5362 Graec.
2199 5305 2393 5378 p.108
2434 5309 2562 5362 edit.
2607 5305 2783 5363 Oxon.
2811 5325 2822 5359 :
2855 5309 2949 5360 Ὃν
2999 5305 3255 5378 διάϐολον,
3294 5309 3348 5361 αι
3397 5309 3536 5378 θεῖαι

1969 5377 2500 5450 Γραφαὶίκαλοδσιν,
2551 5379 2660 5450 ἀπὸ
2705 5379 2822 5450 τῆς
2844 5381 3065 5448 πρώτης
3097 5377 3256 5450 αὑτοῦ
3287 5378 3419 5450 πρὸς
3446 5377 3535 5428 τὸν

1970 5447 2064 5520 ἀνθ
2075 5467 2252 5520 ρωπον
2277 5448 2522 5520 διαϐολῆς
2543 5448 2871 5520 eam;er
2895 5447 3262 5520 προσηγορίας
3285 5447 3530 5520 τυχόντα.

1976 5538 1992 5568 ι
2017 5514 2188 5584 Quem
2215 5514 2490 5572 diabolum
2523 5514 2719 5572 divinai
2740 5514 3034 5587 Scriptum
3058 5514 3274 5580 vocant,
3304 5531 3335 5571 a
3353 5514 3534 5587 prima

1970 5604 2062 5641 sua
2117 5591 2377 5643 adversus
2429 5589 2697 5640 hominem
2748 5585 3016 5642 cuin—mnia
3057 5596 3110 5642 et
3156 5585 3538 5640 criminatione

1969 5659 2188 5712 nomine
2223 5669 2460 5726 sumpto.
2493 5677 2509 5708 ι

2039 5729 2150 5800 (19)
2191 5728 2292 5782 Διὰ
2325 5725 2398 5782 τί.
2437 5727 2498 5780 Τί
2532 5729 2634 5796 ὅτι,
2660 5725 2858 5784 Jerem.
