3878 6320
494 320 630 376 1145
1168 317 1174 341 ⁸
1687 319 2023 377 CLEMENTI

2115 321 2577 376 ALEXANDRINI’
3537 318 3646 373 ιιιι

487 446 843 508 prosperatur
875 439 941 492 ιῖ
976 457 995 489 ι
1039 439 1185 508 quod
1217 439 1393 495 simile
1418 451 1501 496 est
1529 443 1600 509 ei,
1638 444 1782 512 quod
1806 444 1957 513 prius
1982 443 2018 496 τι

2115 440 2415 511 ιὲπιστολῇ
2465 435 3141 509 ἀποτεινόμενοςξγράφεν
3200 451 3217 485 ι
3269 433 3371 500 Καὶ
3409 433 3477 506 μὴ
3503 436 3646 496 καθὼς

488 528 657 583 latum
700 538 783 584 est
818 546 884 584 ex
915 529 1214 587 Malachia:
1276 550 1294 582 ι
1333 531 1443 587 Deo
1475 534 1810 595 restiterunt,
1840 544 1894 589 et
1921 535 2019 588 sali

2124 516 2127 523 ’
2157 530 2640 601 βλασφημούμεθα,
2671 529 2765 583 καὶ
2800 527 2982 591 καθώς
3006 524 3135 596 φασί
3166 541 3299 597 τινες
3327 526 3459 594 ἡμᾶς
3486 525 3645 593 λέγειν.

491 620 621 674 facti
653 628 801 675 sunt.
837 638 857 672 ι
900 618 1035 676 Nam
1070 625 1345 694 propheta:
1366 625 1626 680 divinitus
1653 624 1921 694 inspirati,
1948 640 2015 677 no

2155 625 2238 677 ὅτι
2265 663 2280 687 ,
2316 624 2636 694 Ποιήσωμεν
2667 621 2734 675 τὰ
2768 621 2911 675 κακὰ
2931 661 2946 684 ,
2989 619 3076 672 ἵνα
3106 618 3228 688 ἔλθῃ
3255 617 3319 670 τὰ
3346 616 3522 684 ἀγαθὰ,
3556 640 3571 670 ι
3593 612 3646 674 ὧν

492 710 670 764 solum
721 726 843 780 quae
872 726 902 765 a
932 710 1043 766 Deo
1072 715 1360 775 audierint,
1410 730 1468 769 se
1508 715 1655 785 loqui
1704 713 2020 782 proﬁtentur

2154 716 2215 768 τὸ
2247 716 2418 787 κρίμα
2444 714 2647 791 ἔνδικόν
2669 717 2848 776 έστινς
2882 707 3039 767 Οὗτοί
3071 714 3201 765 εἰσιν
3223 711 3269 764 oi
3300 709 3429 763 κατὰ
3453 710 3537 780 τὴν
3549 713 3647 766 ἀνά-

493 803 586 853 εριΙ
617 810 669 854 et
693 802 795 870 ipsi
827 804 988 857 etiam
1034 805 1210 859 solent
1250 821 1333 871 ea,
1384 821 1505 876 quae
1534 806 1693 875 vulgo
1720 804 1996 875 jactantur

2152 824 2351 876 γνωσιν
2383 808 2561 877 φωνῆς
2593 807 2729 877 τόνῳ
2767 804 3178 876 διαστρέφοντες
3202 800 3295 865 τὰς
3330 801 3527 873 Γραφὰς
3548 804 3649 873 πρὸς

493 893 712 960 populo,
770 895 1106 964 exceptionis
1156 897 1336 960 modo,
1388 897 1631 963 edicere,
1694 904 1748 951 et
1796 906 2024 965 tanquan

2154 899 2252 963 τὰς
2286 899 2422 963 ίδίας
2448 898 2658 970 ἡδονὰς,
2696 896 2789 950 καί
2818 912 2978 949 τινων
3012 892 3315 966 προσῳδιῶν
3345 891 3433 945 καὶ
3459 893 3652 962 στιγμῶν

492 986 820 1053 quaestiones
852 987 920 1041 ab
946 986 1258 1041 hominibus
1281 998 1455 1042 motas
1477 987 1678 1043 referre
1708 1007 1721 1042 :
1751 989 2023 1056 cujusmoc

2162 991 2447 1062 μεταθέσει
2470 990 2537 1043 τὰ
2572 987 3016 1059 παραγγελθέντα
3050 983 3331 1054 σωφρόνως
3358 999 3414 1036 τε
3439 984 3523 1036 καὶ
3546 1001 3650 1055 συμ-

493 1084 578 1129 est
611 1076 741 1129 illud
769 1076 998 1143 dictum,
1040 1080 1197 1149 cujus
1229 1081 1431 1135 mentio
1458 1080 1570 1150 jam
1602 1078 1743 1134 facta
1770 1089 1871 1136 est.
1910 1079 2024 1137 Nun

2160 1083 2432 1154 φερόντως
2474 1080 2781 1152 βιαζόμενοι
2823 1077 2960 1150 πρὸς
3000 1074 3323 1147 ἡδυπαθείας
3349 1074 3439 1136 τὰς
3466 1072 3649 1127 ἑαυτῶν·

493 1166 621 1235 quid
650 1175 831 1221 autem
858 1168 924 1220 ad
959 1168 1060 1222 ltos
1087 1171 1251 1224 verba
1282 1186 1381 1225 sua
1411 1171 1667 1242 dirigens,
1696 1171 1888 1225 scribit
1916 1172 2024 1241 Apo

2166 1194 2185 1227 ι
2226 1176 2287 1229 Ol
2322 1172 2710 1245 παροξύνοντες
2756 1170 2864 1242 (20)
2893 1169 2985 1223 τὸν
3017 1168 3148 1222 Θεὸν
3182 1169 3292 1230 τοῖς
3332 1164 3494 1233 λόγοις
3522 1164 3652 1235 ὑμῶν,

494 1260 665 1313 stolus
719 1260 774 1315 iu
824 1258 1062 1330 Epistola
1113 1262 1180 1317 ad
1231 1262 1550 1318 Romanos:
1600 1283 1619 1315 ι
1655 1263 1722 1318 Ει
1768 1279 1875 1318 non
1918 1266 2025 1319 sicu

2158 1271 2188 1322 6
2214 1266 2495 1337 Μαλαχίας
2520 1265 2673 1336 φησὶ,
2708 1265 2803 1318 καὶ
2822 1261 3034 1319 εἴπατε·
3077 1260 3165 1313 Ἐν
3193 1257 3295 1311 τίνι
3324 1255 3652 1329 παρωξύναμεν

491 1350 956 1421 blasphemamur,
1011 1364 1065 1408 et
1110 1355 1251 1409 sicut
1278 1355 1462 1410 dicunt
1491 1354 1657 1426 aliqui
1689 1369 1788 1409 nos
1820 1360 1879 1418 »Β
1909 1353 2022 1408 dice

2162 1359 2359 1424 αὑτόν;
2415 1359 2503 1411 Ἐν
2535 1358 2614 1430 τῷ
2642 1357 2821 1425 λέγειν
2851 1356 3024 1426 ὑμᾶς’
3079 1352 3195 1415 Πᾶς
3231 1352 3259 1403 6
3290 1348 3447 1402 ποιῶν
3476 1346 3653 1419 πονηρὸν

493 1458 551 1495 re
587 1460 598 1495 :
635 1441 922 1498 Faciamus
946 1445 1110 1506 mala,
1140 1454 1199 1500 ut
1235 1446 1486 1500 eveniant
1515 1445 1680 1512 bona,
1712 1460 1942 1516 quorum
1969 1445 2024 1514 jn

2163 1449 2364 1518 ἀγαθὸς
2408 1448 2634 1503 ἐνώπιον
2671 1447 2897 1520 Κυρίου,
2947 1444 3041 1498 καὶ
3073 1446 3132 1497 ὲν
3172 1442 3344 1504 αὐτοῖς
3390 1438 3650 1511 ηὐδόκησεν·

494 1545 575 1587 sta
610 1536 1000 1592 est'damnatio
1029 1538 1095 1591 1’?
1132 1557 1152 1589 ι
1193 1536 1234 1591 li
1264 1545 1411 1603 sunt,
1457 1538 1551 1606 qui
1572 1538 1728 1606 Linter
1775 1538 2025 1607 lcgendur

1832 1538 2056 1607 gendum
2166 1541 2260 1594 καὶ
2292 1540 2391 1594 ποῦ
2426 1539 2571 1594 ἔστιν
2603 1541 2632 1593 6
2663 1539 2795 1601 Θεὸς
2823 1538 2921 1609 τῆς
2949 1533 3316 1605 δικαιοσύνης
3346 1552 3363 1584 ³

493 1635 626 1680 tono
647 1629 795 1683 vocis
820 1638 1140 1697 pervertunt
1176 1628 1485 1699 Scripturas
1526 1628 1592 1683 ad
1646 1630 1893 1699 proprias
1931 1631 2258 1700 voluptates,
2303 1641 2356 1687 et
2408 1632 2767 1701 quorumdam
2796 1629 2956 1699 19o
2980 1635 3298 1682 accentuum
3327 1635 3379 1680 et
3395 1632 3654 1695 punctorum

492 1719 939 1787 transpositione,
967 1735 1089 1791 qua:
1132 1721 1427 1790 prudenter
1491 1728 1545 1775 et
1569 1721 1770 1775 utiliter
1806 1730 2072 1792 prmcepta
2101 1732 2249 1786 sunt,
2281 1724 2347 1777 ad
2377 1739 2506 1778 suas
2545 1724 2769 1777 trahunt
2801 1720 3043 1774 delicias.
3089 1736 3110 1768 ι
3150 1716 3253 1783 Qui
3284 1715 3490 1771 irritatis
3533 1713 3655 1768 Deum

492 1813 833 1868 sermonibus
889 1815 1104 1879 vestris,
1146 1834 1163 1866 ι
1198 1814 1374 1885 inquit
1425 1814 1743 1879 Malacliias,
1796 1835 1812 1866 ι
1851 1824 1906 1870 et
1934 1817 2139 1876 dicitis.
2172 1818 2225 1871 in
2259 1832 2495 1887 quonam
2544 1831 2669 1871 eum
2709 1811 3089 1869 irritavimus?
3138 1810 3272 1865 Dum
3326 1824 3416 1862 vos
3462 1807 3610 1861 dicitis
3644 1823 3655 1857 :

491 1903 816 1972 Quicunque
839 1904 962 1958 facit
997 1906 1199 1959 malum
1226 1945 1241 1969 ,
1266 1906 1438 1960 bonus
1460 1915 1545 1961 est
1565 1921 1747 1960 coram
1768 1905 2023 1973 Domino,
2049 1918 2103 1963 et
2126 1909 2240 1977 ipse
2263 1909 2333 1962 .in
2363 1907 2444 1963 eis
2474 1906 2831 1977 complacuit;
2883 1914 2936 1960 et
2956 1904 3048 1959 ubi
3079 1912 3165 1959 est
3188 1902 3328 1957 Deus
3351 1900 3548 1970 iustitia
3569 1900 3617 1953 τί
3640 1918 3655 1948 ι

1929 2021 2156 2078 CAPUT
2221 2022 2285 2078 V.

637 2131 748 2189 Duo
776 2148 962 2202 genera
995 2133 1361 2189 [imreticorum
1391 2144 1572 2188 notat:
1605 2138 1752 2204 prius
1783 2137 1996 2191 illorum
2024 2140 2113 2207 qui
2143 2140 2319 2192 omnia
2348 2139 2586 2191 omnibus
2608 2112 2763 2192 licere
2787 2138 3159 2208 pronuntiant,
3188 2152 3317 2206 quos
3348 2134 3540 2204 refutat.

560 2246 638 2301 Ne
665 2262 792 2319 ergo
824 2247 969 2302 hunc
1013 2247 1192 2302 locum
1241 2264 1420 2318 ungue
1458 2250 1690 2320 amplius
1734 2248 2050 2315 fodicantes,
2087 2264 2091 2316 ς

2226 2250 2322 2302 "lv‘
2367 2245 2462 2303 οὖν
2511 2248 2619 2320 (2|)
2661 2248 2767 2320 μὴ,
2802 2247 3078 2302 ὲπιπλείον
3124 2245 3445 2318 ὀνυχίζοντες
3479 2244 3659 2315 (Ξὶμδν

488 2341 727 2410 plurium
761 2340 1123 2395 absurdarum
1156 2341 1441 2395 haaresium
1471 2342 1910 2408 meminerimus;
1962 2359 2019 2397 ne

2160 2343 2343 2407 τόπον,
2403 2341 2660 2395 πλειόνων
2706 2341 2918 2395 ἀτόπων
2964 2340 3231 2413 αἱρέσεων
3283 2336 3658 2408 ὲπιμεμνήμεθα,

490 2447 682 2484 rursus
705 2429 832 2483 dum
868 2430 921 2483 in
953 2430 1181 2499 singulis
1211 2430 1471 2485 adversus
1508 2445 1945 2502 unamquamque
1979 2434 2021 2485 (li

2163 2435 2285 2505 μηδ’
2335 2428 2401 2487 αὖ
2444 2433 2566 2487 καθ’
2610 2414 2845 2504 ἑκάστην
2884 2432 3060 2486 αὐτῶν
3098 2430 3275 2500 λέγειν
3319 2429 3445 2502 πρὸς
3478 2428 3658 2497 ἑκάστην

489 2537 614 2578 cere
661 2537 884 2576 necesse
940 2522 1225 2582 habemus.
1273 2533 1559 2590 propterea
1604 2524 1810 2591 pudore
1851 2524 2020 2580 allicia

2161 2523 2610 2594 ἀναγκαζόμενοι,
2633 2522 3012 2595 αἰσχυνώμεθα
3034 2540 3093 2575 τε
3129 2524 3216 2577 ἐπ’
3245 2521 3436 2584 αὐτοῖς,
3492 2521 3569 2574 καὶ
3594 2521 3659 2573 ἐπὶ

493 2630 634 2673 nmr.
683 2622 734 2666 et
782 2614 945 2667 nimis
988 2615 1226 2683 prolixos
1275 2614 1377 2668 hos
1420 2612 1685 2669 faciamus
1729 2625 2024 2670 commenta

2165 2617 2427 2688 μήκιστον
2482 2615 2550 2668 τὰ
2601 2615 2966 2686 ὑπομνήματα
3013 2614 3374 2685 προάγωμενο
3423 2612 3555 2684 φέρε,
3602 2613 3661 2673 εἰς

491 2706 623 2770 rios,
663 2722 763 2774 age
793 2705 846 2758 in
881 2705 988 2759 duo
1009 2704 1308 2759 dividentes
1356 2719 1547 2760 omnes
1577 2706 1835 2770 haereses,
1871 2708 1948 2762 eis
1978 2723 2022 2761 re

2160 2705 2253 2758 δύο
2295 2705 2557 2770 διελόντες
2589 2706 2886 2782 πράγματα
2915 2706 3135 2770 ἁπάσας
3170 2704 3268 2769 τὰς
3300 2705 3531 2777 αἱρέσεις,
3557 2704 3660 2755 ἀπο-

489 2795 880 2864 spondeamus.
933 2794 1041 2850 Aut
1085 2795 1229 2849 enim
1274 2795 1472 2850 docent
1518 2795 1806 2852 indiscrete
1835 2799 2015 2853 vivere

2160 2797 2471 2870 κρινώμεθα
2512 2798 2724 2860 αὐτοῖς·
2768 2798 2802 2868 ἢ
2854 2797 2962 2871 γάρ
3002 2814 3082 2851 τοι
3125 2796 3420 2868 ἀδιαφόρως
3447 2796 3531 2866 ζῇν
3554 2790 3660 2847 διδά-

488 2896 585 2944 aut
633 2888 852 2942 modum
906 2888 1251 2954 excedentes,
1304 2904 1401 2958 per
1442 2888 1770 2959 impietatem
1801 2900 1852 2946 et
1877 2893 2019 2947 odiut

2162 2906 2400 2952 σκουσιν,
2447 2890 2503 2959 ἢ,
2554 2889 2614 2942 τὸ
2654 2889 2949 2959 ὑπέρτονον
2991 2888 3247 2956 ἄγουσαι,
3286 2888 3570 2959 ἐγκράτειαν
3596 2882 3659 2937 διὰ

489 2978 817 3047 profitentur
856 2979 1269 3035 continentiam.
1311 2980 1470 3036 Prius
1514 2996 1693 3039 autem
1724 2985 2020 3039 tractandut

2160 2979 2471 3043 δυσσεϐείας
2526 2980 2620 3033 καὶ
2682 2979 3228 3052 φιλαπεχθημοσύνης
3282 2978 3656 3048 καταγγέλλουσι.

487 3081 571 3125 est
612 3071 680 3126 de
731 3073 906 3143 prima
955 3080 1127 3144 parte.
1170 3072 1325 3139 Quod
1360 3075 1405 3128 si
1431 3076 1711 3144 quodlibet
1745 3079 1867 3132 vitae
1892 3094 2018 3147 gent

2161 3069 2426 3140 Πρότερον
2456 3070 2514 3123 δὲ
2553 3070 2679 3141 περὶ
2708 3070 2803 3123 τοῦ
2852 3071 3122 3143 προτέρου
3152 3070 3461 3143 διαληπτέον
3487 3069 3661 3139 τμήμα-

489 3163 618 3220 licet
651 3163 872 3234 eligere,
903 3173 1015 3218 tum
1051 3179 1170 3219 eam
1204 3165 1409 3221 scilicet
1441 3167 1601 3221 etiam
1636 3168 1780 3232 licet,
1828 3185 1950 3238 quae
1978 3185 2020 3223 es

2159 3176 2277 3223 τος*
2312 3162 2361 3213 εί
2395 3162 2569 3215 πάντα
2601 3159 2805 3225 ἔξεστιν
2838 3160 3051 3217 ἑλέσθαι
3117 3161 3262 3232 βίον,
3305 3161 3450 3232 δῆλον
3485 3159 3552 3211 ὅτι
3578 3154 3660 3225 (23)

495 3256 782 3311 continens
811 3275 825 3309 :
859 3264 915 3311 et
937 3257 982 3311 si
1005 3257 1212 3312 electus
1244 3267 1355 3312 tute
1382 3259 1576 3326 poterit
1619 3260 1897 3328 quodlibet
1942 3260 2026 3314 vit:

2161 3252 2255 3304 καὶ
2284 3251 2374 3305 τὸν
2406 3253 2522 3322 μετ’
2562 3253 2912 3323 ὲγκρατείας’
2960 3253 3053 3306 καὶ
3090 3255 3143 3306 εί
3171 3254 3277 3316 πᾶς
3312 3251 3418 3322 βίος
3444 3247 3661 3309 ἀκίνδυνος

491 3362 662 3417 genus
687 3348 906 3411 sectari,
934 3347 1282 3404 manifestum
1312 3363 1396 3404 εει
1419 3365 1560 3415 eam,
1612 3366 1734 3419 quae
1762 3359 2022 3420 temperar

2161 3344 2435 3415 ἐκλεκτῷ,
2484 3345 2640 3416 δῆλον
2685 3346 2767 3398 ὅτι
2808 3346 2943 3417 μετὰ
2981 3345 3186 3418 ἀρετῆς
3230 3346 3323 3398 καὶ
3377 3339 3660 3412 σωφροσύνης

492 3448 575 3494 ter
600 3449 654 3494 et
678 3440 977 3495 secundum
1029 3441 1284 3495 virtutem
1309 3442 1508 3511 agitur,
1547 3443 1708 3513 longe
1734 3443 2023 3498 tutissimat

2161 3436 2293 3490 πολὺ
2323 3436 2518 3507 μᾶλλον
2550 3435 2825 3499 ἀκίνδυνος
2845 3453 2858 3467 ·
2893 3435 3142 3506 δοθείσης
3175 3436 3281 3508 γὰρ
3311 3433 3534 3499 ἐξουσία-ς
3562 3449 3577 3481 ί
3605 3426 3660 3497 τῷ

491 3545 630 3585 esse.
667 3527 803 3584 Nam
833 3545 957 3586 cum
997 3553 1014 3583 ‹
1050 3531 1271 3587 domino
1299 3532 1534 3597 sabbati,
1575 3551 1595 3585 ι
1626 3533 1841 3588 etiamsi
1868 3533 2022 3589 intem

2161 3523 2336 3595 κυρίῳ
2377 3522 2471 3577 τοῦ
2519 3523 2808 3588 σαϐϐάτου,
2868 3544 2887 3576 ι
2941 3525 3094 3597 εἴπερ
3153 3525 3450 3588 ἀκολάστως
3494 3521 3657 3592 βιῶσαι,

491 3631 745 3691 peranter
771 3623 940 3687 vivat,
970 3624 1116 3678 nulla
1143 3626 1282 3679 ratio
1313 3624 1584 3680 reddenda
1613 3622 1703 3690 sit,
1735 3625 1907 3679 multo
1939 3639 2022 3678 rna

2161 3616 2445 3670 ἀνεύθυνον
2472 3613 2631 3680 εἶναι,
2661 3616 2838 3689 πολλῷ
2869 3617 3067 3688 μᾶλλον
3089 3620 3123 3671 6
3150 3617 3384 3689 κοσμίως
3405 3612 3660 3669 πολιτευσά-

491 3714 574 3785 gis
605 3715 699 3784 qui
729 3714 892 3769 vitam
920 3717 1196 3772 moderate
1219 3726 1272 3773 et
1302 3725 1594 3787 temperate
1627 3717 1880 3783 instituit,
1923 3716 2022 3770 nul}

2159 3725 2317 3779 μενος
2344 3709 2441 3778 οὐχ
2468 3707 2760 3772 ὑπεύθυνος
2790 3709 2956 3761 ἔσται.
2987 3727 3005 3759 ι
3033 3709 3222 3761 Πάντα
3251 3709 3345 3779 μὲν
3364 3706 3464 3776 γὰρ
3480 3703 3656 3769 ἔξεστιν.

490 3807 595 3859 erit
632 3807 827 3861 rationi
879 3809 1163 3865 reddenda:
1204 3810 1492 3865 obnoxius.
1541 3829 1558 3859 ι
1593 3807 1788 3864 Omnia
1814 3811 1956 3863 enim
1988 3810 2021 3863 li

2159 3801 2273 3855 ἀλλ’
2307 3802 2366 3855 οὐ
2399 3803 2575 3855 πάντα
2599 3803 2885 3873 συμφέρει,
2922 3821 2941 3853 ι
2974 3802 3141 3873 φησὶν
3168 3802 3197 3854 6
3225 3798 3534 3875 ’Δπόστολος.
3558 3793 3660 3847 Εἰδὲ

493 3907 636 3962 cent,
690 3899 783 3953 sed
823 3914 930 3953 non
969 3902 1150 3955 omnia
1171 3902 1463 3971 expediunt
1488 3901 1540 3963 ἀ,
1582 3921 1599 3952 ι
1637 3902 1712 3955 ait
1738 3901 2024 3971 Apostolus

2156 3896 2249 3949 καὶ
2272 3893 2660 3963 πάνταξέξεστι,
2690 3893 2846 3964 δῆλον
2873 3895 2953 3947 ὅτι
2987 3893 3162 3946 καὶτὸ
3180 3892 3473 3962 σωφρονεῖν.
3501 3887 3660 3953 ’Ὠσπερ

493 3985 648 4053 Quod
673 3990 720 4043 si
748 3990 930 4044 omnia
960 3992 1147 4056 licent,
1196 3970 1445 4047 videlicet
1472 3970 1808 4046 moderatum
1839 4008 2020 4062 quoqu

2156 3984 2249 4041 οὖν
2278 3990 2308 4041 6
2337 3990 2401 4059 τῇ
2436 3986 2652 4058 ἐξουσίᾳ
2684 3988 2763 4048 είς
2792 3986 2855 4038 τὸ
2882 3986 2999 4039 κατ’
3033 3984 3237 4057 ἀρετὴν
3268 3982 3451 4054 βιῶσαι
3476 3991 3661 4049 συγκρη-

493 4094 615 4134 esse
654 4090 709 4136 et
748 4092 1161 4146 temperantem.
1221 4083 1686 4150 Quemadmodum
1732 4099 1863 4156 ergo
1901 4084 1947 4140 is
1972 4099 2024 4139 es

2158 4079 2389 4150 σάμενος
2417 4078 2713 4144 έπαινετδς,
2747 4076 2886 4130 οὕτω
2906 4076 3037 4130 πολὺ
3074 4076 3275 4147 μᾶλλον
3296 4076 3324 4128 6
3346 4071 3435 4142 τὴν
3462 4068 3656 4133 ἐξουσίαν

432 4164 435 4171 ’
492 4170 821 4236 laudandus,
849 4174 940 4243 qui
982 4175 1229 4231 libertate
1268 4191 1366 4231 sua
1410 4190 1541 4229 usus
1571 4176 1739 4230 estad
1770 4177 1960 4231 vivend

2164 4172 2295 4243 ἡμῖν
2321 4168 2564 4233 δεδωκὼς
2593 4168 2880 4240 ἐλευθέραν
2921 4168 3014 4221 καὶ
3054 4167 3278 4239 κυρίαν,
3313 4164 3400 4219 καὶ
3430 4159 3657 4231 συγχωρή-

492 4278 560 4316 ex
590 4264 787 4318 virtute
821 4282 834 4317 :
871 4264 943 4317 ita
971 4265 1141 4319 multo
1172 4267 1368 4341 magis
1422 4271 1513 4338 qui
1565 4270 1709 4324 dedit
1735 4271 1893 4324 nobis
1936 4268 2023 4324 libi

2165 4281 2264 4328 σας
2292 4266 2424 4335 ἡμῖν
2458 4261 2602 4332 βιοῦν
2627 4262 2702 4326 ὼς
2735 4260 3050 4331 βουλόμεθα,
3079 4260 3275 4331 σεμνὸς
3301 4257 3390 4311 καὶ
3418 4266 3659 4326 προσκυνηο

492 4368 611 4407 ram
637 4355 811 4409 nostri
843 4340 1182 4425 potestatem,
1214 4367 1269 4414 et
1289 4361 1560 4415 concessit
1604 4362 1780 4416 vivere
1809 4370 1869 4415 ut
1899 4362 2023 4415 velle

2160 4357 2272 4419 τὸς,
2310 4356 2383 4427 μὴ
2416 4355 2577 4417 ἐάσας
2603 4353 2866 4408 δουλεύειν
2898 4352 3057 4424 ἡμῶν
3088 4351 3227 4405 κατὰ
3257 4349 3481 4417 ἀνάγκην
3506 4340 3654 4421 τὰςαὶ·

494 4460 636 4508 mtts,
678 4455 762 4501 est
790 4447 1129 4502 venerandus
1168 4457 1221 4503 et
1251 4448 1583 4513 adorandus,
1619 4449 1763 4519 quod
1796 4464 1902 4502 non
1934 4464 2025 4518 per

2163 4450 2339 4521 ρέσεις
2372 4449 2464 4503 καὶ
2489 4448 2588 4511 τὰς
2625 4446 2823 4516 φυγάς.
2859 4447 2921 4499 El
2950 4445 3007 4500 δὲ
3038 4446 3100 4499 τὸ
3132 4444 3283 4507 ἀδεὲς
3311 4443 3541 4513 ἑκάτερος
3556 4435 3653 4506 ἔχει,

495 4539 725 4602 miserit,
762 4549 820 4595 ut
864 4550 1049 4596 nostra
1077 4543 1269 4599 electio
1290 4552 1343 4599 et
1379 4542 1565 4597 vitatio
1586 4544 1839 4614 cuiquam
1869 4559 2026 4599 neces

2124 4545 2189 4610 »ὅ
2221 4560 2281 4596 τε
2318 4541 2581 4614 ἀκρασίαν
2626 4541 2653 4593 ὃ
2683 4556 2744 4593 τε
2780 4539 3100 4610 ἐγκράτειαν
3140 4536 3412 4607 ἐλόμενος,
3459 4528 3571 4585 ἀλλὰ
3612 4522 3655 4576 τὺ

494 4632 643 4687 sario
668 4633 912 4688 serviret.
959 4632 1015 4690 Si
1050 4642 1134 4690 est
1166 4644 1344 4689 autem
1379 4644 1605 4705 uterque
1629 4651 1781 4705 aeque
1807 4650 2025 4692 securus

2158 4635 2372 4705 σεμνὸν,
2406 4633 2501 4705 οὐχ
2531 4633 2735 4703 ὅμοιον.
2782 4631 2839 4686 '0
2873 4631 2970 4702 μὲν
3001 4629 3110 4701 γὰρ
3127 4630 3205 4691 είς
3235 4625 3414 4699 ἡδονὰς
3439 4616 3655 4687 εξοκείλις

492 4732 549 4779 οι
575 4724 668 4794 qui
701 4726 1169 4793 incontinentiam,
1201 4735 1254 4781 et
1279 4727 1370 4797 qui
1396 4727 1785 4780 continentiam
1817 4726 2023 4798 elegerit

2161 4726 2369 4798 σώματι
2399 4725 2696 4798 χαρίζεται,
2733 4726 2762 4778 6
2789 4723 2845 4777 δὲ
2882 4723 3112 4795 σώφρων
3136 4721 3233 4793 τὴν
3260 4718 3443 4791 κυρίαν
3471 4712 3550 4768 τοῦ
3580 4707 3657 4763 σώ-

495 4831 602 4871 non
628 4826 711 4872 est
738 4826 919 4873 tamen
938 4833 1006 4873 ex
1036 4833 1191 4888 aaquo
1239 4818 1521 4873 honestum
1553 4825 1608 4872 et
1632 4817 1912 4872 decorum.
1952 4815 2026 4885 Qu

2164 4835 2330 4889 ματος
2362 4817 2537 4888 ψυχὴν
2569 4814 2842 4887 ἐλευθεροῖ
2872 4814 2981 4868 τῶν
3008 4813 3217 4867 παθῶν.
3250 4810 3363 4865 Κᾶν
3390 4809 3467 4862 ἐπ’
3487 4800 3651 4857 ἐλευθε-

493 4905 638 4958 enim
677 4904 900 4987 impegit
948 4906 1001 4961 iu
1049 4907 1374 4977 voluptates,
1420 4906 1752 4977 gratiﬁcatur
1792 4908 2007 4977 corpori

2165 4912 2255 4982 ρέα
2292 4908 2586 4979 κεκλῆσθαι
2611 4906 2839 4977 λέγωσιν
2866 4907 3032 4978 ἡμᾶς,
3070 4906 3232 4977 μόνον
3269 4902 3342 4975 μὴ
3367 4899 3456 4972 τὴν
3488 4889 3653 4987 muas.

497 5004 804 5066 temperans
845 4982 1025 5053 autem
1063 4988 1303 5054 animam
1340 4999 1581 5069 corporis
1619 4999 1894 5054 dominam
1930 4999 2028 5053 libe

2164 4980 2285 5075 ρίαν
2326 5004 2406 5065 είς
2448 5000 2701 5071 ἀφορμὴν
2746 5002 2810 5071 τῇ
2856 4999 3019 5070 σαρκὶ
3049 4997 3389 5069 παρέχωμεν,
3434 4985 3555 5043 κατὰ
3588 4980 3655 5033 τὸν

498 5097 585 5141 rat
634 5103 663 5142 a
703 5090 1217 5158 perturbationibus.
1260 5090 1323 5144 Et
1359 5086 1402 5144 si
1438 5090 1622 5147 dicant
1644 5107 1742 5147 nos
1781 5110 1801 5141 ι
1838 5098 2026 5145 vocato

2174 5091 2516 5146 Ἀπόστολον·
2561 5093 2610 5144 εἰ
2637 5090 2695 5145 δὲ
2726 5088 2990 5161 ἐπιθυμίᾳ.
3015 5086 3318 5159 χαριστέον,
3350 5084 3436 5139 καὶ
3461 5079 3540 5133 τὸν
3561 5075 3656 5128 tm

497 5178 666 5234 fuisse
707 5180 760 5234 in
800 5181 1123 5249 libertatem,
1159 5183 1503 5239 solummodo
1540 5198 1606 5237 ne
1633 5183 1965 5252 praebeamus
1993 5182 2027 5236 li

2162 5184 2419 5236 νείδιστον
2453 5181 2565 5254 βίον
2595 5181 2882 5253 ἀδιάφορον
2906 5180 3159 5253 ἡγητέον,
3180 5179 3254 5241 ὡς
3278 5175 3424 5230 αὐτοὶ
3437 5171 3655 5239 λέγουσιν.

448 5350 453 5356 _
492 5380 546 5419 ῃ
570 5264 987 5423 ἤὸρζδεὲδει).
1011 5298 1425 5363 pommus
1465 5299 1807 5356 soranus.
1838 5315 1864 5344 α
1895 5300 1979 5366 Jer

555 5407 573 5423 ι
692 5385 707 5423 ἶ
750 5384 807 5423 Χ.
901 5410 916 5423 .

2127 5316 2230 5360 xu,
2257 5300 2306 5352 l.
2400 5296 2430 5337 δ
2461 5297 2619 5353 Rom.
2654 5313 2737 5355 tu.
2775 5296 2828 5352 8.
2905 5308 2928 5335 ε
2960 5296 3185 5353 Malach.
3234 5291 3402 5359 11,17.
3466 5282 3650 5339 dlCor.

567 5479 1180 5556 (20)_Ilapo£z_irorts¢.
1229 5482 1636 5556 Παροξύναντες
1668 5484 1920 5556 ΜιιΙιιειιη
1968 5484 2057 5556 ubi

2239 5482 2354 5556 (22)
2395 5480 2810 5556 Ὁτςυχίζογτες.
2850 5479 2906 5556 ld
2926 5461 3651 5556 Δεειῂἀκριῦολογοῦντεςᾎ

495 5548 745 5631 ιιιιιχ,’ὲν
777 5548 1228 5631 τοζςλογςλόέίιι,
1260 5548 1422 5608 καλὸν
1455 5555 1683 5609 ἐνώπιον
1711 5555 1932 5627 Κυρίου,
1969 5572 2026 5607 κο

2168 5548 2691 5631 εγοΙιίιιῇ-’ίξνυχιεῇ
2716 5548 3276 5631 ἐπιμελῶς-ἐξετάσει.
3323 5548 3445 5598 Hinc
3472 5548 3653 5609 prover-

497 5624 553 5673 ἐν
583 5623 771 5693 αὐτοῖς
802 5614 965 5693 αὐτὸς
997 5614 1275 5693 εὐδόκησε.
1802 5614 1813 5627 ’
1924 5614 1954 5693 έ

1924 5614 1954 5693 ⁷ῌ
2168 5614 2683 5693 ΙιῖιιηινἘξμὸνυὶος,
2716 5614 2906 5693 Latine
2941 5640 2960 5670 ι
2983 5614 3069 5693 ad
3090 5632 3338 5693 unguem.
3370 5632 3385 5665 ι

568 5671 647 5757 (si
660 5671 680 5760 ι
694 5671 961 5763 λῆθ’ὸῦνῖ
978 5671 1472 5763 ζέιὲἱῂἔῂξὲήιιεθα.
1495 5694 1774 5755 Usitatins.
1809 5696 1871 5746 ἵν’
1898 5689 2002 5748 οὖν.
2019 5732 2056 5745 ..

2168 5671 2197 5763 ξ
2232 5671 2349 5760 ιιι)
2374 5671 2929 5759 langventis}.
2963 5671 3085 5745 an.
3126 5671 3401 5758 caninae
3431 5671 3651 5748 δηλονάτίυ

495 5762 656 5827 imus
666 5761 939 5827 μνώμεθα.
976 5760 1236 5818 Sustine.
1293 5760 1318 5763 ’⁷
1772 5792 1781 5800 ’

895 5781 939 5818 ιι.
976 5760 1236 5818 Sustine.
1293 5760 1318 5763 ”’
1772 5792 1781 5800 ~
2171 5760 2426 5817 Summa.
