3938 6302
222 337 366 392 Ηιό
1491 336 1768 392 STROM‘A

1880 337 1920 391 Μ
1960 335 2086 390 LIB.
2128 335 2215 391 111.
3336 333 3474 387 1146

217 456 337 526 ἦτοι
356 455 532 508 πάντα
562 457 681 518 ταῖς
709 455 1028 526 ἐπιθυμίαις
1052 459 1304 510 πειστέον
1333 459 1425 510 καὶ
1455 461 1502 510 εί
1523 458 1701 522 τοῦτο,
1728 476 1771 511 τι

1903 460 2185 522 bertatem,
2247 459 2301 511 in
2347 457 2690 512 occasionem
2741 456 2982 520 carnia,
3019 475 3038 507 ι
3094 469 3157 510 ex
3205 451 3470 508 sententia

213 546 591 616 ἀσελγέστατα
615 550 708 602 καὶ
732 547 1066 603 ἀνοσιώτατα
1095 552 1371 623 πρακτέον
1394 552 1626 614 ἅπαντα,
1667 554 1771 606 Erro

1895 551 2162 620 Apostoli.
2205 549 2263 605 Si
2293 559 2474 605 autem
2519 549 2805 620 cupiditati
2834 559 2913 605 est
2944 546 3381 617 obsequendum,
3419 553 3472 599 et

216 641 417 708 μένους
453 642 566 703 τοῖς
608 640 991 694 ἀναπείθουσιν
1027 644 1203 713 ἡμᾶς’
1254 642 1286 712 ἢ
1329 643 1436 697 τῶν
1485 644 1771 715 ἐπιθυμιῶι

1893 657 2012 712 quae
2057 641 2318 712 probrosa
2361 649 2446 697 est
2503 650 2558 696 et
2601 640 2778 711 turpis
2821 640 2930 694 vita
2960 649 3220 710 tanquam
3262 634 3470 691 indit'l‘e-

213 748 370 794 τινας
402 731 776 802 ἐκκλινοῦμεν,
828 733 922 788 καὶ
955 735 1056 787 οὐκ
1088 735 1168 787 ἐτι
1208 735 1512 807 ἀδιαφόρως
1546 733 1788 805 βιωτέον.

211 825 335 878 οὐδὲ
389 825 614 896 ἀναίδην
661 826 972 881 δουλευτέον
1013 830 1125 892 τοῖς
1169 829 1516 899 ἀτιμοτάτοις
1568 829 1792 902 μέρεσιν

213 917 394 987 ἡμῶν,
440 919 639 989 γαστρὶ
697 921 792 972 καὶ
851 920 1110 985 αἰδοίοις,
1172 921 1240 973 δι’
1291 920 1584 989 ἐπιθυμίαν
1639 920 1791 974 κολα-

211 1011 483 1064 κευόντων
529 1009 622 1063 τὸν
667 1011 933 1081 ἡμέτερον
969 1012 1161 1083 νεκρόν
1193 1011 1322 1082 (24).
1370 1013 1644 1083 Τρέφεται
1679 1011 1789 1083 γάρ

209 1101 308 1153 καὶ
341 1099 679 1164 ζωοποιεῖται
712 1101 1102 1174 διακονουμένη
1143 1104 1225 1166 είς
1267 1103 1567 1157 ἀπόλαυσιν
1602 1101 1788 1156 ἐπιθυ-

213 1192 346 1263 μία,
377 1192 626 1266 καθάπερ
665 1194 897 1266 ἔμπαλιν
929 1195 1256 1268 κολουομένη
1291 1196 1628 1268 μαραίνεται.
1662 1194 1789 1258 Πῶς

206 1283 268 1338 δέ
295 1287 413 1339 ἐστι
432 1285 674 1350 δυνατὸν,
711 1288 1011 1358 ἡττηθέντα
1031 1288 1139 1342 τῶν
1165 1288 1261 1342 τοῦ
1289 1288 1538 1360 σώματος
1561 1285 1783 1360 ἡδονῶν,

209 1376 586 1447 ἐξομοιοῦσθαι
616 1379 694 1450 τῷ
736 1381 945 1452 Κυρίῳ,
988 1382 1021 1453 ἡ
1076 1380 1274 1450 γνῶσιν
1301 1381 1444 1451 ἐχειν
1475 1379 1650 1445 Θεοῦ;
1680 1378 1795 1433 Πά-

209 1486 314 1540 σης
335 1471 442 1543 γὰρ
474 1472 666 1545 ἡδονῆς
695 1473 958 1546 ἐπιθυμία
985 1476 1280 1547 κατάρχει·
1317 1474 1581 1546 ἐπιθυμία
1611 1473 1668 1527 δὲ
1694 1472 1787 1526 λύ-

209 1580 286 1632 πη
333 1580 414 1626 τις
469 1565 562 1618 καὶ
601 1567 842 1638 φροντὶς,
889 1567 956 1620 δι⁹
1005 1566 1213 1622 ἔνδειαν
1263 1567 1568 1640 όρεγομένη
1619 1567 1782 1629 τινός.

213 1655 367 1708 ’Ὠστ’
405 1657 504 1712 οὐκ
534 1657 662 1711 ἄλλο
691 1660 743 1712 τί
775 1677 864 1730 μοι
895 1659 1144 1714 δοκοῦσιν
1181 1661 1233 1713 oi
1270 1660 1458 1714 τοῦτον
1483 1662 1782 1730 ,ἐπανῃρη-

209 1747 364 1816 μένοι
390 1748 481 1803 τὸν
514 1752 734 1823 τρόπον,
767 1751 878 1804 ἀλλ’
908 1753 1020 1824 ἢτὺ
1049 1753 1340 1825 λεγόμενον
1371 1753 1434 1823 δὴ
1469 1752 1646 1816 τοῦτο,

1892 750 2019 790 rens
2039 743 2123 788 est
2149 735 2416 805 eligenda,
2471 742 2532 789 ut
2559 732 2664 803 ipsi
2694 732 2913 798 dicunt;
2957 738 3051 786 aut
3080 729 3470 800 cupiditatibus

1890 835 1974 880 est
2003 826 2228 880 omnino
2273 826 2596 894 parendum,
2642 832 2698 880 et
2741 824 2786 876 si
2813 823 2915 876 hoc
2965 823 3038 876 ita
3068 830 3173 885 est,
3225 819 3470 875 facienda

1891 926 2020 972 sunt
2063 917 2268 986 quaevis
2302 923 2360 980 ἧς
2395 915 2828 986 impudicissima
2871 922 2926 967 et
2964 914 3203 967 maxime
3237 911 3467 977 nefaria,

1889 1025 1985 1063 eos
2011 1009 2308 1079 sequendo,
2357 1009 2450 1079 qui
2483 1008 2645 1063 nobis
2693 1005 3022 1074 persuadent
3055 1024 3067 1059 :
3098 1013 3192 1058 ant
3222 1013 3347 1059 sunt
3371 1004 3472 1058 ali-

1888 1115 2010 1170 qua:
2038 1101 2375 1156 declinanda:
2405 1100 2756 1169 cupiditates,
2791 1107 2846 1153 et
2876 1114 2982 1152 non
3014 1106 3097 1152 est
3123 1097 3354 1166 amplius
3391 1097 3475 1150 vi-

1887 1193 2121 1247 vendum
2167 1191 2557 1255 indifferenter,
2608 1205 2784 1260 neque
2831 1199 2914 1245 est
2961 1189 3303 1260 impudenter
3349 1202 3468 1242 ser-

1885 1285 2138 1340 viendum
2188 1285 2471 1340 vilissimis
2516 1293 2572 1338 et
2613 1283 3001 1352 abjectissimis
3049 1281 3249 1336 nostris
3293 1279 3465 1349 parti-

1887 1380 2010 1445 bus,
2057 1379 2229 1432 ventri
2261 1386 2316 1432 et
2344 1377 2632 1448 pudendis,
2679 1377 2812 1430 dum
2864 1375 3160 1444 cupiditate
3190 1373 3338 1428 ducti
3369 1385 3470 1425 noo

1887 1479 2004 1526 «ιιι-ο
2037 1469 2350 1526 blandimur
2374 1469 2647 1525 cadaveri.
2701 1467 2952 1523 Nutritur
2977 1468 3122 1522 enim
3154 1475 3205 1520 et
3229 1463 3468 1519 vivifica-

1887 1563 1980 1618 tnr
2031 1563 2324 1632 cupiditas,
2389 1562 2519 1617 dum
2571 1563 2620 1616 ei
2677 1562 2981 1631 voluptates
3033 1559 3464 1614 ministrantnr:

1892 1655 2351 1726 quemadmodum
2392 1670 2588 1710 rursus
2621 1654 2667 1710 si
2699 1653 3027 1723 impediatur
3055 1661 3109 1705 et
3134 1648 3466 1704 interturbe-

1817 1743 1864 1804 Β
1893 1759 2001 1815 tur,
2041 1747 2332 1803 ﬂaccescit.
2357 1747 2645 1814 Quomodo
2674 1757 2853 1828 autem
2891 1745 3004 1799 fieri
3035 1753 3233 1814 potest,
3282 1752 3342 1796 ut
3371 1741 3466 1812 qui

207 1846 389 1901 victus
440 1856 524 1902 est
579 1861 612 1900 a
657 1848 1026 1918 voluptatibus
1071 1847 1339 1918 corporis,
1382 1846 1614 1901 Domino
1660 1845 2012 1907 assimiletur,
2061 1855 2156 1898 aut
2211 1843 2305 1898 Dei
2356 1843 2552 1897 habeat
2627 1839 3028 1912 cognitionem?
3079 1836 3268 1892 Omnis
3318 1839 3463 1891 enim

204 1937 503 2007 voluptatis
551 1939 875 2009 principium
925 1949 1010 1995 est
1038 1940 1309 2010 cupiditas
1339 1954 1353 1992 :
1383 1939 1654 2008 cupiditas
1681 1947 1861 1992 autem
1893 1946 1975 1992 est
2022 1935 2272 1990 molestia
2299 1943 2354 1989 et
2411 1933 2746 1995 sollicitudo,
2800 1947 2922 2001 qua:
2972 1938 3193 2000 propter
3243 1938 3462 1998 egesta-

205 2039 318 2085 tem
355 2032 559 2103 aliquid
586 2033 807 2103 appetit.
851 2033 1031 2100 Quare
1077 2034 1214 2089 nihil
1257 2033 1404 2089 aliud
1457 2033 1594 2087 mihi
1646 2032 1918 2095 videntur,
1950 2027 2044 2100 qui
2075 2029 2216 2084 hanc
2259 2027 2384 2082 vita
2442 2027 2709 2082 rationem
2757 2025 3090 2094 suscipiunt,
3124 2037 3287 2092 quam
3312 2019 3460 2091 quod

205 2121 431 2188 dicitur,

278 2275 294 2286 .
342 2277 355 2289 .
398 2274 411 2286 .
457 2277 470 2286 .
517 2275 530 2289 .
559 2236 715 2303 Πρός
734 2235 782 2289 τ’
809 2236 1092 2306 αἴσχεσιν
1106 2236 1290 2306 ἄλγεα
1316 2235 1603 2305 ,πάσχειν-ο

203 2369 539 2424 ἐπίσπαστον
578 2368 790 2431 ἑαυτοῖς
825 2367 1136 2438 αἱρούμενοι
1176 2369 1344 2422 κακὸν
1377 2367 1511 2438 (Ξὸ),
1541 2350 1650 2419 ’νῦν
1689 2367 1782 2421 καὶ

201 2463 261 2524 ἐς
310 2458 551 2530 ὕστερον.
608 2459 671 2511 Ei
721 2458 820 2530 μὲν
857 2455 948 2514 οὖν
984 2461 1159 2514 πάντα
1196 2460 1355 2532 ἐξῆν,
1389 2461 1482 2514 καὶ
1515 2461 1681 2533 μηδὲν
1711 2457 1781 2533 ἦν

199 2554 322 2617 δέος
363 2554 651 2624 ἀποτυχεῖν
698 2553 796 2624 τῆς
843 2552 1054 2617 ἐλπίδος
1097 2554 1184 2607 διὰ
1237 2554 1463 2627 πράξεις
1513 2554 1776 2626 πονηράς,

200 2649 334 2710 ἴσως
360 2645 427 2720 ἦν
459 2645 522 2699 ἄν
555 2663 638 2709 τις
677 2646 859 2710 αὐτοῖς
889 2648 1158 2719 πρόφασις
1197 2647 1288 2701 τοῦ
1318 2648 1466 2718 βιοῦν
1500 2649 1686 2711 κακῶς
1711 2666 1772 2702 τε

197 2741 298 2795 καὶ
326 2740 605 2805 ἐλεεινῶς·
647 2742 766 2794 ἐπεὶ
792 2741 848 2794 δὲ
881 2740 992 2811 βίος
1022 2759 1106 2804 τις
1137 2743 1266 2812 ἡμῖν
1306 2743 1573 2812 μακάριος
1597 2741 1664 2794 δι’
1696 2744 1774 2794 ἐνο

196 2833 370 2886 τολῶν
417 2833 798 2896 ἐπιδέδεικται,
848 2828 892 2902 ᾧ
937 2833 1040 2904 χρὴ
1074 2833 1280 2898 πάντας
1323 2834 1639 2904 ἑπομένους,
1697 2833 1773 2906 μὴ

197 2928 608 3000 παρακούοντας
632 2930 740 2982 τῶν
763 2929 1065 3001 εἰρημένων
1089 2931 1250 2994 τινὸς.
1283 2931 1418 3001 μηδὲ
1449 2930 1771 3002 ὀλιγωροῦν-

1963 2202 2117 2259 Ultra
2145 2205 2484 2277 ignominiam
2513 2208 2708 2261 sentire
2734 2203 2974 2270 dolores;

1887 2327 1947 2372 ut
1974 2319 2068 2388 qui
2098 2319 2298 2374 malum
2336 2336 2366 2374 a
2401 2335 2459 2376 se
2489 2321 2834 2385 accersitum,
2885 2336 3033 2376 nunc
3077 2326 3130 2374 et
3171 2311 3225 2373 in
3269 2324 3459 2388 poste-

1884 2427 2004 2464 rum
2055 2412 2276 2483 eligant.
2320 2411 2376 2466 Si
2411 2428 2542 2483 ergo
2600 2432 2618 2464 ι
2658 2413 2844 2468 omnia
2889 2397 3138 2475 licerent,
3172 2431 3191 2463 ι
3252 2427 3352 2468 nec
3393 2413 3461 2467 ti-

1883 2501 2139 2557 mendum
2192 2485 2336 2558 esset
2387 2519 2454 2558 ne
2488 2519 2523 2558 a
2550 2520 2646 2574 spe
2670 2505 3048 2560 excideremus
3098 2514 3317 2574 propter
3344 2522 3462 2559 ma-

1877 2594 1961 2648 las
2007 2593 2274 2660 actiones,
2318 2603 2465 2648 esset
2512 2595 2744 2650 fortasse
2791 2595 2872 2650 eis
2899 2594 3096 2664 aliquis
3144 2603 3458 2663 praetextus,

1879 2700 1977 2740 cur
2000 2683 2140 2737 male
2170 2683 2414 2738 viverent
2441 2692 2496 2738 et
2524 2685 2923 2740 miserabiliter.
2966 2683 3240 2750 Quoniam
3276 2693 3457 2738 autem

1876 2774 1988 2828 vita
2031 2773 2192 2827 beata
2238 2773 2395 2828 nobis
2437 2783 2658 2829 Ostensa
2695 2785 2780 2829 est
2831 2791 2926 2843 per
2965 2786 3252 2845 praecepta,
3289 2791 3452 2845 quam

1877 2873 2088 2934 oportet
2135 2879 2328 2920 omnes
2360 2875 2678 2936 sequentes,
2705 2883 2803 2921 nec
2830 2867 3034 2935 aliquid
3064 2881 3279 2926 eorum,
3333 2881 3454 2934 quae

1876 2956 2020 3010 dicta
2046 2964 2194 3020 sunt,
2225 2971 2508 3026 perperam
2543 2957 2923 3028 intelligentes,
2951 2971 3050 3012 nec
3073 2973 3286 3022 eorum,
3334 2967 3456 3026 quae

195 3041 300 3088 τας
329 3024 436 3077 τῶν
471 3025 888 3096 προσηκόντων,
927 3024 1028 3077 κᾶν
1059 3025 1336 3096 ἐλάχιστον
1368 3021 1438 3098 ᾗ,
1482 3024 1708 3078 ’έπεσθαι
1736 3017 1770 3099 ᾖ

1880 3050 2150 3115 convenit,
2202 3050 2430 3120 aliquid,
2476 3053 2578 3105 etsi
2616 3051 2687 3106 sit
2717 3052 2800 3106 vel
2843 3051 3153 3113 minimum,
3209 3059 3454 3104 conten.-

190 3117 262 3172 ἂν
305 3121 334 3172 ό
374 3117 526 3187 λόγος
569 3118 798 3189 ἡγῆται⁸
833 3119 883 3170 εί
925 3117 1255 3189 σφαλείημεν
1287 3117 1471 3180 αὐτοῦ,
1517 3117 1770 3190 ἀθανάτῳ

195 3211 354 3282 κακῷ
383 3211 490 3282 (26)
534 3214 845 3283 περιπεσεῖν
883 3211 1125 3283 ἀνάγκηο
1175 3211 1676 3283 κατακολουθήσασι
1711 3210 1770 3265 δὲ

191 3305 262 3372 τῇ
296 3301 415 3373 θείᾳ
447 3303 658 3373 Γραφῇ,
702 3302 770 3355 δι’
803 3299 871 3374 ἦς
906 3301 1180 3356 ὁδεύουσιν
1229 3306 1276 3356 οί
1327 3304 1768 3367 πεπιστευκότες,

193 3393 578 3464 ἐξομοιοῦσθαι
601 3394 741 3448 κατά
769 3393 994 3464 δύναμιν
1013 3393 1089 3464 τῷ
1110 3395 1318 3466 Κυρίῳ,
1345 3395 1444 3448 οὐκ
1465 3396 1769 3466 ἀδιαφόρως

195 3489 468 3558 βιωτέον,.
494 3487 628 3540 ἀλλὰ
660 3488 1022 3559 καθαρευτέον
1062 3491 1142 3552 είς
1174 3488 1397 3560 δύναμιν
1429 3489 1534 3542 τῶν
1567 3488 1770 3560 ἡδονῶν

193 3583 290 3634 καὶ
334 3579 444 3633 τῶν
489 3579 815 3651 ἐπιθυμιῶν,
851 3582 1205 3652 ἐπιμελητέον
1251 3599 1310 3635 τε
1365 3582 1464 3651 τῆς
1499 3581 1697 3652 luxis

192 3671 337 3742 πρὸς
378 3671 524 3742 μόνῳ
561 3671 639 3742 τῷ
677 3670 818 3743 Θείῳ
847 3673 1228 3726 διατελεστέον.
1266 3671 1517 3742 Καθαρὸς
1543 3671 1652 3742 γὰρ
1693 3670 1768 3724 ὢν

191 3767 290 3820 καὶ
334 3768 514 3836 πάσης
565 3768 761 3832 κακίας
809 3768 1225 3838 ἀπηλλαγμένος
1260 3769 1288 3821 ὁ
1333 3766 1477 3830 νοῦς,
1522 3766 1768 3828 δεκτικὸς

190 3875 316 3922 πως
360 3858 590 3929 ὑπάρχει
627 3859 728 3930 τῆς
757 3859 851 3912 τοῦ
895 3859 1028 3913 Θεοῦ
1069 3859 1370 3929 δυνάμεως,
1403 3856 1766 3927 ἀνισταμένης

191 3957 254 4010 ἐν
303 3954 452 4025 αὐτῷ
505 3955 604 4025 τῆς
663 3953 813 4019 θείας
857 3956 1096 4020 εἰκόνος⁸
1164 3972 1181 4006 t
1243 3955 1352 4008 Καὶ
1409 3955 1514 4016 πᾶς
1550 3955 1579 4006 ό
1628 3951 1766 4023 έχων

187 4049 294 4118 τὴν
338 4047 526 4100 ἐλπίδα
573 4049 776 4119 ταύτην
825 4048 918 4101 ἐπὶ
970 4047 1049 4118 τῷ
1109 4047 1298 4118 Κυρίῳ
1344 4045 1484 4117 (27),
1534 4043 1763 4113 ἁγνίζει,

191 4140 385 4210 φησὶν,
435 4141 624 4193 ἑαυτὸν
675 4139 806 4210 (28),
853 4139 1034 4203 καθὼς
1075 4141 1278 4202 ἐκεῖνος
1323 4139 1482 4206 ἁγνός
1531 4140 1695 4191 ἐστιν.
1741 4158 1759 4206 ι

189 4232 330 4286 Θεοῦ
363 4232 420 4285 δέ
453 4232 651 4298 γνῶσιν
679 4232 860 4286 λαϐεῖν
891 4235 1002 4296 τοῖς
1033 4231 1112 4285 ἔτι
1147 4231 1252 4284 ὑπὸ
1283 4231 1390 4284 τῶν
1417 4231 1604 4284 παθῶν
1636 4232 1766 4299 ἀγο-

192 4324 380 4396 μένοις
429 4325 716 4378 ἀδῦνατον·
765 4324 958 4379 οὐκοῦν
996 4325 1114 4379 οὐδὲ
1163 4327 1262 4396 τῆς
1312 4325 1523 4388 ἐλπίδος
1559 4327 1762 4396 τυχεῖν,

1869 3149 2082 3209 nentes,
2138 3142 2290 3212 sequi
2318 3157 2428 3211 quo
2460 3143 2615 3214 logos
2637 3144 2817 3209 ducit;
2839 3143 2992 3213 quia,
3025 3143 3071 3198 si
3101 3144 3168 3196 ab
3195 3158 3261 3198 eo
3296 3143 3453 3198 aber-

1871 3229 2196 3291 raverimus,
2228 3231 2281 3283 in
2312 3231 2513 3284 malmn
2548 3233 2854 3286 immortale
2884 3233 3192 3288 incidamus
3229 3248 3452 3287 necesse

1869 3330 1986 3386 est;
2015 3321 2059 3375 si
2091 3319 2330 3374 divinam
2363 3334 2545 3376 autem
2587 3320 2926 3392 Scripturam
2957 3323 3127 3377 secuti
3163 3323 3448 3388 fuerimus,

1872 3429 1964 3481 per
1993 3428 2156 3484 quam
2187 3413 2592 3484 ingrediuntur,
2641 3415 2734 3484 qui
2769 3414 3136 3480 crediderunt,
3173 3425 3230 3469 ut
3261 3415 3450 3470 Domi-

1871 3519 1960 3568 no,
1998 3504 2176 3573 quoad
2210 3504 2325 3559 ﬁeri
2354 3513 2555 3574 potest,
2589 3505 2984 3571 assimilentur,
3014 3521 3120 3560 non
3145 3515 3227 3560 est
3264 3508 3450 3562 viven-

1869 3595 1998 3648 dum
2047 3593 2438 3660 indill‘erenter,
2491 3595 2586 3649 sed
2636 3609 2744 3664 pro
2789 3595 2999 3648 viribus
3049 3595 3284 3649 mundos
3327 3610 3449 3649 esse

1869 3691 2082 3753 oportet
2107 3700 2136 3738 a
2163 3683 2531 3754 voluptatibus
2557 3695 2611 3738 et
2640 3685 3052 3754 cupiditatibus,
3100 3700 3339 3754 curaque
3365 3694 3447 3739 est

1868 3775 2104 3846 gerenda
2157 3775 2373 3841 animae,
2429 3791 2535 3846 qua
2582 3777 2725 3845 apud
2771 3777 2945 3831 solum
2995 3775 3163 3830 Deum
3196 3793 3449 3847 perseve—

1868 3869 2098 3924 randum
2151 3879 2254 3924 est.
2319 3867 2470 3923 Mens
2522 3869 2690 3934 enim,
2754 3883 2876 3938 qua:
2920 3878 3004 3924 est
3045 3870 3245 3924 munda
3288 3870 3445 3924 etab

1868 3961 2016 4015 omni
2044 3961 2177 4015 vitio
2201 3961 2394 4023 libera,
2423 3971 2505 4015 est
2531 3960 2936 4031 quodammodo
2965 3969 3085 4030 apta
3115 3959 3178 4014 ad
3206 3970 3444 4030 potesta-

1867 4063 1975 4109 tem
2011 4053 2105 4110 Dei
2135 4055 2563 4124 suscipiendam,
2612 4069 2736 4108 cum
2777 4053 2957 4107 divina
3004 4053 3059 4106 in
3101 4070 3162 4108 ea
3192 4064 3444 4124 assurgat

1869 4147 2050 4218 imago
2079 4167 2094 4200 :
2151 4165 2169 4198 ι
2201 4146 2265 4200 Ει
2300 4147 2616 4216 quicunque
2663 4144 2827 4199 habet
2874 4145 3016 4200 hanc
3051 4161 3203 4215 spem
3250 4146 3306 4200 in
3336 4145 3442 4202 Do—

1867 4239 2041 4306 mino,
2107 4238 2374 4308 seipsum,
2413 4256 2430 4288 ι
2492 4234 2696 4306 inquit,
2757 4254 2774 4286 ι
2812 4237 3073 4290 mundum
3121 4244 3441 4305 castumque

1868 4329 2016 4396 facit,
2068 4338 2335 4399 quatenus
2375 4330 2464 4383 ille
2489 4337 2574 4383 est
2602 4337 2787 4382 castus
2819 4327 2869 4380 ι).
2915 4326 2984 4382 Ut
3013 4328 3049 4380 ii
3073 4336 3254 4382 autem
3291 4327 3440 4381 acci-

194 4417 470 4488 μηδεμίαν
515 4417 609 4470 τοῦ
651 4415 785 4470 Θεοῦ
821 4417 1019 4486 γνῶσιν
1064 4417 1484 4487 πεποιημένοις
1531 4415 1625 4469 καὶ¹
1672 4415 1765 4468 τοῦ

1880 4420 2024 4489 piant
2055 4417 2147 4472 Dei
2181 4419 2566 4490 cognitionem,
2597 4419 2688 4490 qui
2713 4419 2892 4475 adhuc
2916 4420 3188 4474 ducuntur
3216 4420 3285 4474 ab
3309 4420 3441 4474 σπε-

192 4508 298 4580 μὲν
341 4507 806 4578 ἀποτυγχάνοντος
848 4509 998 4563 τοῦδε
1046 4507 1142 4561 τοῦ
1188 4507 1377 4572 τέλους
1421 4509 1454 4578 ἡ
1488 4505 1582 4560 τοῦ
1631 4506 1765 4560 Θεοῦ

187 4598 383 4666 ἄγνοια
414 4601 739 4671 κατηγορεῖν
768 4598 937 4651 έοικεο
965 4599 1026 4652 τὸ
1050 4599 1107 4652 δὲ
1130 4601 1340 4668 ἀγνοεῖν
1353 4600 1443 4652 τὸν
1457 4597 1589 4651 Θεὸν
1615 4600 1648 4668 ἡ
1669 4597 1763 4650 τοῦ

187 4691 310 4764 βίου
344 4691 586 4748 πολιτεία
617 4695 960 4766 παρίστησιν.
1011 4695 1330 4750 Παντάπασι
1363 4695 1473 4766 γάρ
1507 4693 1764 4748 ἀδύνατον

184 4785 312 4856 ἄμα
341 4802 402 4840 τε
431 4787 524 4840 καὶ
555 4788 896 4857 ἐπιστήμονα
941 4782 1078 4840 εἶναι
1097 4825 1112 4849 ,
1146 4785 1240 4839 καί
1262 4786 1358 4857 τὴν
1390 4786 1483 4839 τοῦ
1512 4783 1763 4856 σώματος

1873 4511 2071 4579 ctibus,
2097 4513 2319 4567 minime
2344 4521 2518 4583 potest
2545 4513 2658 4567 ﬁeri
2691 4531 2704 4565 :
2737 4527 2863 4583 ergo
2889 4527 2988 4567 nec
3016 4522 3072 4566 ut
3096 4512 3258 4566 tinem
3288 4527 3440 4567 asse-

1872 4616 2130 4676 quantur,
2160 4620 2284 4662 cum
2322 4607 2524 4661 nullam
2550 4607 2787 4662 habeant
2811 4604 2905 4659 Dei
2951 4605 3335 4675 cognitionem.
3373 4601 3438 4658 Et

1870 4710 1994 4750 eum
2011 4696 2228 4765 quidem
2239 4736 2254 4760 ,
2269 4698 2360 4767 qui
2377 4697 2520 4752 hunc
2533 4697 2694 4752 linem
2711 4713 2820 4752 non
2833 4697 3165 4766 assequitur,
3179 4709 3438 4750 accusare

1870 4788 2082 4842 videtur
2103 4788 2196 4843 Dei
2221 4789 2515 4860 ignoratio;
2549 4799 2604 4844 ut
2624 4787 2768 4845 Deus
2794 4798 2974 4844 autem
2998 4787 3296 4859 ignoretur,
3323 4785 3434 4842 elli-

265 4909 326 4967 νΒ
353 4891 718 4960 Ῑῗ.”530“Ε1).
763 4901 1057 4968 POTTER,
1111 4903 1217 4957 444
1259 4903 1367 4988 ΕΙ).
1407 4903 1632 4959 PARIS.
1703 4909 1771 4956 ιι

1880 4917 1935 4962 ιι.
1967 4925 2018 4975 v,
2056 4909 2140 4963 i3.
2230 4909 2494 5006 beoan.
2525 4925 2604 4974 ιιι,
2637 4911 2688 4964 5.

262 5017 376 5085 (24)
414 5019 661 5086 Νεκράν.
701 5017 794 5071 Sic
819 5019 1114 5071 humanum
1167 5031 1364 5086 corpus
1412 5019 1663 5087 appellat,
1698 5029 1756 5074 ut

185 5090 444 5156 superius
477 5104 530 5158 p.
560 5089 665 5143 456
695 5089 822 5142 edit.
857 5088 1030 5142 Paris.

263 5155 378 5229 (9.5)
437 5155 948 5214 Ἐπίσπαστον....
1001 5156 1212 5229 grandir.
1257 5155 1479 5213 Phrasis
1523 5162 1752 5228 poetica.

187 5227 700 5302 limite'rusJOdyss.
733 5230 791 5290 Σ,
829 5245 970 5284 vers.
1001 5227 1097 5280 72:

260 5339 339 5399 Ἦ
357 5344 512 5412 τάχα
534 5338 697 5412 Ἶρος
722 5342 886 5411 ἄτρος
915 5343 1296 5397 ἐπίσπαστον
1327 5346 1512 5395 κακῶν
1541 5342 1683 5408 ἕξει.

264 5433 418 5492 Certe
456 5435 561 5489 cito
609 5434 728 5490 Irus
780 5434 968 5504 infelix
1029 5435 1344 5487 accersitum
1398 5436 1753 5558 argebnzalum

691 5523 694 5530 '
1431 5531 1438 5558 I
1489 5523 1518 5558 a
1556 5521 1582 5558 e
1619 5515 1680 5558 ιι.

691 5523 694 5530 ’
1430 5515 1680 5560 lhabebit.

195 5621 497 5695 Hesychius
534 5641 545 5674 :
590 5621 968 5695 Ἐπίσπαστον,
1021 5618 1528 5695 αὐθαίρετῶιηόπερ
1558 5620 1756 5695 -ἐαυτῷ

193 5691 624 5756 νυςέπισπᾶται
672 5691 856 5746 κακόν.
907 5691 1274 5760 Metaphoram
1337 5691 1488 5743 aiunt
1539 5692 1754 5745 ductam

194 5767 306 5835 aito
356 5766 461 5817 τῶν
519 5763 743 5835 ὀρνίθων
801 5761 1218 5833 δελεαζομένων,
1281 5761 1371 5813 καὶ
1414 5761 1622 5824 ἑαυτοῖς
1667 5761 1758 5815 τὸν

199 5833 317 5886 δλεθ
326 5852 413 5907 ρον
444 5833 852 5904 ἐπισπωμένων.

1951 5022 2040 5094 26)
2114 5025 2401 5094 Ἀθανάτῳ
2464 5023 2644 5089 κακῷ.
2719 5023 2939 5078 Phrasis
2987 5020 3311 5087 Homerica,
3363 5037 3431 5077 ex

1863 5091 2055 5163 Odyss.
2105 5097 2180 5160 M,
2228 5091 2379 5153 vers.
2416 5097 2516 5159 18,
2571 5095 2660 5148 ubi
2707 5096 2773 5149 de
2817 5094 3086 5166 Charybdi
3135 5094 3250 5148 lucc
3302 5093 3434 5148 dicit

1865 5174 2019 5230 poeta
2038 5184 2051 5218 :

1941 5280 2009 5333 Ἠ
2033 5279 2098 5334 δέ
2123 5298 2208 5334 τοι
2233 5285 2305 5336 οὐ
2329 5283 2514 5350 θνητὴ
2530 5323 2544 5346 ,
2579 5284 2716 5336 ἀλλ’
2737 5281 3036 5336 ἀθάνατον
3062 5279 3250 5334 κακόν
3276 5280 3427 5334 ἐστι.

1928 5371 2037 5426 Illa
2067 5391 2192 5428 sane
2226 5390 2326 5427 non
2355 5375 2614 5437 mortalis,
2645 5375 2734 5428 sed
2767 5373 3062 5426 immortale
3090 5371 3289 5426 malum
3325 5380 3423 5427 eu.

2082 5488 2206 5542 Ἐπὶ
2236 5487 2315 5559 τῷ
2339 5490 2549 5557 Κυρίῳ.
2598 5489 2909 5559 Ἐπῖαὑτιῖλ
2942 5487 3138 5559 JOann.

1953 5557 2041 5628 28)
2084 5557 2407 5626 ’Λγιοίζειηη
2432 5560 2665 5613 ἑαυτόν.
2716 5557 2974 5630 Didymus
3016 5562 3066 5612 in
3095 5557 3423 5630 Comment;

1869 5645 1886 5700 ς
1926 5627 2060 5681 Dum
2111 5647 2239 5697 ergo
2286 5639 2465 5698 Speret
2511 5627 2887 5700 unusquisque
2939 5630 3168 5700 similem
3225 5643 3282 5681 ιε
3313 5627 3426 5679 fore

1865 5696 2007 5769 Deo,
2042 5719 2058 5750 ι
2118 5696 2377 5753 castilicct
2426 5696 2814 5769 semetipsum,‘
2863 5719 2880 5750 ι
2917 5699 3076 5753 sicuti
3117 5707 3200 5754 est
3241 5706 3424 5753 castus

1863 5768 1970 5822 ille.
2007 5789 2023 5821 ι
2071 5769 2335 5823 (Σοιιεετ.

1855 6019 1869 6045 ο
