3938 6302
481 313 640 370 ·ιισδ
694 390 698 394 τ

1571 302 1958 378 οιιὲΜΕΝτιε
1998 323 2471 384 ALEXANDRIN!

3595 339 3734 394 1164

495 436 708 508 inquit,
755 439 1142 508 sustinuisset,
1193 451 1313 498 erat
1347 443 1671 512 continens,
1715 447 2033 504 divinitaten

2163 451 2271 524 τῷ·
2311 453 2433 506 ἐπεὶ
2463 453 2524 505 τὸ
2557 450 2870 526 φθείρεσθαι
2928 451 3092 516 αὐτὸς
3147 452 3246 506 οὐκ
3285 447 3447 523 εῖχεν.
3488 475 3509 506 ι
3542 456 3740 528 Ἡμεῖς

495 533 596 588 sibi
633 537 969 604 comparavit
994 533 1196 604 Jesus;
1228 537 1423 593 edebat
1447 547 1502 594 et
1529 538 1750 596 bibebat
1795 543 2060 612 peculiari

493 626 657 682 modo
678 669 692 693 ,
724 643 832 682 non
865 629 1095 684 reddens
1127 629 1280 686 cibos
1308 647 1324 697 ;
1355 638 1506 686 tanta
1533 633 1584 686 ei
1619 633 1794 689 inerat
1824 636 1907 691 vis
1935 651 2062 691 con-

461 723 764 790 "tinentiae,
814 732 874 778 ut
914 724 1078 778 etiam
1118 727 1515 783 nutrimentum
1558 729 1615 784 in
1643 744 1709 784 eo
1738 745 1847 785 non
1893 731 2058 787 inter-

500 814 658 880 ierit,
707 815 962 884 quoniam
1000 815 1117 885 ipse
1163 833 1273 872 non
1317 819 1507 875 habuit
1548 820 1847 876 interitum.
1880 842 1899 874 ι
1945 821 2056 880 Nos

491 921 624 976 ergo
655 917 878 976 propter
907 908 1255 986 dilectionem
1290 911 1344 966 in
1381 911 1708 980 Dominum,
1740 924 1795 970 et
1835 926 2058 986 propter

489 1001 668 1069 ipsum
703 980 1024 1069 honesttim,
1057 1003 1438 1072 amplectimur
1462 1005 1852 1063 continentiam
1872 1049 1888 1074 ,
1920 1018 2055 1064 tem-

495 1097 648 1163 plum
681 1092 920 1164 Spiritus
949 1098 1376 1156 sanctiﬁcantes.
1417 1099 1714 1158 Honestum
1757 1103 1902 1158 enim
1939 1097 2051 1168 est,

487 1207 505 1238 ι
540 1195 766 1257 propter
800 1205 1027 1259 regnum
1076 1191 1339 1247 calorum
1369 1199 1607 1269 scipsum
1628 1201 1868 1248 castrare
1887 1201 1914 1230 ⁸
1940 1208 1960 1243 ι
1986 1198 2055 1252 ab

477 1281 628 1334 amni
674 1280 1006 1350 cupiditate,
1079 1290 1134 1335 et
1194 1301 1213 1336 t
1253 1285 1549 1342 emundare
1598 1289 1986 1343 conscientiam
2022 1305 2053 1344 a

481 1371 717 1424 mortuis
752 1371 1038 1440 operibus,
1069 1373 1136 1428 ad
1181 1375 1527 1431 serviendum
1569 1376 1680 1433 Deo
1709 1380 1908 1434 viventi
1946 1380 1996 1434 δ.
2028 1399 2047 1432 ι

478 1459 596 1527 Qui-
621 1473 801 1518 autem
830 1475 1048 1534 propter
1073 1466 1259 1522 odium
1299 1469 1561 1525 adversus
1606 1486 1823 1526 carnem
1867 1487 2054 1527 susce-

480 1563 655 1624 ptum-
679 1571 710 1611 a
757 1557 1030 1627 conjugali
1063 1559 1470 1628 conjunctione,
1499 1569 1554 1615 et
1577 1576 1766 1616 eorum
1795 1563 1889 1633 qui
1921 1578 2052 1618 con-

480 1645 708 1701 veniunt
758 1647 1009 1702 ciborum
1059 1649 1514 1719 participatione,
1565 1651 1785 1706 liberari
1834 1653 2052 1709 deside-

479 1749 640 1804 rant,
676 1741 878 1795 indocti
910 1749 1038 1795 sunt
1066 1750 1121 1796 et
1148 1741 1298 1812 impii
1323 1782 1338 1808 ,
1367 1751 1421 1797 et
1445 1743 1652 1814 absque
1679 1744 1888 1800 ratione
1917 1761 2052 1801 con-

475 1833 750 1899 tinentes,
787 1834 928 1889 sicut
973 1833 1094 1889 alia:
1135 1843 1323 1905 gentes
1364 1835 1635 1906 plurimae.
1687 1837 2052 1894 Brachmanes

477 1927 695 1996 quidem
746 1936 892 1982 certe
916 1942 1114 1997 ,neque
1158 1927 1456 1983 animatum
1506 1929 1829 1996 comedunt,
1877 1945 2052 2001 neque

475 2019 668 2074 vinum
704 2019 940 2086 bibunt;
975 2019 1069 2074 sed
1099 2020 1268 2090 aliqui
1297 2020 1517 2090 quidem
1551 2036 1618 2076 ex
1681 2021 1749 2078 iis
1807 2023 2051 2093 quotidie

479 2111 622 2166 sicut
650 2126 751 2166 nos
783 2111 943 2183 194
965 2112 1146 2166 cibum
1183 2113 1408 2182 capiunt
1434 2129 1449 2178 ;
1493 2113 1738 2168 nonnulli
1769 2123 1949 2169 autem
1977 2129 2042 2169 ex

473 2205 544 2261 iis
579 2205 743 2260 tertio
775 2221 996 2276 quoque
1024 2205 1146 2272 die,
1181 2214 1242 2260 ut
1267 2205 1343 2260 ait
1386 2205 1696 2261 Alexander
1737 2205 2046 2278 Polyhistor

473 2301 538 2360 ›Ι‹
569 2297 621 2350 in
649 2294 893 2361 Indicis;
920 2305 1147 2350 mortem
1178 2304 1357 2351 autem
1382 2305 1757 2362 contemnunt,
1793 2307 1846 2352 et
1868 2298 2049 2354 vivere

471 2389 631 2445 nihili
666 2388 908 2455 faciunt;
948 2388 1176 2443 credunt
1203 2388 1348 2442 enim
1386 2404 1510 2445 esse
1544 2391 2043 2458 regenerationem;

441 2481 643 2552 aliqui
685 2487 876 2533 autem
913 2479 1100 2534 colunt
1131 2477 1416 2533 Herculem
1447 2488 1500 2534 et
1531 2478 1753 2534 Panem.
1800 2479 1903 2547 Qui
1945 2497 2047 2534 au-

473 2585 580 2628 tem
612 2587 679 2626 ex
711 2570 1150 2625 Indis-vocantur
1179 2569 1376 2639 Σεμνοί
1396 2609 1410 2634 ,
1450 2569 1554 2624 hoc
1594 2579 1698 2637 est,
1740 2571 2050 2638 venerandi,

446 2665 606 2718 eundi
666 2651 834 2718 totam
875 2662 1042 2716 vitam
1094 2662 1432 2732 transigunt:
1487 2662 1525 2717 ii
1574 2663 1851 2718 veritatem
1885 2679 2042 2718 exer-

471 2765 628 2819 cent,
691 2764 744 2810 et
783 2754 964 2809 futura
1028 2753 1362 2823 pnedicunt,
1424 2761 1478 2810 et
1527 2754 1711 2808 colunt
1750 2753 2042 2824 quamdam

471 2848 824 2920 pyramidem,
877 2848 988 2902 sub
1006 2863 1114 2917 qua
1161 2847 1479 2901 existimant
1526 2846 1756 2916 alicujus
1801 2845 1887 2901 dei
1918 2862 2042 2901 ossa

469 2943 724 3013 reposita.
773 2939 960 3011 Neque
995 2955 1124 2994 vero
1154 2939 1659 3012 Gymnosophistze,
1706 2953 1806 2994 nec
1836 2938 1929 3010 qui
1961 2937 2045 2994 di-

2163 543 2262 614 μὲν
2293 540 2386 598 οῦν
2414 544 2478 598 δι’
2513 545 2735 616 ἀγάπην
2759 543 2857 615 τὴν
2897 543 3034 616 πρὸς
3063 543 3154 596 τὸν
3185 543 3387 616 Κύριον
3418 545 3513 598 καὶ
3547 547 3612 601 δι’
3641 549 3740 602 αὑ-

2158 635 2304 688 τὸτὸ
2335 635 2495 689 καλὸν
2537 636 2861 708 ἐγκράτειαν
2907 635 3297 706 ἀσπαζόμεθα,
3335 636 3428 688 τὸν
3469 634 3614 689 νεὼν
3644 639 3738 692 τοῦ
3825 673 3836 684 ρ

2159 725 2473 796 Πνεύματος
2503 727 2611 797 (98)
2647 725 2961 796 ἀγιάζοντες
2981 744 2993 756 ·
3023 727 3184 780 καλὸν
3218 726 3327 799 γὰρ
3352 746 3370 778 ι
3403 727 3494 780 διά
3526 728 3630 799 τὴν
3657 731 3741 799 βαρ

2159 818 2362 872 σιλείαν
2387 818 2494 873 τῶν
2519 817 2763 890 οὐρανῶν
2788 818 3117 889 εύνουχίζειν
3143 820 3252 888 (99)
3279 819 3468 872 ἑαυτὸν
3511 840 3530 872 ι
3563 821 3741 890 πάσης

2157 911 2483 982 ἐπιθυμίας,
2525 931 2543 965 ι
2567 913 2682 966 ’διαὶ
2706 911 3021 984 καθαρίζειν
3058 913 3158 983 τὴν
3182 913 3480 984 συνείδησιν
3515 914 3629 967 ἀπὸ
3663 932 3744 967 νε-

2156 1003 2302 1074 κρῶν
2328 1003 2500 1075 ἔργων
2526 1006 2606 1068 είς
2635 1003 2698 1057 τὸ
2721 1002 2998 1077 λατρεύειν
3023 1004 3141 1075 Θεῷ
3173 1005 3354 1070 ζῶντι.
3394 1026 3414 1058 ι
3449 1007 3516 1059 υἱ
3556 1006 3616 1059 δὲ
3657 1007 3742 1060 διὰ

2156 1097 2216 1148 τὸ
2245 1097 2400 1166 μῖσος
2413 1096 2474 1148 τὺ
2505 1096 2644 1167 πρὸς
2668 1096 2766 1166 τὴν
2801 1097 2982 1168 σάρκα
3024 1098 3122 1168 τῆς
3153 1097 3293 1151 κατά
3328 1097 3506 1169 γάμον
3541 1097 3738 1152 συναλ-

2155 1188 2322 1260 λαγῆς
2357 1189 2564 1261 καὶτῆς
2598 1190 2706 1244 τῶν
2750 1190 3096 1262 καθηκόντων
3150 1190 3453 1262 βρωμάτων
3495 1191 3738 1261 μεταλή-

2153 1280 2299 1350 eam;
2343 1280 2649 1353 ἀχαρίστως
2686 1282 3124 1336 ἀπαλλάττεσθαι
3168 1282 3457 1345 ποθοῦντες
3504 1283 3738 1353 ἀμαθεῖς

2152 1390 2212 1425 τε
2246 1373 2340 1427 καὶ
2383 1372 2550 1436 ἄθεοι,
2601 1373 2809 1442 ἀλόγως
2846 1373 3331 1445 ἐγκρατευόμενοι,
3379 1373 3641 1446 καθάπερ
3672 1376 3736 1428 τὰ

2155 1461 2383 1516 πλεῖστα
2415 1463 2521 1516 τῶν
2544 1462 2716 1517 ἀλλων
2747 1463 2936 1517 ἐθνῶν.
2972 1465 3292 1535 Βραχμᾶναι
3328 1465 3405 1535 (1)
3440 1465 3575 1534 γοῦν
3613 1466 3736 1521 οῦτι

2155 1554 2393 1625 ἔμψυχον
2426 1553 2692 1609 ἐσθίουσιν
2711 1596 2726 1622 ,
2773 1555 2894 1609 οῦτε
2925 1552 3064 1610 οἶνον
3091 1558 3364 1610 πίνουσιν·
3408 1557 3526 1612 ἀλλ’
3552 1561 3601 1612 οἱ
3641 1560 3736 1629 μὲν

2154 1647 2331 1701 αύτῶν
2365 1647 2485 1701 καθ’
2521 1649 2755 1720 ἑκάστην
2790 1649 3022 1720 ἡμέραν,
3048 1649 3122 1713 ὼς
3162 1650 3323 1719 ἡμεῖς
3341 1688 3355 1712 ν
3395 1650 3497 1722 τὴν
3529 1651 3736 1722 τροφὴν

2157 1739 2488 1809 προσίενται,
2542 1739 2671 1793 ἔνιοι
2701 1740 2744 1792 δ’
2776 1740 2952 1793 αὐτῶν
3000 1741 3086 1794 διά
3137 1740 3304 1813 τριῶν
3356 1741 3608 1813 ἡμερῶν,
3665 1742 3738 1806 ὣς

2085 1806 2126 1863 Β
2155 1806 2316 1902 φησιν
2346 1830 2690 1904 Ἀλέξανδρος
2717 1833 2746 1885 ὁ
2779 1832 3093 1906 Πολυΐστωρ
3156 1806 3213 1887 ἐν
3251 1806 3733 1900 τοῖς”’1λ·δικοῖς·

2151 1923 2550 1996 καταφρονοῦσι
2597 1924 2654 1977 δὲ
2699 1923 2928 1980 θανάτου
2948 1966 2962 1991 ,
2995 1927 3089 1980 καὶ
3123 1925 3250 1998 παρ’
3283 1926 3432 1980 οὐδὲν
3469 1926 3736 1997 ἡγοῦνται

2147 2016 2205 2070 τὸ
2240 2015 2366 2086 ζῇν·
2410 2015 2683 2072 πείθονται
2723 2016 2830 2088 γὰρ
2863 2013 3000 2072 εἶναι
3033 2016 3471 2086 παλιγγενεσίαν·
3508 2018 3625 2072 aee
3657 2019 3733 2089 (9.)

2148 2108 2394 2162 σέϐουσιν
2428 2109 2702 2181 Ἠρακλέα
2731 2110 2827 2163 καὶ
2859 2093 3032 2163 Πᾶνα.
3066 2110 3130 2162 Οί
3154 2109 3474 2181 καλούμενοι
3500 2109 3556 2164 δὲ
3583 2109 3736 2178 Σεμ-

2147 2203 2228 2256 vo‘t
2254 2201 2360 2255 τῶν
2391 2201 2568 2256 Ἰνδῶν
2611 2203 2807 2273 γυμνοὶ
2852 2200 3161 2258 διαιτῶνται
3204 2201 3294 2256 τὸν
3345 2203 3523 2256 πάντα
3571 2201 3730 2272 βίον·

2146 2288 2290 2347 οῦτοι
2317 2294 2414 2366 τὴν
2444 2294 2706 2368 ἀλήθειαν
2731 2291 2983 2357 ἀσκοῦσι,
3012 2296 3106 2349 καὶ
3131 2295 3257 2368 περὶ
3283 2293 3388 2347 τῶν
3422 2292 3734 2364 μελλόντων

2148 2387 2554 2459 προμηνύουσι,
2601 2388 2696 2442 καὶ
2735 2389 2952 2443 σέϐουσί
3001 2403 3123 2442 τινα
3167 2385 3482 2458 πυραμίδα,
3525 2386 3634 2453 ὑφ’
3663 2386 3734 2454 ἣν

2148 2479 2309 2533 ὀστέα
2340 2479 2487 2544 τινὸς
2531 2478 2654 2532 θεοῦ
2696 2480 3005 2551 νομίζουσιν
3044 2477 3382 2534 ἀποκεῖσθαι.
3417 2475 3554 2530 Οὔτε
3591 2475 3655 2528 δὲ
3681 2475 3734 2528 οξ

2151 2569 2583 2641 Γυμνοσοφισταὶ
2601 2568 2713 2623 οὗθ’
2734 2573 2782 2624 oi
2808 2569 3086 2640 λεγόμενοι
3102 2569 3295 2640 Σεμνοὶ
3310 2567 3522 2636 γυναιξὶ
3543 2567 3736 2637 χρῶν-

2149 2679 2255 2716 ται·
2294 2661 2445 2735 παρά
2470 2662 2628 2733 φύσιν
2679 2663 2786 2735 γὰρ
2817 2663 2974 2717 τοῦτο
3005 2662 3099 2716 καὶ
3138 2663 3443 2733 παράνομον
3466 2659 3731 2712 δοκοῦσι·

2148 2753 2214 2808 δι’
2253 2755 2319 2826 ἣν
2344 2756 2520 2809 αἰτίαν
2573 2758 2714 2823 σφᾶς
2744 2756 2938 2820 αὐτοὺς
2972 2756 3168 2824 ἁγνοὺς
3202 2753 3454 2826 τηροῦσι·
3508 2752 3736 2824 παρθε-

2149 2846 2360 2900 νεύουσι
2390 2847 2446 2900 δέ
2472 2847 2566 2900 καὶ
2595 2848 2815 2918 Σεμναί,
2840 2847 3066 2900 Δοκοῦσι
3083 2847 3139 2899 δέ
3172 2848 3506 2919 παρατηρεῖν
3533 2845 3611 2897 τὰ
3631 2846 3736 2896 οὐ-

2154 2939 2332 3010 ράνια,
2365 2941 2456 2992 καὶ
2487 2939 2573 2993 διὰ
2597 2940 2695 3010 τῆς
2725 2939 2925 2993 τούτων
2959 2939 3306 3010 σημειώσεως
3348 2938 3452 2990 τῶν
3492 2936 3736 3008 μελλόν-

467 3044 666 3090 cuntur
694 3032 908 3105 Σεμνοί,
943 3039 1169 3086 utuntur
1200 3030 1540 3097 mulieribus,
1587 3030 1690 3086 hoc
1727 3030 1873 3084 enim
1907 3045 2033 3100 prte-

2145 3047 2252 3084 των
2279 3030 2746 3104 προμαντεύεσθαί
2771 3048 2907 3085 τινα.

471 3140 552 3188 ter
578 3140 828 3186 naturam
871 3139 924 3184 et
974 3128 1221 3199 iniquum
1284 3143 1406 3183 esse
1450 3129 1808 3195 existimant;
1861 3143 1968 3198 qua
2024 3127 2090 3182 de
2140 3143 2304 3182 causa
2367 3131 2574 3198 seipsos
2632 3137 2812 3183 castos
2858 3134 3204 3183 conservant.
3240 3122 3482 3197 Virgines
3529 3135 3732 3179 autem

468 3232 596 3278 sunt
615 3222 778 3277 etiam
808 3220 1085 3283 mulieres,
1122 3235 1245 3288 quae
1289 3219 1547 3274 dicuntur
1605 3219 1844 3290 Σεμναί,
1883 3219 1989 3274 hoc
2036 3227 2140 3284 est,
2197 3221 2522 3276 venerandae.
2550 3219 2813 3275 Videntur
2873 3229 3052 3277 autem
3106 3220 3393 3276 observare
3442 3218 3732 3288 coelestia,

462 3329 519 3370 et
546 3331 640 3385 per
666 3330 854 3370 eorum
895 3313 1356 3386 signiﬁcationem
1407 3314 1654 3384 quaedam
1689 3313 1868 3376 futura
1903 3315 2213 3385 praedicere.

1877 3491 2104 3549 CAPUT
2144 3493 2279 3549 Vlll.

441 3614 603 3668 :Loca
637 3613 696 3668 S.
735 3613 1020 3682 Scriptura:
1047 3613 1110 3665 ab
1141 3613 1483 3684 hereticisin
1518 3613 1833 3682 vituperium
1863 3615 2190 3668 matrimonii
2218 3613 2452 3668 adducta
2479 3613 2741 3681 explicat;
2781 3621 2830 3666 et
2870 3613 3042 3684 primo
3077 3610 3230 3673 verba
3270 3611 3510 3679 Apostoli
3552 3609 3718 3665 Rom.

1146 3699 1219 3749 νι,
1255 3683 1343 3746 Μ,
1366 3683 1429 3737 ab
1460 3685 1827 3738 ltwreticomm
1855 3699 2094 3754 perversa
2123 3686 2550 3754 interpretatione
2582 3685 2830 3738 vindicat.

533 3794 800 3862 Quoniam
841 3802 1019 3848 autem
1053 3793 1146 3863 qui
1188 3795 1542 3848 introducunt
1573 3795 1986 3851 indifferentiam
2009 3835 2024 3860 ,

459 3900 664 3955 paucas
689 3886 952 3954 quasdam
994 3885 1303 3955 Seripturas
1337 3888 1746 3959 detorquentes,
1789 3889 2025 3944 titillanti

459 3991 572 4030 sua:
599 3975 858 4044 voluptati
896 3991 990 4032 eas
1035 3977 1319 4048 suﬂ‘ragari
1347 3979 1691 4046 existimant;
1731 3993 1846 4035 tum
1885 3997 2026 4050 prse-

456 4065 809 4139 cipue'illam
851 4083 1102 4138 quoque:
1144 4087 1161 4120 ι
1201 4068 1488 4126 Peccatum
1529 4071 1673 4126 enim
1704 4073 1866 4128 vestri
1917 4088 2024 4126 non

455 4160 855 4226 dominabitur;
886 4175 992 4214 non
1021 4161 1150 4216 estis
1173 4162 1316 4216 enim
1349 4162 1450 4216 sub
1478 4162 1614 4232 lege,
1647 4163 1740 4217 sed
1774 4163 1876 4218 sub
1904 4179 2026 4233 gra-

434 4253 528 4307 '~tia
565 4264 588 4293 ο
619 4271 633 4320 ;
676 4272 696 4305 ι
731 4261 785 4309 et
817 4253 1027 4322 aliquas
1067 4252 1202 4307 alias
1249 4252 1596 4322 hujusmodi,
1632 4269 1862 4323 quarum
1904 4264 2027 4324 post

2203 3797 2356 3852 Ἐπεὶ
2385 3798 2441 3852 δὲ
2475 3797 2526 3850 οί
2560 3797 2658 3869 τὴν
2683 3793 3002 3868 ἀδιαφορίαν
3027 3795 3351 3863 εἰσάγοντες,
3395 3791 3719 3863 βιαζόμενοι

2131 3906 2282 3952 τινας
2319 3889 2502 3958 ὀλίγας
2540 3887 2792 3960 Γραφάς,
2837 3889 3154 3958 συνηγορεῖν
3185 3884 3362 3938 αύτῶν
3401 3887 3466 3955 τῇ
3502 3885 3725 3954 tiu-.19..

2133 3978 2253 4051 θείᾳ
2281 3981 2498 4034 οἴονται·
2534 3979 2673 4050 ἀτὰρ
2703 3979 2766 4050 δὴ
2799 3979 3073 4050 κάκείνην·
3109 3995 3127 4029 ι
3172 3977 3440 4050 Ἀμαρτία
3482 3974 3595 4049 γάρ
3634 3977 3716 4046 (3)

2133 4071 2286 4142 ὑμῶν
2332 4072 2390 4124 ού
2435 4070 2748 4143 κυριεύσει·
2790 4071 2850 4124 ού
2884 4071 2992 4142 γάρ
3025 4072 3144 4123 ἐστε
3179 4069 3282 4123 ύπὺ
3344 4069 3542 4140 νόμον,
3590 4068 3716 4125 ἀλλ’

2133 4164 2236 4218 ὑπὸ
2270 4165 2448 4236 χάριν·
2491 4184 2508 4216 ›
2537 4165 2628 4219 καί
2657 4183 2804 4228 τινας
2836 4164 3000 4228 ἄλλας
3024 4163 3294 4227 τοιαύτας,
3321 4157 3398 4216 ὧν
3423 4166 3517 4218 ἐπὶ
3541 4165 3717 4221 τοιού-

2130 4275 2239 4320 τοις
2258 4256 2566 4328 μεμνῆσθαι
2593 4257 2692 4310 ούκ
2716 4255 2950 4325 εὔλογον·
2973 4256 3054 4325 (ού
3087 4254 3194 4324 γὰρ
3217 4256 3560 4318 ἐπισκευάζω
3577 4257 3713 4308 ναῦν

452 4350 570 4403 haec
608 4363 719 4402 non
743 4355 825 4402 est
853 4346 1045 4402 rationi
1077 4356 1500 4400 consentaneum
1555 4357 1613 4400 ut
1649 4345 1841 4402 faciam
1872 4363 2022 4401 men-

2145 4348 2493 4419 τειρατικήν·)
2527 4347 2657 4418 φέρε
2681 4347 2743 4419 δὴ
2767 4347 2853 4402 διὰ
2880 4347 3127 4420 βραχέων
3150 4346 3495 4418 διακόψωμεν
3525 4348 3711 4400 αὐτῶν

453 4440 653 4495 tionem
691 4438 833 4509 (non
874 4439 1019 4493 enim
1050 4453 1242 4492 navem
1284 4437 1494 4492 instruo
1533 4438 1887 4508 piraticam),
1924 4452 2022 4507 age

450 4531 637 4599 paucis
665 4519 856 4586 eorum
878 4539 1252 4600 argumentum
1283 4529 1692 4602 perfringamus.
1731 4531 1848 4600 Ipse
1873 4532 2016 4585 enim

447 4623 694 4696 egregius
724 4624 1013 4694 Apostolus
1038 4623 1091 4677 in
1115 4623 1314 4686 verbis,
1347 4638 1468 4692 qua:
1498 4621 1767 4692 praedictae
1792 4622 2014 4677 dictioni

446 4714 763 4785 subiungit,
818 4713 1071 4768 intentati
1111 4711 1358 4768 criminis
1405 4710 1591 4767 aﬂ'eret
1641 4711 2008 4768 solutionem:

449 4825 468 4857 ι
506 4807 646 4873 Quid
693 4807 866 4876 ergo?
920 4805 1302 4875 peccabimus,
1355 4804 1481 4874 quia
1523 4820 1630 4858 non
1674 4820 1866 4859 sumus
1908 4803 2010 4857 sub

441 4897 579 4968 lege,
609 4899 702 4953 sed
726 4897 828 4954 sub
852 4896 1059 4966 gratia?
1089 4895 1244 4952 Absit
1270 4894 1320 4949 ἀ.
1359 4914 1378 4948 ι
1412 4895 1562 4950 Adeo
1587 4895 1765 4950 divine
1801 4903 1853 4950 et
1883 4910 2008 4964 pro-

438 4989 652 5057 phetice
678 5005 708 5044 e
736 4989 961 5058 vestigio
997 4988 1245 5043 dissolvit
1283 4997 1454 5044 artem
1487 4987 1777 5057 voluptatis
1819 4985 1998 5056 SOphi-

577 5115 600 5140 η
643 5105 832 5162 Matth.
865 5123 989 5173 XIX,
1022 5106 1108 5161 12.

436 5172 464 5213 ά
497 5175 656 5242 lbid.,
688 5177 773 5230 ιδ.

439 5291 622 5419 ’ϐωῗὲ
656 5292 766 5347 Τὸν
788 5295 940 5346 νεὼν
958 5293 1062 5345 τοῦ
1090 5294 1450 5362 Πνεύματος.
1482 5292 1644 5348 Conf.
1676 5291 1703 5345 ‘i
1737 5291 1862 5347 Cor.
1903 5309 1996 5356 ιιι,

505 5405 1045 5504 (99)Ἐὺνουχ1ζειν.
1076 5431 1317 5504 Respicit
1346 5434 1540 5487 Matth.
1571 5448 1682 5504 xix,
1725 5432 1791 5504 12
1812 5451 1827 5485 :
1846 5432 1996 5504 Εἰσὶν

435 5504 677 5574 εὐνοῦχοι
697 5541 712 5566 ,
745 5503 945 5574 οἵτινες
976 5503 1285 5574 εὐνούχισαν
1318 5505 1542 5568 ἑαυτοὺς
1563 5503 1650 5558 διὰ
1695 5503 1795 5574 τὴν
1847 5503 1999 5572 βασι-

435 5575 579 5637 λείαν
595 5569 716 5626 ’τῶν
746 5573 804 5625 οὐ
812 5569 1003 5645 ρανῶν.

506 5645 579 5711 (1)
625 5640 985 5713 Βραχμᾶνᾳι.
1059 5641 1133 5696 De
1176 5642 1542 5713 *philosophis
1592 5641 1789 5698 Indicis
1846 5641 1990 5696 conf.

434 5715 653 5776 Strabo,
687 5712 1004 5784 Geogr._lih.
1039 5729 1136 5784 xv;
1173 5712 1704 5784 Eusebius.Prwpar.
1734 5713 1990 5781 evangel..

400 5784 528 5840 οιιι».
562 5799 634 5848 Vl,
658 5797 706 5838 c.
748 5781 844 5850 10;
872 5781 1232 5852 Recognition.
1269 5783 1560 5838 Clementis
1614 5783 1706 5836 lib.
1744 5799 1793 5836 Ix
1816 5821 1832 5849 ,
1867 5800 1986 5853 cap.

2129 4437 2226 4508 τὴν
2258 4439 2588 4510 ἐγχείρησιν·
2623 4439 2784 4502 αὐτὸς
2817 4438 2926 4512 γὰρ
2955 4440 2983 4491 ὁ
3011 4442 3256 4508 γενναῖος
3285 4439 3616 4503 ’Δπόστολος
3639 4443 3704 4511 τῇ

2126 4529 2492 4600 προειρημένῃ
2519 4529 2659 4593 λέξει
2687 4531 2962 4603 ἐπιφέρων
2983 4529 3310 4584 ἀπολύσεται
3331 4531 3393 4583 τὸ
3421 4530 3701 4602 ἔγκλημα·

2129 4638 2146 4670 ι
2177 4620 2240 4672 Τί
2271 4617 2395 4684 οὖνς
2429 4621 2831 4694 ἁμαρτήσωμεν
2877 4621 2980 4692 (4),
3025 4623 3106 4675 ὅτι
3145 4621 3244 4674 οῦκ
3276 4624 3442 4692 ἐσμεν
3479 4623 3588 4675 ὑπὸ
3629 4623 3704 4678 v6:

2123 4728 2240 4780 μον.
2268 4711 2379 4764 ἀλλ’
2419 4713 2524 4766 ὑπὸ
2554 4714 2746 4785 χάριν;
2788 4715 2878 4785 Μὴ
2922 4714 3146 4782 γένοιτο.
3202 4735 3218 4765 ι
3269 4716 3456 4778 Οὕτως
3499 4717 3699 4780 ἐνθέως

2117 4803 2210 4854 καὶ
2247 4805 2595 4875 προφητικῶς
2634 4806 2890 4860 καταλύει
2936 4806 3276 4878 παραχρῆμα
3319 4807 3419 4878 τὴν
3451 4823 3696 4876 σοφιστι-

2114 4897 2214 4966 κὴν
2248 4898 2343 4968 τῆς
2378 4898 2570 4968 ἡδονῆς
2599 4899 2814 4970 τέχνην.
2847 4899 2920 4953 Ού
2961 4899 3217 4952 συνίεισιν
3253 4895 3366 4963 οῦν,
3391 4901 3469 4964 ὡς
3496 4902 3693 4959 ἔοικεν.

2109 4989 2192 5040 ὅτι
2238 5007 2256 5040 ι
2296 4991 2431 5054 Τοὺς
2450 4991 2654 5055 πάντας
2680 4993 2826 5063 ἡμᾶς
2853 4992 3229 5064 φανερωθῆναι
3271 4992 3353 5046 δεῖ
3379 4993 3694 5066 ἔμπροσθεν

1213 5106 1242 5145 b
1283 5103 1444 5161 Hebr.
1474 5122 1558 5173 ιχ,
1594 5106 1679 5160 14.
1721 5111 1778 5170 ›Ῑ‹
1843 5104 1903 5158 Ρ.
1930 5103 2032 5159 5'59

2145 5120 2167 5156 ν.
2198 5105 2494 5172 ΡΟΤΤΕΒ,
2527 5109 2651 5176 451,
2685 5110 2790 5164 452
2819 5108 2925 5163 ED.
2953 5109 3173 5164 PARIS.
3230 5121 3252 5148 ο
3288 5109 3444 5166 Rom.
3482 5128 3559 5175 τι,
3607 5111 3688 5167 14.

2103 5289 2221 5360 2ος
2255 5289 2506 5345 Clemens
2553 5289 2984 5356 noster,Strom.
3035 5307 3094 5355 ι,
3153 5304 3277 5360 pag.
3344 5290 3487 5355 505,
3547 5293 3682 5347 edit-

2105 5359 2278 5415 Paris.
2293 5401 2307 5421 ,
2337 5369 2441 5414 etc.

2178 5429 2252 5500 (9.)
2281 5434 2339 5501 ᾊ
2377 5429 2465 5483 δέ.
2493 5430 2683 5499 Aptius
2721 5430 2964 5501 legemus
2998 5432 3048 5483 oi
3078 5431 3156 5496 δέ,
3185 5432 3271 5489 vel
3297 5431 3425 5495 οἵδε,
3464 5442 3524 5487 ιιι
3550 5449 3678 5488 mox

2109 5495 2269 5554 οὗτοι.
2303 5495 2566 5555 διιιιιτιιό.

2177 5571 2256 5710 (ὅ)
2285 5571 2428 5639 Γάρ.
2461 5571 2549 5633 Δέ,
2582 5570 2742 5626 Rom.

2209 5641 2252 5710 ί)
2294 5641 2738 5710 ’Λμαρτήσωμεν

2209 5641 2252 5710 ι)
2294 5641 2756 5710 Ἀμαρτήσωμεν.
2793 5642 3214 5710 convenientius

2105 5707 2267 5784 indic.
2303 5707 2486 5776 modo,
2515 5707 2586 5784 :ut
2617 5707 2772 5784 Vulg.
2802 5707 2925 5784 ⁸Βῖι).
2969 5712 3126 5784 Rom.
3160 5728 3232 5765 vt.

2104 5783 2142 5836 ll
2174 5784 2294 5836 Cor.
2329 5798 2380 5846 v,
2411 5784 2477 5834 τά
2507 5783 2590 5836 διὰ
2624 5781 3013 5855 τοῦσώματος.
3045 5782 3302 5839 Svuwnc.

3257 5642 3672 5764 Ἡιαρτήσυμεγν

3311 5716 3464 5764 adem
3493 5712 3672 5764 Bibln

3311 5712 3474 5771 adem
3493 5712 3672 5769 Biblia
