3878 6320
1489 427 1924 486 STBOMATUM
1957 427 2088 484 LIB.
2122 427 2210 484 111.

3319 425 3458 480 H70

217 543 308 597 aa
333 541 434 608 τὰς
469 541 743 615 χρειώδεις
765 547 1038 617 ἀσχολίας.
1057 549 1150 620 Μὴ
1169 549 1349 622 φέρων
1377 552 1420 604 δ’
1453 548 1606 616 οὗτος
1633 551 1778 606 εὐκό-

1892 551 2202 616 tinentiam,
2231 550 2318 606 vel
2351 551 2518 606 etiam
2553 541 2986 616 matrimonium;
3015 559 3072 604 et
3095 547 3242 618 quod
3269 548 3462 604 matri-

217 633 328 698 λως
355 636 448 690 τὸν
481 637 688 710 μονήρη
723 638 864 708 βίον,
895 639 1152 712 ἐπιθυμεῖ
1178 641 1270 695 τοῦ
1311 643 1515 713 γάμουο
1569 643 1690 698 ἐπεὶ
1729 644 1792 700 τὸ

217 729 514 799 εὐάρεστον
567 731 705 802 μετὰ
747 732 1100 804 σωφροσύνης
1150 733 1414 800 ἀϐλαϐὲς,
1469 737 1560 790 καὶ
1603 737 1792 809 κύριος

217 820 449 886 Ξκαστος
473 823 630 894 ἡμῶν
655 825 910 895 τυγχάνει
942 827 1040 897 τῆς
1071 829 1198 898 περὶ
1229 829 1432 882 τέκνων
1461 829 1624 899 γονῆς
1644 829 1794 900 αἱρέ-

217 928 378 975 σεως.
407 914 624 986 Συνορῶ
643 915 690 968 δ’
717 917 865 981 ὅπως
891 922 958 989 τῇ
990 921 1261 990 προφάσει
1289 921 1382 974 τοῦ
1415 922 1592 991 γάμου
1615 921 1666 974 οἱ
1692 921 1789 991 μὲν

217 1001 580 1073 άπισχημένοι
614 1007 722 1076 (21)
761 1009 948 1062 τούτου
986 1009 1058 1082 μὴ
1099 1011 1238 1064 κατὰ
1269 1011 1366 1083 τὴν
1405 1012 1566 1080 ἁγίαν
1589 1012 1790 1080 γνῶσιν

217 1089 302 1152 εἰς
351 1093 770 1166 μισανθρωπίαν
798 1097 1180 1170 ὑπεῤῥύησαν,
1217 1101 1309 1154 καὶ
1343 1100 1405 1154 τὸ
1441 1100 1541 1171 τῆς
1573 1101 1790 1172 ἀγάπης

213 1181 424 1250 οἴχεται
451 1187 579 1256 παρ’
603 1188 802 1251 αὐτοῖς’
833 1190 882 1242 oi
909 1190 985 1250 δὲ,
1021 1191 1362 1262 ὲνσχεθέντες
1382 1193 1476 1245 καὶ
1511 1191 1790 1262 ἡδυπαθή-

1898 642 2140 696 monium
2183 641 2450 696 creation-i
2499 639 2704 709 aliquid
2753 639 2906 696 aﬂ‘ert
2953 639 3162 706 auxilii,
3197 647 3460 710 praeterea

1895 737 2196 804 explicans.
2233 733 2310 788 Ne
2327 736 2453 806 quis
2482 749 2612 804 ergo
2653 749 2782 790 eum
2818 734 3112 804 deiiquisse
3159 733 3456 802 existimet,

1896 827 1988 896 qui
2039 827 2340 882 secundum
2401 825 2588 897 Logon
2644 825 3048 880 matrimonium
3091 825 3296 888 inierit,
3353 822 3460 878 nisi

1895 917 2172 972 existimet
2231 931 2474 972 amaram
2549 931 2670 972 esse
2727 915 2964 968 ﬁliorum
3028 913 3454 968 educationem:

1893 1021 2084 1066 contra
2137 1018 2338 1074 tamen,
2389 1007 2670 1078 permultis
2721 1007 2932 1061 videtur
2973 1020 3094 1062 esse
3139 1003 3462 1060 molestissi-

1893 1117 2043 1158 mum
2083 1102 2269 1156 liberis
2307 1114 2510 1156 carere.
2547 1097 2732 1169 Neque
2770 1114 2956 1152 amara
2994 1097 3247 1166 cuiquam
3280 1095 3462 1148 ridea-

1895 1205 1987 1248 tur
2025 1194 2320 1248 liberorum
2359 1193 2687 1262 procreatio,
2723 1205 2790 1244 co
2825 1189 2970 1258 quod
3017 1188 3247 1258 negotiis
3275 1184 3458 1254 impli~

1895 1298 2046 1340 catos
2080 1301 2112 1340 a
2149 1285 2348 1340 divinis
2375 1286 2676 1340 abstrahat.
2713 1283 2807 1338 Est
2834 1282 3004 1343 enim,
3039 1279 3134 1350 qui
3163 1278 3330 1332 vitam
3364 1291 3456 1329 so-

1895 1375 2134 1432 litariam
2181 1377 2338 1434 facile
2385 1377 2528 1432 l'erre
2559 1393 2664 1432 non
2701 1376 2910 1438 valens,
2941 1373 3148 1442 expetit
3177 1370 3460 1424 matrimo-

217 1287 408 1338 σαντες
446 1279 510 1348 τῇ
541 1277 638 1332 τοῦ
672 1279 837 1350 νόμου
877 1285 1256 1355 συμπεριφορᾷ
1289 1283 1432 1352 (22),
1463 1283 1538 1347 ὣς
1569 1301 1732 1356 φησιν
1761 1286 1794 1338 ὁ

215 1361 532 1438 Προφήτης,
571 1371 1042 1445 παρωμοιὼθησαν
1065 1377 1474 1446 τοῖςκτήνεσιν.

213 1457 412 1510 nium:
446 1455 882 1530 quandoquidem
931 1481 1020 1520 res
1055 1475 1230 1535 grata,
1273 1483 1380 1536 qua
1426 1467 1550 1536 quis
1601 1477 1968 1538 temperanter
2017 1469 2238 1536 fruitur,
2275 1479 2332 1526 et
2375 1471 2596 1526 innoxia
2629 1489 2644 1525 :
2677 1478 2732 1526 et
2769 1469 3146 1538 unusquisque
3211 1473 3458 1521 nostrum

211 1561 444 1606 eatenus
474 1553 558 1606 sui
587 1553 844 1610 dominus
874 1566 976 1616 est.
1011 1568 1070 1612 ut
1099 1557 1284 1628 eligat,
1312 1575 1379 1612 an
1417 1559 1546 1614 velit
1581 1559 1780 1616 liberos
1847 1576 2156 1630 procreare.
2209 1563 2456 1633 Intelligo
2503 1573 2706 1628 autem,
2773 1562 2916 1632 quod
2965 1559 3134 1628 aliqui
3186 1555 3406 1616 quidem
3439 1593 3456 1617 ,

207 1645 314 1722 .qui
359 1655 622 1712 praetextu
693 1649 1029 1704 matrimonii
1077 1651 1452 1707 dillicultatnm
1507 1653 1576 1708 ab
1634 1668 1698 1708 eo
1751 1653 2150 1720 abstinuerunt,
2203 1671 2312 1711 IIoII
2363 1657 2744 1714 convenienter
2793 1661 2994 1710 sanctae
3051 1646 3346 1720 cognitioni
3391 1643 3458 1698 ad

213 1735 670 1794 inhumanitatem
709 1749 764 1796 et
797 1741 982 1796 odium
1015 1743 1298 1799 hominum
1347 1743 1718 1811 deﬂuxerunt,
1773 1753 1828 1800 et
1878 1745 2018 1814 perit
2073 1746 2216 1816 apud
2257 1746 2406 1816 ipsos
2445 1746 2718 1812 charitas;
2765 1744 2856 1798 alii
2897 1752 3076 1797 autem
3106 1735 3458 1796 matrimonio

210 1828 386 1900 ligati,
413 1842 468 1886 et
511 1834 658 1888 luxui
709 1849 774 1890 ac
831 1838 1198 1908 voluptatibus
1252 1839 1418 1896 dediti
1453 1879 1474 1906 ,
1537 1839 1656 1911 lege
1707 1839 2112 1910 quodammodo
2157 1855 2258 1898 eos
2307 1842 2618 1906 comitante,
2661 1839 2904 1902 fuerunt,
2943 1843 3005 1894 ut
3049 1835 3124 1890 ait
3157 1831 3454 1902 Propheta,

215 1943 238 1976 σ
273 1923 562 1978 assimilati
587 1924 848 1994 iumentis
877 1940 926 1982 ι.
966 1947 987 1980 ι

1649 2043 1880 2101 CAPUT
1921 2045 1990 2098 Χ.

1107 2157 1272 2213 Verba
1299 2159 1498 2217 Christi
1521 2160 1713 2216 Matth.
1781 2176 1939 2225 xvm,
1969 2159 2064 2222 9.0,
2094 2159 2310 2230 mystice
2329 2155 2560 2228 exponit.

277 2265 438 2329 Τίνες
463 2267 518 2320 δὲ
553 2287 572 2319 ι
593 2271 640 2322 οί
668 2269 761 2322 δύο
790 2271 886 2324 καὶ
911 2273 1062 2344 τρεῖς
1086 2273 1444 2346 ὑπάρχουσιν,
1474 2277 1531 2330 ὲν
1563 2275 1778 2346 ὀνόματι

1957 2273 2192 2342 Quinam
2228 2280 2357 2328 sunt
2390 2277 2571 2326 autem
2623 2268 2702 2324 illi
2733 2286 2754 2321 ι
2787 2267 2898 2322 duo
2939 2273 2992 2320 et
3021 2274 3153 2329 tres,
3184 2263 3278 2334 qui
3315 2279 3449 2320 con-

205 2356 448 2428 Χριστοῦ
503 2361 894 2432 συναγόμενοι,
939 2382 958 2414 ι
999 2364 1130 2435 παρ’
1174 2359 1256 2428 οἷς
1301 2384 1318 2416 r
1353 2363 1520 2436 μέσος
1565 2366 1712 2418 ἐστὶν
1755 2366 1786 2418 ὁ

205 2448 448 2520 Κύριος;
481 2469 500 2502 ι
537 2451 570 2522 ἢ
606 2453 728 2524 ούχί
754 2454 920 2526 ἄνδρα
947 2455 1040 2509 καὶ
1065 2459 1297 2524 γυναῖκα
1323 2457 1418 2510 καὶ
1447 2457 1634 2510 τέκνον
1659 2457 1786 2521 τοὺς

204 2543 360 2612 τρεῖς
403 2540 586 2610 λέγεις
643 2545 728 2598 ὅτι
761 2545 915 2619 ἀνδρὶ⁹
946 2547 1082 2620 γυνὴ
1133 2549 1220 2604 διὰ
1260 2549 1393 2604 Θεοῦ
1461 2551 1780 2623 ἁρμόζεται.

219 2633 383 2688 Ἀλλὰ
417 2634 516 2688 κᾶν
546 2635 778 2702 εῦζωνὸς
825 2657 911 2704 τις
943 2635 1082 2694 εἶναι
1119 2640 1277 2715 θέλῃ,
1317 2645 1416 2714 οὐχ
1466 2643 1785 2716 αἱρούμενος

207 2725 308 2790 τὴν
362 2727 702 2784 παιδοποιίαν
753 2731 840 2784 διὰ
883 2731 980 2803 τὴν
1031 2735 1088 2785 ὲν
1132 2734 1444 2806 παιδοποιίᾳ
1491 2735 1780 2806 ἀσχολίαν,

207 2818 471 2883 Μενέτω,
510 2821 672 2892 φησὶν
709 2825 737 2876 ὁ
801 2824 1119 2890 Ἀπόστολος
1143 2865 1158 2888 ,
1199 2826 1407 2896 ἄγαμος
1454 2826 1564 2898 ('25)
1587 2866 1602 2890 ,
1651 2845 1670 2878 ι
1708 2827 1784 2892 ὡς

209 2910 386 2977 κάγώ.
413 2931 432 2964 I
471 2913 760 2968 Βούλεσθαι
799 2916 906 2986 γὰρ
949 2917 1128 2986 λέγειν
1161 2917 1250 2972 τὸν
1295 2918 1496 2990 Κύριον
1531 2919 1784 2990 ἐξηγοῦν-

207 3016 318 3064 ται,
357 3003 494 3072 μετὰ
537 3004 638 3074 μὲν
677 3007 784 3060 τῶν
814 3007 1104 3074 πλειόνων,
1137 3009 1230 3064 τὸν
1275 3012 1610 3084 Δημιουργὺν
1644 3009 1782 3066 εἶναι

205 3091 298 3143 τὸν
333 3097 710 3168 γενεσιουργὸν
746 3098 898 3161 Θεὸν,
935 3101 1074 3171 μετὰ
1106 3102 1162 3156 δὲ
1205 3102 1297 3156 τοῦ
1331 3104 1466 3167 ἑνὸς,
1499 3103 1592 3156 τοῦ
1632 3103 1782 3156 ἐκλε-

207 3183 363 3246 κτοῦ,
393 3186 482 3238 τὸν
527 3189 773 3262 Σωτῆρα,
808 3191 968 3244 ἄλλου
997 3193 1236 3264 δηλονότι
1282 3195 1415 3248 Θεοῦ
1449 3195 1541 3248 τοῦ
1577 3194 1780 3264 ἀγαθοῦ

207 3273 340 3326 ἰ’ξῗλν
372 3293 454 3328 ττι
481 3295 526 3310 ι·
563 3277 574 3294 ⁵
806 3280 844 3300 δ’
906 3282 952 3314 ι’.
1027 3282 1090 3314 τ’..
1143 3301 1168 3318 ρ
1239 3303 1250 3314 ε
1340 3301 1354 3314 ο
1428 3284 1505 3302 “"
1539 3283 1630 3318 "p.-
1685 3303 1694 3318 .
1725 3286 1744 3312 1.

391 3294 667 3343 κροκίου.
801 3295 828 3332 ο
874 3298 970 3351 om
994 3300 1165 3347 οδ.ω,
1210 3283 1320 3354 ἔχει
1391 3287 1488 3338 ἀλλ
1537 3299 1650 3338 ευιι
1683 3303 1781 3356 μέν

205 3367 300 3420 καὶ
339 3368 478 3438 μετὰ
525 3369 632 3422 τῶν
677 3373 965 3443 σωῳρόνως
1009 3375 1304 3445 γημάντων
1343 3375 1436 3427 καί
1469 3393 1782 3448 τεκνοποιη-

207 3461 420 3514 σάντων
451 3464 478 3514 ὁ
503 3462 632 3526 θεὸς
655 3463 722 3516 δι’
759 3464 888 3517 Υἱοῦ
906 3483 918 3495 ·
947 3465 1061 3518 ἔστι
1091 3466 1146 3520 δὲ
1181 3467 1276 3520 καὶ
1305 3467 1442 3538 μετὰ
1465 3467 1558 3520 τοῦ
1583 3471 1782 3540 ἐγκρα-

203 3554 540 3624 τευσαμένου
563 3554 834 3624 λογικῶςὸ
858 3556 1018 3619 αύτδς
1035 3556 1294 3622 ὡσαύτως
1327 3557 1476 3623 Θεός.
1491 3553 1616 3612 Εἶεν
1640 3559 1682 3612 δ’
1713 3559 1778 3614 ἂν

205 3647 302 3700 καὶ
319 3619 490 3710 ἄλλως
517 3651 564 3701 οί
591 3619 689 3718 μέν
709 3651 854 3722 τρεῖς
885 3649 1177 3720 (lupos-(9.4)
1198 3669 1256 3704 τε
1275 3619 1378 3706 *καῖ
1397 3619 1658 3724 ἐπιθυμία
1683 3656 1776 3710 καὶ
1805 3619 1845 3676 C

202 3737 484 3810 λογισμὸς,
508 3738 641 3810 σὰρξ
657 3739 766 3810 ('25)
783 3740 838 3792 δὲ
865 3741 956 3794 καὶ
978 3741 1123 3812 ψυχὴ
1149 3742 1242 3796 καὶ
1257 3742 1470 3813 πνεῦμα
1484 3745 1600 3797 κατ’
1617 3745 1774 3800 ἄλλον

203 3829 392 3898 λόγον·
421 3833 558 3901 τάχα
587 3832 642 3887 δὲ
679 3833 772 3886 καὶ
803 3831 900 3903 τὴν
931 3833 1124 3904 κλῆσιν
1157 3835 1255 3905 τήν
1290 3851 1350 3888 τε
1383 3835 1610 3907 ἐκλογὴν
1649 3837 1770 3890 δευ-

199 3923 390 3993 τέραν,
415 3927 510 3978 καὶ
532 3925 711 3996 τρίτον
738 3926 798 3979 τὸ
829 3928 906 3989 είς
931 3927 1030 3996 τὴν
1057 3926 1280 3998 πρώτην
1301 3929 1466 3999 τιμὴν
1499 3947 1772 3984 κατατασ-

205 4015 433 4084 σύμενον
485 4018 678 4085 γένος,
730 4019 1030 4074 αἰνίσσεται
1072 4021 1104 4090 ἡ
1163 4021 1528 4094 προειρημένη
1583 4023 1768 4094 τριόις⁸

205 4107 328 4176 μεθ’
361 4101 438 4160 ὧν
474 4109 507 4179 ἡ
558 4109 958 4174 πανεπίσκοπος
985 4109 1081 4164 τοῦ
1121 4109 1254 4164 Θεοῦ
1289 4111 1514 4183 δύναμις
1553 4113 1774 4186 ἀμερῶς
1827 4162 1834 4172 .

207 4199 460 4270 μεριστὴ.
511 4200 566 4253 Ὀ
607 4200 782 4254 τοίνυν
815 4202 936 4264 ταῖς
969 4201 1108 4254 κατὰ
1150 4201 1308 4268 φύσιν
1353 4201 1648 4272 ἐνεργείαις
1674 4201 1774 4270 τῆς

201 4289 386 4360 ψυχῆς
427 4292 484 4343 ἐν
515 4291 682 4344 δέοντι
729 4291 1009 4363 χρώμενος
1058 4291 1314 4362 ἐπιθυμεῖ
1359 4293 1456 4362 μὲν
1501 4289 1609 4344 τῶν
1651 4291 1772 4344 κατ’

203 4379 452 4450 ἀλλήλων
489 4381 620 4450 {26),
659 4385 810 4452 μισεῖ
839 4381 894 4434 δὲ
923 4382 992 4436 τὰ
1023 4381 1564 4452 βλάπτοντακκαθὼς
1593 4386 1648 4436 αἱ
1685 4386 1772 4438 ὲν-

201 4471 356 4526 τολαὶ
406 4473 514 4543 (Ξῖ)
557 4474 1009 4546 προστάττουσιν·
1047 4492 1068 4527 ι
1115 4473 1518 4546 Ἐνευλογήσεις
1559 4493 1578 4526 ι
1631 4473 1768 4544 γὰρ,

281 4584 463 4642 IPsal.
492 4601 688 4649 XLVIII,
753 4587 844 4642 21.

275 4701 404 4775 (21),
437 4701 870 4775 ξᾼπίσχημένοι.
938 4703 1199 4775 Usilatius
1259 4704 1659 4775 ἀπεσχημένοι,
1715 4713 1774 4759 ut

202 4773 330 4830 cum
359 4773 650 4844 alIlIirtIttII
687 4791 806 4844 pag.
839 4775 960 4841 196,
991 4775 1114 4828 ⁵258.
1150 4773 1414 4828 SYLBUIIG.

276 4844 392 4924 (ἓξ)
431 4843 538 4940 ξ’οῇ
577 4843 771 4924 νόμον
799 4844 1230 4940 οξηιπεριςορᾷ.
1267 4844 1536 4940 Ιιιιεὲὶίξζῖξ,
1565 4854 1625 4899 ιιι
1651 4845 1770 4916 opi-
1801 4884 1848 4940 Β

203 4929 333 4976 nor,
361 4913 750 4983 indulgentiam
787 4913 1024 4982 plurium
1064 4913 1302 4968 uxorum
1350 4913 1602 4969 Patribns
1639 4913 1770 4970 con-

203 4997 416 5054 cessam
444 5024 460 5048 ,
503 5001 556 5054 γ.
591 4999 710 5054 pag.
758 4985 881 5038 Mil.
926 4985 1146 5040 Lowrn.
1171 5016 1240 5025 —
1263 4983 1356 5038 Vel
1395 4985 1448 5040 id
1482 4985 1765 5052 intelligit.

201 5054 347 5125 quod
397 5053 450 5105 in
501 5052 688 5108 Latina
742 5057 988 5110 versione
1041 5056 1432 5125 expressimus,
1475 5057 1766 5110 nonnullos

203 5124 436 5186 scilicet,
474 5134 733 5194 praetextu
787 5124 1152 5188 matrimonii,
1183 5141 1246 5180 ac
1278 5125 1499 5193 proinde
1533 5127 1673 5194 lege,
1709 5135 1768 5182 ut

203 5194 306 5248 sibi
338 5193 688 5262 persuadent,
725 5198 1089 5264 permittente,
1119 5195 1268 5250 carni
1313 5195 1539 5249 nimium
1587 5193 1764 5250 indul-

197 5281 350 5387 pore:
377 5280 500 5317 eum
531 5279 560 5318 e
577 5275 786 5328 contra,
815 5276 872 5320 ut
894 5276 1079 5334 ροιεῑρο
1105 5267 1234 5319 dicit
1257 5283 1269 5317 :
1295 5265 1588 5336 Σωφρόνως
1613 5267 1768 5318 ἐϐού-

227 5353 326 5387 ετο
370 5337 490 5387 ταῖς
537 5339 801 5387 γαμεταῖς
845 5337 1079 5387 χρῆσθαι
1129 5338 1254 5387 τοὺς
1283 5335 1498 5387 ἄνδρας.
1540 5337 1633 5387 καὶ
1677 5335 1768 5387 ἐπὶ

227 5353 326 5406 ετο
370 5337 493 5406 ταῖς
537 5339 815 5406 γαμεταῖς
845 5337 1079 5406 χρῆσθαι
1129 5338 1254 5400 τοὺς
1283 5335 1498 5406 ἄνδρας,
1540 5337 1633 5389 καὶ
1677 5335 1770 5388 ἐπὶ

200 5405 340 5476 μόνη
373 5404 704 5476 παιδοποιίᾳο
746 5425 764 5458 ι
801 5404 906 5460 Lex
943 5404 1103 5462 'viros
1149 5404 1423 5460 moderate
1457 5416 1512 5460 ct
1549 5417 1770 5475 propter

195 5477 376 5530 solum
429 5476 718 5528 liberorum
768 5477 1196 5544 procreationem
1247 5477 1508 5530 uxoribus
1559 5477 1636 5528 uti
1673 5493 1768 5530 vo-

195 5545 335 5604 luit;
365 5561 420 5612 p.
450 5545 552 5599 456
587 5547 714 5600 edit.
747 5543 918 5602 Paris.
950 5547 1105 5600 Conf.
1141 5546 1355 5615 Pa’dng.
1389 5545 1480 5600 lib.
1507 5561 1564 5607 ll,
1595 5563 1642 5599 c.
1678 5543 1764 5600 10.

267 5615 388 5680 (‘25)
425 5616 691 5684 ’Ἀγαμος.
727 5615 850 5672 Hch
871 5633 970 5672 vox
996 5615 1104 5670 non
1127 5619 1299 5671 solum
1331 5631 1454 5668 eum
1504 5616 1768 5684 signiﬁcat

195 5689 292 5754 qui
331 5701 609 5754 nunquam
659 5702 880 5742 uxorem
929 5687 1102 5750 duxit,
1133 5687 1230 5741 sed
1267 5687 1428 5739 etiam
1466 5701 1588 5754 eum
1650 5687 1766 5754 qui,

197 5753 375 5810 uxore
403 5767 616 5809 mortua
639 5797 654 5824 ,
688 5757 846 5810 aliam
879 5775 986 5812 non
1021 5756 1176 5810 duxit
1214 5774 1226 5808 :
1264 5755 1482 5822 utapud
1521 5753 1766 5820 Latinos,

197 5825 638 5898 cmlebsnl‘Cor.
695 5841 790 5886 γη,
845 5827 934 5898 lo,
987 5825 1484 5898 1ι1ί.ΑΠαραγγέλλω
1539 5829 1778 5898 γυναῖκα.

199 5895 312 5948 ἀπὸ
341 5893 536 5968 ἀνδρὸς
571 5893 644 5966 μὴ
677 5897 1026 5969 χωρισθῆναιο
1059 5896 1150 5951 ἐὰν
1173 5893 1228 5949 δὲ
1259 5893 1352 5951 καὶ
1379 5895 1638 5968 χωρισθῇ,
1677 5913 1768 5966 με-

1885 2371 2178 2434 gregantur
2207 2363 2264 2418 in
2287 2377 2507 2418 nomme
2539 2359 2776 2424 Domini,
2803 2360 2857 2413 in
2887 2377 2908 2410 ›
2941 2371 3176 2428 quorum
3215 2359 3274 2418 >14
3296 2370 3313 2402 ι
3341 2370 3455 2408 rue-

1884 2456 1980 2511 dio
2016 2474 2036 2508 ι
2077 2463 2160 2512 est
2203 2454 2468 2510 Dominus
2489 2453 2518 2494 1⁵
2540 2454 2564 2507 Ἰ
2587 2467 2770 2508 annon
2799 2451 2976 2506 virum
3006 2459 3060 2506 et
3089 2448 3370 2502 mulierem
3399 2457 3456 2500 et

1885 2548 2060 2604 ﬁlium
2107 2557 2218 2604 tres
2263 2547 2415 2614 dicit,
2465 2545 2726 2616 quoniam
2780 2543 2976 2598 mulier
3019 2557 3144 2596 cum
3189 2541 3309 2594 viro
3357 2555 3454 2608 per

1885 2639 2056 2694 Deum
2105 2639 2493 2710 conjungitur?
2538 2636 2692 2704 Quod
2741 2636 2788 2692 si
2839 2634 3118 2692 accinctus
3159 2633 3285 2702 quis
3329 2645 3454 2684 esse

1882 2731 2016 2786 velit
2053 2738 2107 2788 et
2147 2729 2456 2800 expeditus,
2489 2744 2602 2784 non
2655 2727 2846 2784 volens
2895 2741 3180 2798 procreare
3223 2724 3450 2790 liberos,

1885 2830 2110 2891 propter
2141 2833 2282 2884 eam,
2315 2834 2438 2890 qua:
2472 2827 2556 2873 est
2595 2819 2652 2872 in
2699 2817 3054 2888 procreandis
3085 2815 3295 2882 liberis,
3331 2829 3450 2868 mo-

1885 2915 2096 2970 lestiam
2127 2922 2182 2968 et
2207 2912 2644 2984 occupationem,
2686 2929 2708 2962 ι
2739 2919 2978 2973 maneat,
3007 2927 3028 2962 ι
3079 2907 3256 2978 inquit
3306 2906 3450 2975 Apo-

1883 3007 2077 3070 stolus,
2127 3006 2334 3075 absque
2396 3019 2565 3058 uxore
2620 3011 2729 3058 tut
2781 3017 2882 3074 ego
2905 3013 2986 3057 ε.»
3038 2997 3268 3065 Quidam
3322 3013 3454 3052 vero

1883 3101 2104 3156 eﬂ’atum
2129 3097 2342 3154 Domini
2388 3104 2689 3166 exponunt,
2721 3109 2785 3150 ac
2819 3095 2863 3148 si
2897 3093 3144 3160 dixisset,
3178 3106 3301 3146 cum
3329 3089 3452 3160 plu-

1882 3190 2034 3246 ribus
2067 3189 2286 3258 quidem
2312 3201 2434 3244 esse
2461 3185 2774 3242 Creatorem
2821 3199 2886 3239 ac
2917 3183 3199 3254 praesidem
3225 3197 3454 3252 genera-

1883 3283 2049 3338 tionis
2085 3281 2293 3346 Deum;
2343 3294 2468 3334 cum
2499 3293 2610 3332 uno
2639 3285 2842 3342 autem,
2877 3290 3070 3344 nempe
3095 3275 3288 3342 electo,
3323 3271 3448 3328 Ser-

1885 3381 2148 3438 vatorem,
2172 3369 2263 3440 qui
2305 3369 2552 3434 alterius,
2575 3368 2703 3422 boni
2751 3367 2976 3429 scilicet,
3013 3364 3106 3420 Dei
3139 3363 3308 3418 Filius
3355 3364 3446 3418 sit.

1882 3463 1996 3519 Hoc
2045 3473 2225 3518 autem
2275 3477 2382 3517 non
2423 3461 2496 3516 ita
2539 3461 2742 3516 habet:
2773 3459 2866 3514 sed
2909 3468 2992 3514 est
3034 3458 3250 3530 quidem
3283 3457 3446 3512 etiam

1881 3575 2004 3612 cum
2039 3559 2128 3622 iis,
2156 3557 2248 3627 qui
2287 3557 2518 3612 honeste
2557 3569 2620 3610 ac
2667 3555 2946 3609 moderate
2991 3553 3046 3608 in
3096 3552 3450 3607 matrimonio

1881 3650 2080 3706 versati
2141 3658 2288 3714 sunt,
2337 3660 2392 3704 et
2449 3647 2652 3702 liberos
2701 3652 3079 3712 susceperunt,
3146 3643 3292 3700 Deus
3351 3657 3464 3712 per

1885 3743 2080 3796 Filium
2113 3750 2232 3796 :est
2272 3749 2452 3796 autem
2485 3739 2650 3794 etiam
2695 3753 2818 3794 cum
2865 3752 2954 3801 eo,
2999 3737 3093 3808 qui
3143 3736 3446 3792 secundum

1879 3837 2064 3906 logou,
2129 3849 2224 3890 seu
2275 3832 2564 3897 rationem,
2613 3829 2714 3884 fuit
2743 3829 3058 3898 continens,
3103 3829 3245 3884 idem
3275 3827 3446 3884 Deus.

1879 3927 2106 3982 Fuerint
2136 3933 2318 3980 autem
2363 3924 2519 3978 aliter
2551 3936 2770 3992 quoque
2808 3931 2918 3976 tres
2946 3921 3188 3989 quidem,
3217 3921 3318 3986 ira,
3346 3934 3444 3974 cu-

1879 4020 2098 4088 piditas,
2133 4026 2188 4071 et
2225 4015 2364 4070 ratio
2397 4033 2410 4069 :
2457 4029 2587 4068 caro
2613 4021 2794 4068 autem
2825 4021 2880 4068 et
2911 4012 3092 4066 anima
3120 4021 3172 4066 et
3196 4012 3444 4080 spiritus.

1879 4111 1982 4164 alia
2011 4111 2241 4164 ratione.
2267 4107 2429 4162 Forte
2453 4116 2634 4162 autem
2673 4115 2728 4159 et
2761 4105 3098 4160 vocationem
3130 4113 3184 4158 et
3219 4103 3444 4158 electio-

1881 4217 2003 4256 nem
2035 4200 2350 4265 secundam,
2388 4207 2445 4252 et
2489 4197 2706 4252 tertium
2763 4212 2957 4266 genus,
2983 4195 3130 4265 quod
3183 4194 3238 4248 in
3269 4193 3462 4264 primo.

1881 4293 2088 4346 honore
2136 4291 2456 4352 collocatur,
2497 4290 2676 4344 innuit
2711 4279 2844 4344 trias
2897 4289 3048 4357 prius
3083 4287 3230 4342 dicta
3267 4305 3280 4340 :
3316 4301 3442 4340 cum

1879 4383 2078 4452 quibus
2113 4389 2216 4446 est,
2259 4396 2382 4450 quae
2425 4381 2617 4454 omnia
2670 4379 2996 4444 considerat,
3039 4377 3134 4432 Dei
3179 4385 3440 4446 potestas,

1879 4475 2082 4542 absque
2123 4473 2392 4528 divisione
2435 4472 2634 4528 cadens
2676 4471 2730 4526 in
2771 4469 3118 4526 divisionem.
3155 4467 3260 4536 Qui
3307 4483 3444 4534 ergo

924 4587 1058 4652 )IqP.
1083 4589 1186 4644 διε
1210 4587 1318 4642 ΕΙ).
1355 4586 1648 4655 POTTER,
1675 4589 1778 4644 451

1889 4588 1922 4642 5
1953 4587 2058 4642 ED.
2091 4586 2314 4642 PARIS.
2391 4587 2420 4628 δ
2449 4586 2638 4642 Matth.
2666 4602 2821 4650 xvm,
2845 4585 2936 4643 9.0.
3013 4597 3036 4626 ο
3062 4583 3232 4641 lCor.
3259 4601 3358 4652 vn,
3382 4587 3436 4641 7.

1879 4701 2272 4774 vérwﬁyapog,
2301 4701 2333 4774 ἢ
2356 4701 2436 4774 τῷ
2459 4703 2612 4772 ἀνδρὶ
2623 4703 3052 4774 ριαταλλαγήτω.

1949 4773 2064 4840 (21)
2101 4771 2332 4842 Θὺμόςί
2353 4771 2594 4842 Respicit
2623 4771 2956 4828 Platonicam
2991 4772 3187 4826 animae
3213 4772 3440 4827 divisio-

1879 4860 2000 4900 nem
2037 4843 2090 4897 in
2121 4853 2324 4913 partem
2357 4843 2854 4913 concupiscibilem.
2879 4843 3244 4913 irascibilem,
3269 4853 3322 4896 et
3353 4859 3440 4896 ra-

1877 4911 2134 4986 tionalem
2162 4930 2174 4964 :
2204 4913 2270 4968 de
2305 4929 2412 4983 qua
2455 4911 2705 4983 superius
2752 4913 2818 4968 ad
2852 4915 3178 4986 principium
3213 4911 3432 4982 Pwdag.

1873 4984 1966 5038 lib.
1997 4999 2080 5050 III,
2105 4985 2303 5038 dictum
2327 4994 2435 5038 est.

1943 5055 2056 5122 (:25)
2085 5053 2264 5122 Σάρέ.
2293 5053 2410 5108 Alia
2439 5055 2690 5109 humana:
2713 5064 2923 5109 natura:
2947 5054 3164 5110 divisio.
3196 5052 3286 5109 Sic
3313 5053 3437 5109 Cle-

1873 5121 2072 5194 mentis
2107 5121 2409 5194 diScipulus
2449 5121 2710 5194 Origenes
2755 5124 3020 5179 Philacul.
3062 5142 3112 5192 p.
3144 5123 3177 5178 8
3211 5141 3223 5176 :
3263 5126 3319 5178 Ὁ
3347 5127 3440 5180 ἇν-

1874 5193 2090 5267 Θρωπος
2121 5193 2446 5267 συνέστηκεν
2471 5196 2536 5247 ὲκ
2566 5194 2812 5266 σώματος
2840 5198 2932 5250 καὶ
2953 5195 3130 5267 ψυχῆς
3155 5196 3248 5248 καὶ
3279 5195 3440 5248 πνεύ-

1877 5265 2063 5336 ματος·
2105 5285 2121 5315 ε
2171 5265 2343 5320 llomo
2369 5281 2434 5336 ex
2478 5265 2734 5336 corpore,
2781 5265 3051 5336 animalet
3085 5265 3277 5336 Spiritu
3303 5283 3438 5320 con-

1873 5335 1996 5390 Stat.
2035 5355 2052 5385 ι
2087 5337 2320 5390 1Γο11ἱῐ³115
2345 5335 2438 5389 lib.
2471 5351 2534 5400 v,
2563 5335 2718 5389 initio
2745 5352 2792 5390 c.
2821 5337 2854 5390 9
2879 5353 2891 5388 :
2927 5357 2945 5388 ι
2974 5335 3250 5390 Perfectus
3279 5337 3440 5389 homo

1873 5413 2085 5458 constat
2109 5421 2294 5470 carne,
2320 5407 2502 5459 animo
2533 5413 2589 5459 et
2617 5407 2830 5474 Spiritu.
2865 5426 2882 5458 ι
2911 5407 3049 5461 Ante
3083 5409 3182 5460 hos
3215 5405 3276 5474 D.
3305 5403 3442 5458 Pau-

1875 5475 1960 5528 lus
1987 5474 2006 5526 1
2036 5473 2227 5530 Thess.
2255 5492 2306 5538 ν,
2333 5476 2424 5530 25.
2454 5475 2588 5546 dixit
2613 5493 2624 5526 :
2650 5473 2826 5540 Αὐτὸς
2857 5477 2914 5529 δὲ
2951 5480 2980 5531 ὁ
3005 5477 3138 5540 Θεὸς
3163 5473 3258 5546 τῆς
3286 5477 3441 5546 εἰρήτ-

1872 5547 2214 5618 νηςᾲάγιάσαι
2245 5547 2388 5618 ὑμᾶς
2421 5545 2710 5618 ὁλοτελεῐςε
2751 5549 2842 5600 καὶ
2869 5547 3160 5618 ὁλόκληρον
3196 5544 3358 5618 ὑμῶν
3377 5544 3440 5618 τὸ

1870 5615 2084 5686 πνεῦμα
2129 5619 2221 5671 καὶ
2235 5615 2293 5698 ’ἡ
2323 5617 2468 5687 ψυχὴ
2509 5617 2603 5670 καὶ
2633 5617 2692 5670 τὸ
2731 5617 2890 5688 σῶμα
2931 5615 3233 5689 ἀμέμπτως
3281 5617 3338 5667 ὲν
3369 5617 3435 5685 τῇ

1871 5687 2140 5740 παρουσία
2169 5705 2262 5740 του
2293 5687 2494 5740 Κυρίου
2525 5686 2815 5740 ττοηθείηί

1871 5704 1946 5738 πα
1985 5704 2140 5754 ουσιᾳ
2169 5705 2262 5740 του
2293 5704 2494 5757 λυριου
2525 5704 2814 5758 ττοηοειηι

1871 5825 1886 5836 .
1943 5704 2052 5827 ἐϋ)
2080 5758 2214 5812 Κατ’
2245 5755 2549 5836 dati-visione.
2581 5737 2802 5836 Rectius
2841 5757 3129 5826 coniuncte
3163 5751 3436 5822 καταλλή-

1875 5827 1998 5886 λων,
2031 5847 2047 5876 ι
2085 5827 2546 5882 convenientium.
2579 5847 2600 5878 ι
2633 5827 2896 5882 Sanunc.

1966 5897 2054 5968 27)
2081 5901 2148 5954 Al
2177 5898 2435 5954 ὲντολαί,
2457 5895 2580 5954 llaec
2605 5898 2658 5954 in
2688 5897 2744 5954 S.
2777 5897 3054 5966 Scriptura
3069 5895 3267 5952 frustra
3289 5910 3436 5968 qua-
