3938 6302
251 310 392 367 ΙΠ5

1518 303 1951 364 STROMATUM
1990 302 2116 360 LIB.
2152 301 2244 360 111.

3355 286 3491 347 ιιιι

249 433 376 496 τοὺς
407 429 604 501 ἄνδρας
635 431 665 482 ό
704 429 866 500 νόμος
913 429 1006 482 καὶ
1038 427 1130 481 ἐπὶ
1165 427 1302 500 μόνῃ
1332 425 1444 494 (5-2)
1494 425 1815 496 παιδοποιίας

1931 433 2148 494 propter
2207 420 2380 476 solam
2442 419 2736 475 liberorum
2802 417 3200 488 susceptionem
3227 456 3243 484 ,
3303 429 3370 470 ex
3423 428 3491 468 eo

235 523 408 596 δῆλον
437 525 500 576 ἐκ
524 521 617 576 τοῦ
651 521 877 576 κωλύειν
909 522 1005 592 μὲν
1037 524 1101 592 τῇ
1132 539 1150 572 ι
1187 518 1515 592 αἰχμαλώτῳ
1540 538 1557 570 ι
1587 519 1700 589 (55)
1724 536 1825 573 πα·

251 615 512 690 ραχρῆμα
555 614 940 686 ἐπιμίγνυσθαι
985 614 1078 667 τὸν
1108 613 1319 684 ἄγαμον
1342 629 1355 642 °
1392 611 1824 684 ἐπιθυμήσαντος

246 708 308 763 δὲ
339 705 506 773 ἅπαξ,
536 706 828 778 τριάκοντα
857 704 1072 759 πενθεῖν
1098 705 1412 775 ἐπιτρέπειν
1443 703 1673 774 ἡμέρας,
1709 721 1824 756 κει-

249 799 459 872 ραμένη
490 798 582 852 καὶ
613 799 712 862 τάς
742 794 930 872 τρίχας
951 816 964 828 °
996 799 1046 851 εἰ
1077 799 1133 852 δὲ
1161 797 1282 868 μηδ’
1309 795 1479 860 οὕτως
1514 796 1826 868 μαραίνοιτο

247 893 282 963 ἡ
317 891 601 963 ἐπιθυμία,
629 891 750 944 τότε
776 889 1222 953 παιδοποιεῖσθαι,
1249 890 1708 961 δεδοκιμασμένης
1725 887 1824 959 τῆς

244 985 426 1057 όρμῆς
470 984 567 1055 τῆς
622 983 978 1056 κυριευούσης
1024 983 1166 1037 κατά
1209 983 1306 1054 τήν
1354 981 1692 1054 προθεσμίαν
1729 979 1822 1034 τοῦ

246 1078 462 1150 χρόνου,
497 1080 576 1141 είς
615 1077 795 1149 ὅρεξιν
827 1077 1066 1146 εὔλογον.
1102 1075 1262 1130 Ὅθεν
1307 1077 1368 1128 ού
1401 1075 1632 1140 δείξειας
1658 1072 1822 1142 ἐγκύ-

250 1187 372 1240 μονι
410 1167 787 1238 πλησιάσαντα
817 1167 927 1223 τῶν
971 1167 1355 1240 πρεσϐυτέρων
1402 1165 1524 1220 τινὰ
1551 1164 1690 1218 κατά
1727 1164 1824 1234 τὴν

245 1261 502 1333 Γραφήνο
539 1261 653 1315 ἀλλ’
687 1261 912 1332 ὕστερον
948 1261 1083 1332 μετά
1113 1279 1172 1314 τε
1203 1261 1303 1332 τὴν
1341 1258 1633 1332 κυοφορίαν
1687 1256 1825 1329 μετά

244 1372 303 1407 τε
333 1353 432 1425 τὴν
472 1353 566 1408 τοῦ
601 1353 878 1424 τεχθέντος
905 1353 1300 1423 γαλακτουχίαν
1344 1351 1523 1424 εὕροις
1565 1351 1632 1404 ἂν
1664 1350 1823 1403 πάλιν

243 1444 388 1514 :96;
409 1443 514 1498 τῶν
539 1443 747 1514 ἀνδρῶν
767 1443 1172 1514 γινωσκομένας
1192 1443 1290 1506 τὰς
1311 1445 1593 1511 γυναῖκας.
1620 1439 1824 1494 Αὐτίκα

246 1536 436 1590 τοῦτον
485 1518 738 1610 έὺρήσεις
793 1535 884 1589 τὸν
924 1535 1122 1588 σκοπὸν
1170 1533 1262 1588 καὶ
1305 1533 1396 1586 τὸν
1422 1532 1514 1586 τοῦ
1547 1531 1822 1594 Μωῦσέως

245 1630 462 1701 πατέρα
515 1629 872 1698 φυλάσσοντα,
906 1627 1146 1700 τριετίαν
1193 1626 1507 1680 διαλιπόντα
1557 1624 1693 1695 μετά
1727 1623 1822 1696 τήν

241 1720 340 1774 τοῦ
414 1719 621 1791 Ἀαρὼν
673 1719 997 1789 ἀποκύησιν,
1053 1717 1384 1788 γεννήσαντα
1429 1714 1520 1768 τὸν
1563 1713 1818 1771 Μωῦσέα.

246 1813 322 1866 Ἥ
353 1829 412 1866 τε
448 1808 514 1866 αὖ
544 1812 799 1884 Λευῖτικὴ
831 1811 993 1882 φυλὴ,
1022 1809 1209 1862 τοῦτον
1235 1807 1578 1878 φυλάσσουσα
1611 1807 1702 1859 τὸν
1722 1806 1819 1878 τῆς

243 1905 463 1976 φύσεως
493 1907 653 1976 νόμον
683 1907 746 1959 ὲκ
773 1904 938 1967 Θεοῦ,
981 1903 1217 1956 ἐλάττων
1264 1901 1354 1956 τὸν
1393 1900 1623 1974 ἀριθμὸν
1671 1899 1821 1971 παρά

239 1997 342 2062 τὰς
372 1997 536 2060 ἄλλας
572 1999 652 2060 είς
693 1996 789 2067 τὴν
838 1994 1393 2068 προκατηγγελμένην
1437 1992 1650 2063 εἰσῆλθε
1675 1993 1776 2062 γῆν
1800 2006 1816 2021 ·

239 2089 300 2142 οὐ
332 2089 443 2160 γὰρ
475 2088 668 2161 ῥᾳδίως
696 2087 914 2153 αὐξάνει
940 2087 1093 2156 γένος
1127 2087 1206 2150 εἰς
1241 2083 1631 2155 πολυπληθίαν,
1669 2099 1820 2136 σπει-

243 2181 455 2256 ράντων
503 2181 601 2253 μὲν
645 2181 751 2235 τῶν
795 2180 1005 2251 ἀνδρῶν
1037 2178 1144 2232 τῶν
1188 2178 1280 2231 τὸν
1312 2176 1450 2232 κατά
1475 2179 1600 2241 τοὺς
1623 2177 1819 2248 νόμους

239 2276 420 2346 γάμον
453 2273 888 2345 ἁναδεδεγμένων
908 2313 922 2337 ,
963 2271 1338 2343 ἀναμενόντων
1377 2269 1433 2322 δὲ
1465 2270 1526 2323 οὐ
1571 2269 1669 2340 τὴν
1692 2287 1820 2322 κυο-

241 2370 441 2440 φορίαν
476 2369 655 2440 μόνον,
689 2367 824 2421 ἀλλά
860 2367 952 2421 καὶ
985 2366 1081 2438 τὴν
1109 2363 1522 2435 γαλακτουχίαν.
1559 2362 1717 2416 Ὅθεν
1742 2363 1819 2415 εί-

240 2463 418 2527 κὸτως
444 2461 538 2516 καὶ
558 2463 586 2514 ό
616 2461 875 2530 Μωῦσῆς,
899 2460 1017 2512 κατ’
1036 2458 1214 2527 ὀλίγον
1239 2459 1317 2520 είς
1343 2453 1666 2526 ἐγκράτειαν
1688 2470 1818 2525 προ-

241 2556 482 2620 ϐιϐάζων
516 2554 640 2617 τοὺς
672 2552 976 2615 Ἰουδαίους,
994 2549 1157 2624 τριῶν
1189 2547 1412 2622 ἡμερῶν
1436 2544 1574 2600 κατά
1601 2545 1661 2598 τὸ
1693 2544 1817 2614 ἑξῆς

239 2648 656 2719 ἀπεσχημένους
689 2645 997 2716 ἀφροδισίου
1048 2643 1258 2713 ἡδονῆς,
1307 2639 1636 2714 προσέταξεν
1687 2641 1818 2692 ἐπα-

239 2743 426 2798 κούειν
459 2741 564 2796 τῶν
589 2741 747 2796 θείων
779 2739 970 2808 λόγων.
1001 2757 1020 2790 ι
1063 2739 1252 2808 Ἡμεῖς
1281 2732 1372 2790 οὖν
1409 2735 1524 2789 ναοὶ
1551 2732 1644 2786 τοῦ
1682 2732 1816 2786 Θεοῦ

240 2837 433 2908 ἐσμεν,
465 2833 642 2897 καθὼς
675 2829 824 2886 εἶπεν
854 2833 882 2883 ὁ
919 2831 1199 2901 προφήτης
1229 2827 1339 2895 (5-6)
1362 2869 1376 2892 ,
1399 2828 1481 2881 ὅτι
1524 2825 1818 2896 Ἐνοικήσω

239 2930 297 2982 ὲν
327 2930 512 2990 αὐτοῖς
535 2927 627 2980 καὶ
648 2925 1095 2996 ὲμπεριπατήσω·
1124 2921 1217 2974 καὶ
1245 2920 1436 2990 ἔσομαι
1465 2918 1642 2974 αὐτῶν
1660 2918 1812 2982 Θεὸς,

239 3021 335 3073 καὶ
368 3019 521 3072 αὐτοὶ
548 3017 756 3070 ἔσονταί
789 3033 888 3086 μου
913 3016 1072 3077 λαός·
1111 3032 1128 3062 ι
1176 3012 1272 3065 ἐὰν
1300 3011 1437 3065 κατὰ
1473 3011 1570 3074 τάς
1599 3009 1816 3072 ἐντολάς

1925 516 2132 571 'clarum
2170 523 2272 581 est,
2305 513 2451 584 quod
2500 513 2750 582 prohibet
2791 513 3008 584 quidem
3041 525 3189 578 eum,
3238 508 3332 580 qui
3379 523 3492 561 non

1925 609 2087 664 habet
2110 624 2358 675 uxorem,
2402 607 2585 663 statim
2622 623 2747 662 cum
2784 625 2803 658 ι
2841 607 3049 677 captiva
3081 626 3099 659 ι
3133 604 3332 660 habere
3359 618 3492 658 con-

1924 701 2269 758 suetudinem
2297 712 2348 754 ⁸.
2399 699 2556 766 Quod
2619 699 2664 754 si
2724 699 2891 754 semel
2949 695 3357 760 desideraverit,
3416 691 3489 758 ei,

1924 810 2048 850 cum
2114 802 2270 848 tonsa
2324 792 2492 846 fuerit
2539 791 2786 862 capillos,
2837 790 3150 860 permittere
3195 794 3253 841 ut
3309 786 3492 854 lugeat

1926 886 2149 956 triginta
2177 884 2390 940 diebus.
2423 881 2480 938 Si
2527 895 2708 938 autem
2755 899 2824 939 ne
2857 883 2936 939 sic
2989 881 3208 951 quidem
3245 891 3490 935 ent-arce-

1925 987 2042 1034 seat
2070 977 2362 1048 cupiditas,
2394 985 2524 1032 tunc
2557 977 2744 1033 liberis
2781 992 3000 1047 operam
3030 975 3181 1042 dare,
3208 990 3332 1030 cum
3369 989 3490 1044 quae

1923 1071 2239 1127 dominatur
2284 1071 2561 1141 impulsio,
2590 1071 2818 1141 probata
2848 1071 2918 1126 sit
2953 1070 3220 1141 praeﬁnito
3249 1081 3493 1139 tempore

1924 1174 2292 1220 consentanea
2321 1147 2521 1220 ratiimi
2553 1166 2836 1236 appetitio.
2870 1163 3025 1220 Unde
3065 1163 3273 1218 nullum
3311 1178 3376 1218 ex
3403 1178 3492 1215 ve-

1925 1256 2134 1313 teribus
2187 1272 2255 1312 ex
2315 1257 2596 1328 Scriptura
2650 1257 2976 1322 ostenderis,
3022 1257 3116 1326 qui
3164 1271 3288 1312 eum
3349 1268 3490 1325 prte-

1923 1358 2123 1422 gnante
2164 1367 2280 1407 rem
2315 1351 2570 1407 habuerit
2600 1371 2614 1406 :
2652 1350 2746 1406 sed
2779 1359 3066 1420 postquam
3103 1348 3334 1420 gestavit
3374 1357 3493 1402 utc-

1923 1461 2068 1510 rum,
2100 1454 2155 1501 et
2199 1454 2490 1516 postquam
2543 1443 2748 1500 editum
2804 1441 2972 1497 letum
3019 1456 3049 1495 a
3094 1441 3232 1496 lacte
3261 1440 3489 1510 depulit,

1923 1553 2116 1594 rursus
2159 1551 2190 1591 a
2239 1538 2374 1593 viris
2403 1537 2650 1607 cognitas
2701 1534 2874 1590 fuisse
2916 1548 3139 1588 uxores.
3171 1531 3290 1586 Jam
3347 1531 3493 1585 hunc

1929 1630 2092 1702 196
2125 1646 2348 1702 scopum
2408 1639 2463 1686 et
2517 1629 2826 1685 institutum
2882 1626 3123 1683 invenies
3183 1637 3516 1681 servantem-

1922 1726 2126 1800 Moysis
2150 1739 2379 1799 patrem,
2408 1719 2532 1783 cum
2571 1725 2867 1783 triennium
2906 1733 3030 1795 post
3057 1729 3327 1778 Aaronem
3369 1721 3489 1776 edi-

1922 1826 2038 1873 tum
2094 1819 2504 1884 intermisisset,
2553 1817 2809 1889 genuisse
2864 1817 3125 1891 Moysem.
3184 1815 3250 1871 Et
3296 1831 3489 1871 rursus

1922 1909 2159 1966 Levitica
2198 1911 2397 1978 tribus,
2418 1926 2644 1967 servans
2672 1911 2812 1965 hanc
2841 1918 3050 1965 natura:
3080 1911 3252 1980 legem
3299 1924 3329 1963 a
3376 1909 3489 1964 Deo

1922 2001 2200 2064 traditam,
2243 2002 2366 2059 aliis
2421 2016 2650 2057 numero
2687 2001 2865 2056 minor
2899 2001 3147 2071 ingressa
3176 2009 3260 2055 est
3287 1999 3342 2053 in
3373 2009 3484 2054 ter-

1921 2111 2037 2149 ram
2085 2095 2433 2165 promissam.
2485 2093 2606 2150 Non
2671 2095 2816 2150 enim
2875 2093 3032 2148 facile
3089 2093 3487 2164 multiplicatur

1920 2201 2111 2254 genus,
2139 2201 2264 2240 eum
2301 2185 2404 2240 viri
2451 2185 2674 2254 quidem
2709 2183 3004 2248 seminant,
3046 2182 3286 2252 legitimo
3311 2181 3482 2250 juncti

1920 2274 2301 2345 matrimonio;
2349 2285 2671 2348 exspectant
2711 2284 2889 2331 autem
2940 2289 3050 2329 non
3107 2273 3284 2329 solum
3346 2272 3514 2327 uteri.

1919 2372 2297 2443 gestationem,
2330 2370 2424 2426 sed
2461 2370 2625 2426 etiam
2663 2385 2693 2423 a
2734 2368 2872 2422 laete
2903 2365 3297 2436 depulsionem.
3333 2362 3489 2419 Unde

1919 2465 2115 2520 merito
2139 2463 2352 2536 Moyses
2387 2477 2609 2535 quoque
2651 2461 2870 2517 Judaaos
2896 2458 3154 2531 paulatim
3179 2457 3515 2527 provehens.

1916 2559 1984 2613 ad
2011 2558 2425 2624 continentiam,
2466 2572 2590 2612 cum
2622 2561 2681 2618 ›Ῑ‹
2722 2574 2742 2606 ι
2778 2555 2958 2609 tribus
2993 2554 3183 2609 diebus
3210 2553 3238 2592 ιι
3277 2571 3296 2603 ι
3331 2552 3492 2606 dein-

1918 2665 2044 2720 ceps
2073 2651 2534 2720 consequentibus
2558 2665 2589 2704 a
2623 2663 2851 2704 venerea
2884 2648 3157 2716 voluptate
3184 2643 3488 2699 abstinuis-

1918 2753 2058 2806 sent,
2082 2743 2248 2813 jussit
2273 2743 2464 2799 audire
2491 2743 2657 2798 verba
2679 2743 2794 2797 Dei.
2825 2762 2844 2794 ι
2874 2741 2984 2796 Nos
3015 2755 3144 2810 ergo
3169 2739 3260 2793 Dei
3287 2737 3486 2807 templa

1918 2851 2129 2899 sumus,
2153 2838 2296 2892 sicut
2341 2837 2477 2892 dixit
2504 2836 2768 2906 propheta
2805 2854 2817 2889 :
2860 2833 3178 2888 lnhabitabo
3213 2833 3266 2885 in
3298 2832 3400 2895 eis,
3434 2839 3488 2884 et

1918 2927 2289 2992 inambulabo,
2316 2938 2372 2983 et
2391 2942 2486 2982 ero
2513 2941 2703 2981 eorum
2735 2923 2898 2989 Deus,
2929 2933 2982 2978 et
3006 2922 3110 2992 ipsi
3144 2926 3304 2975 erunt
3331 2934 3487 2974 meus

1916 3020 2170 3090 populus,
2201 3038 2219 3071 ι
2253 3022 2299 3074 si
2331 3033 2396 3074 ex
2428 3017 2712 3089 praeceptis
2743 3016 2910 3070 vitam
2951 3014 3319 3077 instituamus,
3370 3011 3487 3066 sive

240 3109 681 3180 πολιτευώμεθα,
717 3107 826 3160 εἴτε
855 3108 883 3159 ό
930 3103 1047 3159 καθ’
1089 3103 1318 3156 ’ἑκαστον
1361 3100 1537 3173 ἡμῶν,
1565 3102 1671 3154 εἴτε
1722 3099 1815 3154 καὶ

1922 3112 2121 3182 singuli
2154 3120 2426 3176 nostrum,
2460 3110 2575 3165 sive
2606 3119 2719 3164 tota
2756 3107 2919 3164 simul
2954 3104 3214 3160 Ecclesia.
3246 3121 3264 3156 ι
3303 3102 3483 3170 Quare

239 3202 471 3275 ἁθρόαή
519 3197 827 3268 Ἐκκλησία.
864 3217 882 3247 ι
917 3196 1007 3248 Διὸ
1051 3194 1290 3259 έξέλθετε
1325 3195 1388 3247 ὲκ
1434 3193 1599 3264 μέσου
1638 3191 1814 3245 αὐτῶν

238 3289 336 3343 καὶ
379 3285 707 3358 ἀφορίσθητε
732 3325 746 3348 ,
789 3284 934 3352 λέγει
976 3283 1204 3354 Κύριος
1261 3283 1352 3335 καὶ
1394 3281 1699 3352 ἀκαθάρτου
1741 3279 1815 3352 μὴ

238 3381 515 3437 ἅπτεσθε·
559 3380 710 3449 κάγὼ
737 3378 1041 3447 εἰσδέξομαι
1087 3377 1264 3446 ὑμᾶς,
1311 3377 1404 3431 καὶ
1451 3375 1642 3447 ἔσομαι
1689 3376 1815 3446 ὑμῖν

237 3477 320 3539 είς
352 3475 582 3546 πατέρα,
613 3474 705 3526 καὶ
729 3474 884 3544 ὑμεῖς
913 3471 1099 3524 ἔσεσθέ
1133 3489 1222 3542 μοι
1251 3472 1330 3534 εἰς
1359 3470 1508 3534 υἱοὺς
1536 3472 1629 3523 καὶ
1655 3468 1814 3538 θυγα-

235 3569 428 3638 τέρας,
449 3565 596 3634 λέγει
631 3564 832 3636 Κύριος
869 3562 1280 3634 παντοκράτωρ.
1318 3581 1336 3611 ι
1378 3563 1451 3614 υύ
1505 3560 1612 3614 τῶν
1652 3577 1816 3629 γεγα-

241 3657 518 3730 μηκότων,
553 3655 626 3720 ὦς
654 3673 834 3725 φασιν,
869 3655 1001 3709 άλλά
1033 3653 1140 3706 τῶν
1168 3652 1337 3706 ὲθνῶν
1370 3652 1476 3706 τῶν
1503 3655 1560 3705 ὲν
1589 3653 1816 3724 πορνείᾳ

241 3747 504 3818 βιούντων
523 3748 624 3812 ἔτι,
655 3748 787 3818 πρὸς
814 3747 870 3800 δὲ
887 3748 980 3800 καὶ
993 3745 1098 3798 τῶν
1118 3745 1528 3816 προειρημένων
1553 3745 1814 3815 αἱρέσεων

238 3815 712 3916 ἀφορθθῆναιμῦς
743 3839 1064 3910 ἀκαθάρτων
1092 3839 1185 3891 καὶ
1210 3836 1406 3893 ἀθέων.
1439 3836 1646 3890 κελεύει
1684 3854 1815 3907 προ-

238 3932 488 4002 φητικῶς
506 3933 668 4002 ἡμᾶς.
689 3931 848 3984 Ὅθεν
871 3931 1004 3984 καὶὸ
1030 3929 1239 3993 Παῦλος
1276 3929 1409 4000 πρὸς
1439 3930 1564 3992 τοὺς
1597 3929 1814 4000 ὁμοίους

236 4025 657 4095 ἀποτεινόμενος
669 4029 778 4088 τοῖς
805 4025 1130 4096 εἰρημένοις,
1143 4043 1160 4074 ι
1185 4023 1401 4086 Ταύτας
1415 4018 1507 4076 οὖν
1535 4022 1684 4092 ἔχετε
1703 4022 1811 4091 (55)

237 4119 341 4184 τὰς
391 4118 752 4188 ἐπαγγελίας,
808 4117 1012 4188 φησὶν,
1066 4116 1371 4187 ἀγαπητοίο
1430 4115 1813 4186 καθαρίσωμεν

236 4211 452 4267 ἑαυτῶν
496 4210 592 4274 τὰς
631 4207 856 4281 καρδίας
891 4206 999 4261 ἀπὸ
1047 4207 1248 4271 παντὸς
1293 4206 1567 4278 μολυσμοῦ
1615 4206 1814 4276 σαρκὸς

237 4305 339 4358 καὶ
392 4301 695 4374 πνεύματος
719 4343 733 4366 ,
785 4299 1156 4363 ἐπιτελοῦντες
1213 4300 1517 4370 ἁγιωσύνην
1559 4301 1615 4352 ὲν
1665 4298 1812 4369 φόϐῳ

238 4394 399 4450 Θεοῦ.
431 4393 588 4466 Ζηλῶ
619 4394 725 4465 γὰρ
756 4394 897 4464 ὑμᾶς
933 4391 1066 4445 Θεοῦ
1115 4391 1292 4463 ζήλῳ·
1343 4391 1670 4463 ἡρμοσάμην
1702 4389 1810 4462 γὰρ

239 4487 386 4558 ὑμᾶς
415 4464 503 4539 ἐνί
520 4464 704 4556 ἀνδρὶ,
723 4485 985 4556 παρθένον
1010 4484 1178 4554 ἁγνὴν
1222 4485 1567 4556 παραστῆσαι
1601 4481 1809 4554 (56)τῷ
1842 4464 1884 4518 D

237 4573 480 4648 Χριστῷ.
520 4595 539 4624 ι
584 4574 876 4644 Ἐκκλησία
890 4573 946 4624 δὲ
973 4572 1126 4626 ἄλλον
1147 4573 1206 4625 ού
1244 4575 1437 4643 γαμεῖ,
1461 4573 1550 4626 τὸν
1583 4573 1812 4644 νυμφίον

239 4667 552 4739 κεκτημένη
574 4683 587 4697 ο
620 4667 732 4720 ἀλλ’
762 4667 790 4718 ό
817 4665 935 4718 καθ’
962 4664 1190 4718 ἕκαστον
1219 4665 1392 4735 ἡμῶν,
1427 4665 1492 4736 ἣν
1517 4665 1582 4719 ἂν
1623 4665 1812 4738 βούλη-

235 4779 331 4816 ται
364 4761 503 4815 κατά
546 4760 634 4813 τὸν
668 4759 829 4830 νόμον
875 4761 1101 4828 γαμεῖν,
1148 4758 1239 4810 τὸν
1292 4759 1504 4828 πρῶτον
1537 4760 1677 4829 λέγω
1705 4761 1806 4830 γά-

241 4871 345 4928 μον
369 4854 500 4924 (57),
545 4853 657 4924 ἔχει
695 4852 789 4923 τὴν
816 4850 1080 4915 ἐξουσίαν.
1123 4869 1140 4899 ι
1182 4849 1452 4920 Φοϐοῦμαι
1479 4853 1534 4905 δὲ
1591 4855 1805 4924 μήπως,

237 4946 321 5013 ὡς
351 4949 380 5002 ό
408 4946 529 5016 ὄφις
569 4945 907 5017 ἐξηπάτησεν
941 4943 1086 4996 Εὕαν
1127 4943 1238 5015 (58)
1286 4945 1344 4995 ἐν
1384 4947 1450 5014 τῇ
1484 4948 1804 5017 πανουργία,

315 5095 343 5126 ι
374 5081 529 5136 Deut.
560 5099 673 5142 xxv,
706 5080 908 5144 ".12,
944 5079 1028 5132 15.

243 5169 320 5222 vr,
351 5152 439 5220 l6,
486 5153 572 5220 l7,
605 5154 688 5207 18.
763 5151 789 5190 ἀ
820 5151 860 5204 ll
884 5151 1012 5205 Cor.
1053 5165 1148 5213 vn,
1182 5149 1234 5204 1.

314 5285 423 5358 (52)
467 5287 770 5358 Ὲπὶμόνῃ
811 5299 871 5338 π.
905 5286 1060 5340 Conf.
1096 5283 1337 5354 Pwdag.,
1376 5283 1468 5337 lib.
1514 5299 1584 5358 ιι,
1630 5300 1678 5338 c.
1717 5286 1800 5351 l0,

241 5357 437 5429 p.192
467 5359 594 5412 edit.
629 5357 803 5429 Paris.
872 5425 900 5429 _
989 5425 1002 5429 Α
1072 5423 1101 5429 _
1511 5357 1527 5366 '

239 5423 426 5555 $53.53)
458 5427 836 5500 Αὶχμαλὼτῳ.
863 5425 1022 5479 Conl.
1062 5423 1258 5479 Strom.
1290 5441 1349 5489 ll,
1389 5440 1508 5494 pag.
1540 5423 1650 5478 599
1671 5424 1798 5480 edit.

323 5515 414 5553 ns.

287 5513 414 5553 arts.

315 5568 424 5635 (54)
471 5567 658 5638 Ἡμεῖς
687 5565 1100 5638 ...προφῄτηᾳ
1138 5565 1325 5638 ’Ὶξμεῖς
1366 5564 1486 5638 γάρ
1518 5563 1640 5626 ναὸς
1669 5562 1802 5638 Θεοῦ

245 5633 366 5691 ἐστε
408 5633 607 5704 ζῶντος
621 5633 647 5700 ,⁷
680 5636 861 5700 καθὼς
893 5633 1053 5691 ἐἷπεν
1098 5638 1127 5689 ό
1167 5633 1326 5701 Θεός,
1365 5634 1410 5690 ll
1448 5635 1574 5690 Cor.
1605 5647 1680 5702 vt,
1710 5635 1802 5690 ubi

250 5719 392 5773 mox,
428 5707 637 5764 ἔσονταί
679 5725 766 5778 μοι
795 5706 842 5759 λ.

316 5781 425 5842 (55)
462 5773 690 5846 Ἔχετε(
719 5779 967 5846 Ἔχοντες
990 5777 1177 5835 ll.Cor.
1213 5793 1305 5844 vn,
1333 5777 1423 5832 ubi
1453 5792 1596 5848 mox,
1634 5773 1799 5830 καθα-

1315 5159 1338 5186 ο
1379 5146 1420 5200 ll
1449 5149 1577 5203 Cor.
1619 5167 1695 5213 xl,
1727 5153 1779 5206 ‘2.

1917 3205 2237 3276 egredimini
2281 3219 2312 3260 e
2357 3203 2537 3259 medio
2578 3203 2842 3273 ipsorum,
2874 3209 2928 3255 et
2972 3197 3321 3268 separamini,
3351 3195 3485 3250 dicit

1916 3296 2203 3372 Dominus,
2250 3305 2306 3352 et
2358 3295 2696 3350 immundum
2745 3309 2815 3348 ne
2855 3293 3124 3363 tangatis;
3165 3300 3218 3346 et
3253 3304 3354 3361 ego
3385 3304 3485 3342 vos

1915 3388 2233 3458 suscipiam,
2287 3395 2340 3442 et
2386 3401 2483 3441 ero
2512 3385 2666 3440 vobis
2716 3385 2769 3438 in
2810 3395 3038 3454 patrem,
3089 3392 3145 3437 et
3182 3396 3280 3435 vos
3328 3379 3484 3435 eritis

1914 3479 2048 3534 mihi
2111 3480 2163 3532 in
2207 3479 2349 3534 ﬁlios
2391 3488 2445 3532 et
2504 3478 2663 3544 ﬁlias,
2717 3477 2851 3531 dicit
2903 3475 3165 3529 Dominus
3231 3471 3482 3541 omnipo-

1915 3581 2103 3628 tenss.
2153 3593 2172 3623 ι
2227 3569 2346 3625 Non
2401 3570 2470 3624 ab
2517 3569 2605 3635 iis,
2666 3569 2760 3639 qui
2835 3583 3032 3622 uxores
3085 3565 3378 3629 duxerunt,
3421 3571 3506 3617 ut.

1915 3662 2088 3726 aiunt,
2120 3662 2212 3716 sed
2240 3676 2272 3716 a
2312 3661 2584 3731 gentibus,
2618 3675 2740 3730 qua:
2772 3659 2952 3713 adhuc
2984 3657 3238 3712 vivebant
3283 3655 3336 3709 in
3369 3653 3488 3709 for-

1914 3756 2206 3822 nicatione,
2239 3763 2501 3825 prmterea
2551 3763 2734 3811 autem
2787 3770 2820 3808 a
2864 3753 3017 3822 prius
3055 3765 3272 3822 quoque
3320 3748 3490 3805 dictis

1915 3848 2237 3912 haeresibus,
2270 3859 2331 3902 ut
2381 3846 2678 3902 immundis
2707 3854 2762 3900 et
2801 3845 3005 3916 impiis,
3029 3843 3341 3915 prophetice
3371 3856 3478 3897 nos

1909 3937 2062 4008 jubet
2100 3937 2363 4007 separari.
2418 3935 2568 3992 Unde
2616 3937 2778 3991 etiam
2820 3935 3024 3990 Paulus
3061 3947 3279 4005 quoque
3316 3936 3480 3990 verba

1908 4031 2148 4102 dirigens
2175 4031 2241 4086 ad
2291 4046 2410 4100 eos,
2437 4032 2532 4102 qui
2557 4041 2714 4086 erant
2744 4031 2835 4102 iis,
2863 4032 2956 4100 qui
2990 4029 3118 4087 dicti
3153 4035 3301 4094 sunt,
3326 4025 3472 4082 simi-

1913 4125 1992 4180 les
2049 4143 2062 4179 :
2124 4143 2142 4178 ‹
2199 4123 2310 4180 Has
2364 4140 2494 4195 ergo
2548 4123 2942 4195 promissiones
3001 4119 3230 4184 habete,
3279 4117 3474 4185 inquit,

1911 4217 2129 4272 dilecti:
2184 4218 2512 4274 mundcmus
2562 4217 2727 4272 corda
2774 4224 2959 4270 nostra
3003 4214 3072 4268 ab
3109 4211 3258 4265 omni
3296 4208 3476 4279 inqui-

1915 4319 2174 4366 namento
2195 4310 2378 4364 carnis
2406 4318 2459 4364 et
2485 4309 2732 4378 spiritus,
2763 4305 3100 4376 perﬁcientes
3131 4301 3476 4356 sanctitatem
3489 4329 3504 4340 ιι

1915 4403 1966 4456 in
2001 4403 2199 4458 timore
2232 4400 2396 4456 Dcid.
2441 4400 2568 4456 cho
2615 4399 2760 4454 enim
2785 4411 2882 4452 vos
2909 4397 3022 4450 zelo
3049 4393 3180 4459 Dei;
3217 4390 3480 4461 despondi

1914 4495 2060 4552 enim
2117 4509 2219 4548 vos
2272 4492 2366 4547 uni
2426 4491 2576 4557 viro,
2640 4489 2904 4559 virginem
2954 4494 3160 4542 castam
3219 4483 3505 4539 exhibere-

1913 4585 2134 4642 Christo
2159 4594 2239 4638 ο.)
2275 4581 2342 4636 Et
2382 4580 2622 4636 Ecclesia
2681 4577 2898 4648 quidem
2939 4575 3030 4630 alii
3077 4588 3184 4628 non
3231 4570 3498 4644 jungitur»

1913 4676 2281 4742 matrimonio,
2309 4691 2432 4731 cum
2477 4686 2736 4744 sponsum
2770 4669 2966 4724 habeat
2995 4686 3008 4721 :
3048 4665 3142 4721 sed
3179 4662 3501 4732 unusquis-.

1913 4782 2021 4836 que
2073 4775 2321 4820 nostrum
2359 4764 2519 4819 habet
2546 4767 2860 4832 potestatem
2895 4757 3147 4821 ducendi,
3173 4770 3503 4826 quamcum.

1913 4875 2019 4930 que
2053 4859 2200 4924 velit,
2236 4858 2531 4928 legitimam
2571 4868 2818 4917 uxorem,
2871 4852 2925 4905 in
2973 4849 3186 4920 primis.
3227 4848 3501 4917 inquam»

1916 4952 2140 5022 nuptiis.
2183 4971 2200 5003 ι
2238 4950 2442 5006 Vereor
2474 4956 2676 5012 autem,
2705 4961 2791 5012 ne,
2824 4943 2966 5000 sicut
3008 4955 3232 5011 serpens
3263 4939 3480 4996 seduxit

1178 5083 1235 5150 gi
1273 5077 1332 5130 ι).
1371 5077 1606 5150 stum.
1641 5080 1815 5135 ροττ

1920 5127 1931 5150 ,
1965 5085 2206 5140 456-457
2231 5081 2339 5136 ΕΙ).
2363 5078 2583 5134 PARIS.
2661 5077 2689 5116 ι)
2717 5074 2892 5130 Exod.
2916 5089 3030 5137 XIX,
3059 5074 3148 5127 20.
3227 5081 3250 5111 ο
3287 5071 3327 5126 ll
3349 5072 3480 5126 Cor.

1912 5286 2149 5359 ρίσωμεν
2179 5285 2402 5359 ἑαυτοὺς
2427 5283 2524 5359 ἀπ.

1982 5345 2092 5425 (56)
2126 5345 2428 5425 Παρθένον
2457 5349 2653 5422 ἁγνὴν
2692 5347 3093 5417 παραστῆσαι.
3137 5345 3480 5402 Subaudien-

1909 5424 2037 5482 dum
2073 5427 2231 5479 ὥστε.
2267 5424 2526 5478 Srtnuuc.

1910 5565 1952 5620 L
1985 5498 2096 5567 (37)
2134 5496 2243 5550 Τὸν
2270 5493 2503 5564 πρῶτον·
2527 5496 2588 5546 λ.
2619 5487 2828 5562 γάμον.
2852 5488 3010 5544 ConI‘.
3045 5503 3096 5557 p.
3129 5486 3234 5543 428
3266 5497 3320 5540 ct
3342 5484 3473 5548 Mil.

1956 5584 2136 5620 owru.

1956 5584 2136 5622 OWTII.

1979 5637 2091 5711 (58)
2130 5634 2404 5711 'Efngtdt:
2438 5630 3101 5711 ED..AE53V_§§T‘T:&TY}G£V
3148 5630 3208 5683 ὲν
3245 5626 3314 5699 τῇ
3339 5638 3476 5680 mv-

1908 5701 2104 5785 ουργίᾲ
2128 5705 2314 5774 αὐτοῦ,
2344 5703 2485 5761 οὕτω
2510 5703 2711 5779 φθαρῇ,
2737 5701 2776 5758 ll
2800 5701 2925 5759 (lor.
2950 5715 3024 5756 x1.
