3938 6302
246 355 386 412 H77

1517 359 1952 419 STROMATUM
1991 359 2121 416 LIB.
2163 359 2248 416 lli.

3353 365 3497 420 H78-

245 475 642 548 προειρημένα,
667 475 860 546 ἔπιϐοᾷ
878 493 890 506 '
918 496 935 528 ι
955 477 1026 530 τὸ
1051 477 1146 548 μὲν
1168 478 1325 550 σῶμα
1351 482 1541 552 νεκρὸν
1561 482 1806 554 δι’ἀμαρ-

1921 497 2140 536 carnem
2190 482 2556 549 ambulamus,
2604 485 2698 540 sed
2750 486 3048 541 secundum
3099 487 3349 557 spiritum
3379 500 3427 540 ι.
3467 509 3484 538 ι
3549 499 3552 504 ·

242 563 394 620 τίαν·
424 585 442 619 ι
488 566 684 638 δηλῶν,
716 567 790 630 ὼς
833 568 914 620 ὅτι
967 568 1040 640 μὴ
1078 568 1243 634 νεὼς,
1276 570 1446 640 τάφος
1477 572 1522 625 δ’
1557 573 1703 626 ἐστὶν
1736 573 1817 627 ἔτι

240 661 344 731 τῆς
372 659 549 730 ψυχῆς
573 659 712 729 (47)·
747 661 980 731 ὁπηνίκα
1011 661 1118 733 γάρ
1149 663 1384 736 ἀγιασθῇ
1428 664 1508 735 τῷ
1531 665 1669 736 Θεῷ,
1701 686 1718 716 ι
1745 666 1818 719 Τὸ

241 751 470 823 Πνεῦμα
509 752 642 822 (48),
671 771 689 804 ι
729 754 955 816 ἐποίσει,
994 774 1011 806 ι
1057 755 1150 808 τοῦ
1184 756 1491 828 ἐγείραντος
1521 758 1585 810 ὲκ
1611 757 1817 828 νεκρῶν

255 845 466 914 Ἰησοῦν
496 847 634 897 οἰκεῖ
669 847 726 897 ἐν
761 846 921 915 ὑμῖν·
958 845 1017 909 ὃς
1049 843 1372 918 ζωοποιήσει
1403 849 1496 902 καὶ
1537 849 1608 902 τά
1651 850 1816 922 θνητά

241 933 473 1006 σώματα
512 937 664 1006 ὑμῶν
697 937 784 990 διὰ
827 939 919 992 τοῦ
951 940 1282 1004 ἐνοικοῦντος
1309 943 1471 995 αὑτοῦ
1505 944 1816 1014 Πνεύματος

240 1032 302 1082 ὲν
336 1031 482 1099 ύμῖν.
510 1048 528 1080 ι
567 1025 730 1093 Αὖθις
777 1025 868 1083 οὖν
889 1071 903 1093 ,
953 1034 1064 1094 τοῖς
1119 1031 1417 1102 φιληδόνοις
1449 1033 1812 1104 ἐπιπλήττων,

239 1123 425 1175 ἐκεῖνα
456 1121 777 1192 προστίθησι
798 1139 812 1153 ⁸
846 1140 864 1174 ι
893 1123 965 1175 Τὸ
995 1123 1105 1193 γάρ
1140 1125 1394 1196 φρόνημα
1442 1125 1542 1194 τῆς
1575 1124 1775 1196 σαρκὸς
1799 1166 1814 1190 ,

240 1211 490 1276 θάνατος.
521 1215 641 1268 Ὅτι
673 1215 722 1267 οί
756 1215 896 1267 κατά
927 1215 1105 1286 σάρκα
1132 1215 1330 1279 ζῶντες
1361 1216 1429 1268 τά
1471 1219 1566 1288 τῆς
1615 1218 1816 1291 σαρκὸς

237 1304 556 1376 φρονοῦσιν·
594 1307 687 1360 καὶ
731 1307 792 1360 τὸ
824 1306 1075 1379 φρόνημα
1129 1309 1225 1378 τῆς
1269 1309 1467 1381 σαρκὸς
1513 1309 1680 1380 ἔχθρα
1737 1312 1815 1374 είς

236 1397 403 1449 θεόν·
436 1396 514 1468 τῷ
537 1396 645 1469 γὰρ
686 1398 835 1468 νόμῳ
875 1399 970 1452 τοῦ
1017 1398 1152 1452 Θεοῦ
1186 1401 1283 1470 οὐχ
1333 1401 1716 1453 ὑποτάσσεται.
1750 1401 1812 1454 Οἱ

233 1488 290 1542 δὲ
345 1490 402 1542 ὲν
443 1489 604 1560 σαρκὶ
635 1489 785 1554 ὄντες
819 1510 836 1542 ι
883 1491 1016 1560 οὐχ,
1067 1490 1142 1554 ὦς
1198 1508 1341 1554 τινες
1395 1491 1810 1562 δογματίζουσι,

240 1599 260 1633 ι
287 1581 407 1651 Θεῷ
437 1582 630 1652 ἀρέσαι
663 1582 724 1634 οὐ
755 1582 1026 1646 δύνανται,
1070 1603 1086 1633 ι
1125 1584 1239 1636 ἀλλ’
1269 1585 1346 1648 ὡς
1381 1586 1807 1656 προειρήκαμεν.

230 1669 369 1727 Εἶτα
392 1674 526 1744 πρὸς
549 1675 947 1746 ἀντιδιαστολὴν
972 1676 1176 1729 τούτων
1198 1679 1262 1747 τῇ
1301 1677 1596 1748 Ἐκκλησία
1617 1677 1778 1747 φησίν
1794 1693 1808 1708 ο

238 1787 257 1818 ι
281 1768 468 1838 Ὑμεῖς
484 1767 539 1820 δὲ
559 1766 658 1820 οῦκ
682 1769 803 1820 ἐστε
840 1770 896 1822 ὲν
933 1768 1242 1840 σαρκὶ,ἀλλ’
1269 1771 1324 1821 ἐν
1347 1769 1637 1840 πνεύματι,
1656 1771 1810 1841 είπερ

231 1857 452 1927 πνεῦμα
485 1857 617 1911 Θεοῦ
644 1859 782 1910 οἰκεῖ
807 1861 863 1911 ἐν
897 1859 1045 1930 ὑμῖν.
1063 1861 1124 1913 Εἰ
1151 1859 1207 1913 δέ
1228 1878 1312 1924 τις
1337 1861 1549 1931 πνεῦμα
1573 1861 1807 1932 Χριστοῦ

227 1950 331 2001 οὐκ
382 1949 517 2019 ἕχει,
545 1943 697 2010 οὗτος
747 1951 845 2003 οὐκ
899 1951 1045 2003 ἔστιν
1078 1951 1260 2004 αὑτοῦ.
1293 1953 1355 2004 Εἰ
1388 1952 1443 2004 δὲ
1474 1952 1704 2023 Χριστὸς
1753 1955 1809 2006 ἐν

227 2043 381 2113 ὑμῖν,
403 2043 464 2096 τὸ
493 2044 587 2114 μὲν
622 2043 781 2114 σῶμα
805 2043 994 2115 νεκρὸν
1015 2045 1080 2097 δι’
1104 2046 1397 2116 ἁμαρτίαν,
1423 2046 1485 2098 τὺ
1508 2045 1564 2098 δὲ
1595 2045 1810 2116 πνεῦμα

227 2133 344 2205 ζωὴ
381 2134 467 2188 διὰ
495 2135 858 2206 δικαιοσύνην.
914 2137 1057 2208 Ἀρα
1100 2133 1212 2199 οὖν,
1249 2137 1467 2205 ἀδελφοὶ
1491 2177 1505 2200 ,
1536 2137 1808 2206 ὀφειλέται

225 2227 399 2298 ἐσμὲν
423 2228 484 2280 ού
516 2229 580 2298 τῇ
617 2227 779 2298 σαρκὶ
807 2227 898 2280 τοῦ
931 2227 1070 2281 κατά
1101 2229 1277 2299 σάρκα
1303 2229 1428 2299 ζῇν·
1465 2231 1513 2282 εί
1538 2230 1646 2302 γάρ
1672 2231 1810 2284 κατά

226 2319 411 2390 σάρκα
465 2318 613 2389 ζῆτε,
653 2317 872 2389 μέλλετε
903 2318 1296 2390 ἀποθνήσκειν·
1339 2322 1388 2372 εί
1437 2319 1492 2372 δὲ
1538 2319 1808 2390 πνεύματι

223 2411 324 2474 τάς
356 2411 582 2482 πράξεις
614 2411 707 2465 τοῦ
741 2411 992 2482 σώματος
1024 2411 1340 2474 θανατοῦτε,
1371 2409 1616 2482 ζήσεσθε.
1653 2413 1807 2466 Ὅσοι

223 2503 336 2574 γάρ
370 2503 641 2574 πνεύματι
671 2503 804 2556 Θεοῦ
834 2505 1077 2571 ἄγονται,
1113 2499 1256 2558 οὗτοί
1283 2506 1418 2557 εἰσιν
1458 2505 1563 2556 υἱοὶ¹
1596 2504 1750 2557 Θεοῦ.
1782 2523 1799 2555 ι

223 2593 336 2648 Καὶ
369 2595 508 2664 πρὸς
537 2594 635 2666 τὴν
664 2593 944 2662 εὐγένειαν
975 2594 1068 2647 καὶ
1098 2595 1232 2665 πρὸς
1253 2595 1352 2665 τὴν
1378 2594 1687 2666 ἐλευθερίαν
1709 2595 1806 2668 τὴν

223 2686 622 2750 καταπτύστως
682 2686 785 2739 ύπὺ
839 2685 950 2739 τῶν
1021 2685 1341 2757 ἑτεροδόξων
1402 2687 1762 2757 εἰσαγομένην
1789 2726 1804 2750 ,

223 2781 310 2834 ἐπ’
347 2780 602 2853 ἀσελγείᾳ
629 2780 1017 2851 καυχωμένων,
1041 2779 1288 2850 ἐπιφέρει
1310 2778 1514 2846 λέγων·
1548 2797 1567 2828 ι
1599 2779 1672 2832 Ού
1697 2779 1804 2850 γὰρ

222 2870 447 2925 ἐλάϐετε
481 2870 699 2942 πνεῦμα
723 2870 962 2932 δουλείας
995 2869 1154 2922 πάλιν
1181 2870 1260 2932 είς
1300 2867 1483 2937 φόϐον,
1519 2865 1634 2920 ἀλλ’
1680 2865 1805 2918 ἐλά-

222 2961 348 3016 σετε
397 2961 612 3034 πνεῦμα
657 2961 968 3026 υἱοθεσίας,
1001 2963 1058 3015 ὲν
1111 2953 1155 3028 ᾧ
1205 2957 1514 3030 κράζομεν,
1573 2955 1739 3008 Ἀὄὸἄ
1778 2957 1806 3008 ὁ

229 3052 442 3119 Πατήρ·
487 3064 507 3098 ι
534 3052 832 3115 τουτέστιν,
867 3053 947 3115 είς
984 3051 1140 3104 τοῦτο
1181 3049 1480 3119 ἐλάϐομεν,
1519 3048 1603 3100 ἵνα
1645 3045 1806 3115 γινώ-

1780 1827 1884 1884 EB

1919 574 2120 630 Praater
2156 575 2270 630 haec
2312 575 2490 630 adhuc
2526 577 2812 632 declarans
2843 594 2926 640 ea,
2979 594 3101 648 qua:
3141 580 3292 648 prius
3347 579 3487 635 dicta

1919 676 2066 734 sunt,
2113 668 2422 721 exclamat:
2471 685 2490 719 ι
2534 667 2744 736 Corpus
2787 669 3004 738 quidem
3041 681 3313 725 mortuum
3366 686 3486 740 pro.

1916 766 2035 826 pter
2067 767 2351 826 peccatum
2379 777 2392 811 :
2428 777 2446 808 ι
2482 757 2800 828 signiﬁcans
2827 758 2880 811 id
2911 774 3018 812 non
3057 775 3177 813 esse
3205 761 3486 827 templum,

1917 849 2008 903 sed
2039 849 2348 918 sepulcrum
2401 851 2616 903 animae.
2654 849 2885 916 Quando
2913 851 3058 903 enim
3091 853 3486 905 sanctiﬁcatum

1917 939 2079 993 fuerit
2105 939 2235 1007 Deo,
2293 959 2310 992 ι
2346 940 2584 1011 Spiritus
2606 943 2747 1010 ejus,
2789 960 2807 994 ι
2845 942 3026 1006 infert,
3072 961 3088 992 ι
3123 945 3215 1012 qui
3257 944 3487 997 suscita-

1917 1031 1993 1084 vit
2019 1029 2250 1085 Jesuma
2286 1034 2540 1098 mortuis,
2572 1033 2781 1088 habitat
2818 1035 2873 1086 in
2898 1035 3051 1090 vobis
3085 1055 3096 1089 :
3130 1037 3221 1104 qui
3249 1037 3488 1091 viviﬁcm

1918 1123 2180 1178 bitetiam
2219 1127 2469 1179 mortalia
2510 1135 2688 1180 vestra
2729 1143 2980 1196 corpora,
3016 1143 3111 1198 per
3154 1128 3272 1196 ejus
3311 1127 3489 1196 Spiri--

1913 1225 2052 1280 tum,
2083 1217 2177 1286 qui
2217 1217 2424 1271 habitat
2455 1217 2508 1270 in
2541 1218 2695 1271 vobis
2724 1217 2774 1271 ι).
2817 1236 2835 1267 ι
2875 1217 3087 1273 Rursus
3119 1220 3300 1288 itaque
3335 1219 3490 1272 volu-

1916 1308 2125 1377 ptarius
2196 1309 2506 1379 increpans,
2550 1309 2640 1363 illa
2680 1309 2903 1378 adjicit:
2942 1329 2959 1360 ι
3002 1309 3294 1364 Prudentia
3341 1311 3485 1364 enim

1914 1400 2119 1464 carnis,
2160 1416 2345 1467 mors;
2377 1401 2636 1470 quoniam
2686 1403 2776 1470 qui
2813 1417 2879 1456 ex
2937 1418 3101 1456 carne
3152 1403 3359 1465 vivunt,
3398 1418 3482 1464 ea,

1914 1508 2034 1562 quae
2058 1504 2186 1547 sunt
2211 1495 2415 1557 carnis,
2444 1495 2722 1564 cogitant;
2767 1501 2819 1547 ct
2862 1495 3145 1564 prudentia
3182 1495 3364 1549 carnis
3403 1504 3488 1548 est

1913 1601 2037 1639 cum
2065 1583 2174 1638 Deo
2203 1601 2387 1655 gerere
2420 1585 2764 1649 inimicitias;
2801 1586 2901 1655 legi
2937 1585 3078 1638 enim
3109 1584 3202 1638 Dei
3232 1603 3335 1639 non
3364 1586 3488 1639 sub-

1908 1676 2116 1746 jicitur.
2155 1675 2257 1742 Qui
2283 1687 2460 1730 autem
2488 1685 2614 1730 sunt
2649 1677 2700 1729 in
2739 1692 2923 1740 carne,
2973 1697 2991 1728 ι
3023 1693 3131 1730 non
3167 1686 3224 1730 ut
3260 1677 3481 1744 qudam

1912 1767 2233 1830 decernunt,
2285 1785 2302 1817 ι
2333 1765 2444 1820 Deo
2489 1769 2724 1837 placere
2762 1784 2869 1821 non
2922 1778 3170 1838 possunt,
3207 1787 3224 1818 ι
3282 1769 3374 1823 sed
3428 1778 3485 1823 ut

1913 1859 2064 1928 prius
2124 1860 2388 1914 diximus.
2440 1857 2641 1914 Deinde
2711 1868 2769 1914 ut
2815 1875 2909 1913 eos
2956 1861 3290 1925 distinguat,
3354 1859 3486 1914 dicit

1913 1947 2208 2003 Ecclesiae:
2255 1967 2273 2000 ι
2326 1947 2431 2004 Vos
2472 1959 2655 2004 autem
2698 1964 2804 2003 non
2851 1951 2982 2004 estis
3019 1949 3174 2019 197
3208 1949 3258 2007 in
3296 1964 3480 2011 carne,

1913 2040 2006 2093 sed
2037 2040 2090 2092 in
2121 2040 2336 2109 spiritu,
2369 2039 2413 2096 si
2437 2041 2656 2108 quidem
2695 2041 2923 2110 spiritus
2951 2040 3042 2094 Dei
3077 2041 3283 2095 habitat
3315 2041 3364 2093 in
3392 2056 3485 2093 vo-

1909 2129 2015 2185 bis.
2044 2129 2101 2182 Si
2147 2130 2271 2199 quis
2311 2140 2488 2185 autem
2523 2132 2774 2200 spiritum
2811 2131 3013 2186 Christi
3062 2149 3171 2186 non
3222 2133 3404 2192 habet.
3436 2135 3482 2188 is

1910 2237 2018 2275 non
2049 2232 2132 2276 est
2169 2223 2308 2292 ejus.
2338 2222 2394 2278 Si
2439 2233 2618 2278 autem
2665 2223 2916 2280 Christus
2973 2225 3026 2281 in
3077 2226 3250 2289 vobis,
3283 2241 3483 2296 corpus

1909 2313 2128 2383 quidem
2156 2322 2239 2368 est
2277 2324 2552 2369 mortuum
2583 2333 2681 2385 per
2702 2325 3008 2385 peccatum,
3045 2318 3275 2386 spiritus
3297 2327 3482 2373 autem

1907 2404 2063 2459 vivus
2100 2419 2192 2473 per
2217 2405 2506 2474 justitiam.
2561 2406 2845 2462 Debitores
2890 2409 3073 2478 itaque
3123 2424 3336 2474 sumus,
3371 2408 3483 2462 fra-

1911 2504 2038 2559 tres,
2069 2513 2175 2550 non
2201 2497 2375 2563 carni,
2421 2506 2480 2552 ut
2515 2499 2812 2554 secundum
2849 2515 3072 2554 carnem
3098 2500 3368 2556 vivamus.
3423 2499 3481 2556 Si

1908 2588 2052 2642 enim
2082 2589 2375 2643 secundum
2424 2605 2644 2645 carnem
2694 2591 2893 2655 vivitis,
2925 2592 3057 2646 estis
3108 2592 3360 2648 morituri
3389 2610 3404 2647 :
3434 2595 3482 2648 si

1907 2695 2036 2733 vero
2061 2681 2255 2749 spiritu
2302 2683 2443 2736 facta
2493 2683 2676 2738 carnis
2731 2685 3216 2751 mortilicaveritis,
3263 2686 3479 2743 vivetio.

1907 2769 2232 2841 Quicunque
2261 2773 2406 2826 enim
2433 2773 2626 2843 spiritu
2665 2773 2756 2828 Dei
2792 2785 3050 2844 aguntur,
3080 2782 3138 2838 >11
3168 2777 3202 2829 ii
3235 2787 3364 2831 sunt
3385 2776 3481 2832 ﬁlii

1907 2862 2021 2917 Dei.
2038 2883 2054 2915 ι
2089 2863 2152 2917 Et
2168 2864 2432 2920 adversus
2449 2867 2786 2920 nobilitatem
2806 2869 3136 2922 etadversus
3154 2870 3479 2934 libertatem,

1905 2969 2026 3023 quae
2042 2955 2527 3010 exsecrabilitcrab
2557 2957 2644 3019 iis,
2661 2957 2754 3025 qui
2784 2972 2911 3011 sunt
2930 2957 3158 3012 diversa:
3178 2961 3480 3024 sententia,

1906 3047 2288 3113 introducitur,
2306 3051 2398 3118 qui
2421 3049 2726 3102 delihidine
2743 3050 3069 3119 gloriantur,
3087 3050 3378 3120 subjungit.
3405 3050 3485 3103 di-

222 3161 447 3216 σκωμεν
479 3143 688 3208 τοῦτον,
719 3136 763 3212 ᾧ
802 3142 1216 3215 προσευχόμεθα
1238 3182 1253 3206 ,
1298 3140 1390 3194 τὸν
1432 3138 1509 3210 τῷ
1540 3139 1650 3192 ὄντι
1701 3155 1804 3192 πα-

1916 3155 2035 3194 cens
2066 3157 2110 3192 τι
2150 3137 2266 3194 Νοη
2287 3140 2431 3194 enim
2451 3142 2739 3210 accepistis
2766 3143 3022 3212 spiritum
3065 3143 3347 3196 servitutis
3373 3158 3484 3195 rur-

221 3235 488 3308 τέρα,τδν
523 3237 632 3288 τῶν
662 3234 828 3288 ὅντων
861 3236 1020 3318 μόνον
1042 3232 1384 3301 Πατέρα,τὸν
1419 3232 1498 3295 εἰς
1534 3231 1804 3302 σωτηρίαν

220 3328 548 3384 παιδεύοντα
585 3329 660 3392 ὡς
694 3328 926 3399 πατέρα,
964 3327 1057 3380 καὶ
1089 3326 1179 3380 τὸν
1212 3326 1373 3397 φόϐον
1399 3325 1610 3380 ἀπειλεῖ
1634 3324 1764 3393 (49).

1913 3247 2007 3286 sus
2038 3231 2091 3284 in
2117 3231 2390 3296 timorem,
2427 3234 2520 3288 sed
2558 3234 2847 3303 accepistis
2879 3234 3132 3303 spiritum
3170 3234 3480 3302 adoptionis

1922 3323 2191 3388 ﬁliorum,
2233 3323 2286 3376 in
2322 3339 2432 3393 quo
2483 3324 2808 3389 clamamus,
2848 3324 2998 3379 Abba
3036 3323 3198 3379 Pater
3223 3335 3243 3363 ε
3273 3343 3287 3389 ς
3322 3343 3340 3376 ι
3379 3326 3485 3378 hoc

220 3431 330 3487 est,
391 3423 457 3475 ad
496 3423 598 3476 hoc
645 3420 978 3490 accepimus,
1037 3427 1096 3472 ut
1153 3432 1548 3487 cognoscamus
1591 3430 1738 3476 eum,
1784 3427 1944 3482 quem
1971 3427 2226 3477 oramus,
2279 3415 2372 3482 qui
2405 3424 2490 3468 est
2519 3430 2644 3469 vere
2677 3406 2854 3482 Pater,
2891 3416 2982 3485 qui
3025 3431 3205 3470 rerum
3237 3417 3483 3470 omnium

219 3517 375 3576 solus
412 3508 693 3580 cstPatcr,
717 3514 810 3583 qui
859 3517 924 3566 ad
967 3513 1197 3567 salutem
1224 3511 1403 3565 erudit
1430 3519 1484 3562 ct
1526 3508 1754 3576 castigat
1814 3514 1874 3558 ut
1897 3516 2074 3574 pater,
2113 3515 2165 3560 et
2198 3507 2449 3560 timorem
2485 3507 2741 3561 minatur.
3253 3514 3258 3520 '

1653 3621 1885 3677 CAPUT
1939 3621 2054 3678 Ml.

533 3741 700 3795 Verba
733 3743 969 3808 Apostoti
1001 3738 1029 3793 I
1055 3737 1178 3792 Cor.
1205 3753 1302 3801 vn,
1327 3737 1380 3802 5,
1412 3736 1500 3802 59,
1534 3736 1622 3798 40,
1657 3738 1868 3804 aliaque
1908 3735 1968 3788 S.
1998 3734 2290 3803 Scriptum
2313 3735 2430 3788 loca
2451 3736 2627 3788 eodem
2651 3737 2942 3805 spectantia
2975 3739 3228 3806 explicat.

315 3837 378 3889 Ἦ
410 3837 466 3890 δὲ
499 3837 564 3890 ὲκ
590 3835 882 3906 συμφώνου
915 3835 1026 3903 (50)
1064 3833 1202 3904 πρὸς
1243 3832 1432 3903 καιρὸν
1477 3830 1810 3901 σχολάζουσα

215 3934 284 4004 τῇ
321 3932 594 4000 προσευχῇ
633 3928 860 3996 συζυγία
914 3927 1239 3997 ἐγκρατείας
1293 3925 1409 3976 ἐστὶ
1459 3923 1802 3977 διδασκαλία·

219 4023 529 4097 προσέθηκε
563 4022 671 4094 γὰρ
700 4022 761 4075 τὸ
793 4021 889 4091 μὲν
919 4039 937 4071 ι
984 4021 1049 4072 ὲκ
1085 4017 1396 4089 συμφώνου,
1437 4035 1454 4068 ι
1490 4017 1578 4069 ἵνα
1619 4017 1693 4086 μή
1724 4032 1807 4078 τις

216 4115 444 4187 διαλύσῃ
478 4115 569 4167 τὸν
594 4114 791 4184 γάμον,
825 4130 844 4163 ι
877 4111 1013 4184 πρὸς
1046 4111 1232 4180 καιρὸν
1264 4109 1341 4174 δὲ,
1368 4127 1384 4160 ι
1416 4109 1490 4173 ὡς
1530 4109 1603 4178 μὴ
1624 4147 1638 4170 ,
1667 4107 1806 4159 κατά

218 4211 471 4282 ἀνάγκην
497 4208 829 4282 ἐπιτηδεύων
861 4207 958 4279 τὴν
991 4206 1314 4278 ἐγκράτειαν
1374 4205 1402 4256 ὁ
1451 4203 1633 4272 γήμας
1652 4240 1665 4262 ,
1696 4199 1806 4252 ὀλι-

221 4304 400 4374 σθήσῃ
447 4301 576 4354 ποτὲ
630 4303 708 4365 είς
760 4297 1068 4371 ἁμαρτίαν,
1101 4295 1271 4366 φειδοῖ
1306 4295 1404 4366 μὲν
1451 4295 1548 4364 τῆς
1612 4290 1803 4345 ἑαυτοῦ

221 4394 508 4462 συζυγίας,
535 4393 802 4464 ἐπιθυμίᾳ
825 4391 882 4445 δὲ
914 4389 1170 4462 ἀλλοτρίᾳ
1197 4385 1526 4460 περιπεσὼν.
1557 4379 1626 4456 ᾯ
1666 4384 1808 4454 λόγῳ

219 4488 319 4542 καί
340 4487 430 4540 τὸν
465 4488 792 4557 ἀσχημονεῖν
819 4484 930 4556 (5i)
963 4483 1154 4538 ἑαυτὸν
1199 4481 1293 4534 ἐπὶ
1329 4485 1395 4552 τῇ
1441 4479 1798 4550 παρθενοτρο-

1985 3829 2139 3896 Quod
2173 3838 2352 3884 autem
2390 3847 2408 3879 ι
2446 3845 2512 3883 ex
2541 3844 2812 3882 consensu
2870 3829 2938 3884 ad
2996 3843 3207 3900 tempus
3247 3829 3480 3885 oratiOui

1915 3931 2073 3976 vacat
2104 3942 2122 3971 ι
2160 3920 2498 3990 conjugium,
2529 3921 2779 3975 doctrina
2808 3929 2892 3976 est
2923 3913 3286 3976 continentiae.
3322 3921 3485 3992 Adje-

1913 4016 1988 4068 cit
2030 4015 2174 4068 enim
2207 4013 2338 4067 illud
2372 4012 2615 4081 quidem,
2664 4031 2684 4064 ι
2717 4027 2781 4067 ex
2832 4028 3129 4076 consensu,
3163 4031 3182 4064 ι
3241 4025 3308 4067 ne
3361 4014 3485 4082 quis

1913 4106 2234 4159 dissolveret
2274 4102 2720 4170 matrimonium;
2765 4121 2784 4154 ι
2815 4104 2881 4157 ad
2921 4112 3134 4174 tempus
3167 4102 3420 4165 autemd,
3460 4125 3478 4152 ι

1912 4216 1999 4260 ne,
2030 4199 2159 4252 dum
2191 4213 2256 4252 ex
2283 4196 2606 4251 necessitate
2634 4205 2852 4250 exercet
2872 4197 3261 4250 continentiam
3294 4197 3359 4258 is,
3391 4197 3484 4263 qui

1913 4306 2140 4343 uxorem
2169 4291 2406 4354 duxerit,
2446 4289 2662 4342 lahatur
2697 4290 2751 4343 in
2778 4297 3058 4358 peccatum
3082 4329 3096 4354 ,
3126 4297 3178 4342 et
3210 4288 3337 4340 dum
3383 4303 3485 4342 suo

1913 4381 2168 4452 conjugio
2199 4381 2395 4450 parcit,
2423 4381 2659 4434 alienum
2694 4381 3066 4450 concupiscat.
3112 4378 3228 4444 Qua
3275 4379 3485 4432 ratione

1912 4490 2060 4538 eum,
2091 4473 2184 4542 qui
2215 4488 2273 4528 se
2304 4473 2564 4528 indecore
2606 4487 2794 4543 gerere
2823 4473 3118 4536 existimat,
3147 4472 3289 4538 quod
3320 4470 3485 4536 virgi-

221 4579 326 4650 φίᾳ
357 4579 808 4648 ὑπολαμϐάνοντα
854 4576 1033 4640 καλῶς
1080 4577 1159 4639 είς
1201 4575 1377 4646 γάμον
1409 4572 1664 4626 ἐκδώσειν
1709 4571 1806 4643 τὴν

1916 4581 2034 4618 nem
2069 4565 2199 4630 alat,
2229 4577 2376 4620 recte
2416 4582 2537 4619 eam
2586 4565 2720 4618 dicit
2766 4579 2889 4618 esse
2943 4573 3169 4632 nuptum
3205 4561 3484 4615 daturum.

221 4670 502 4742 θυγατέρα
535 4671 736 4739 ἔλεγεν.
777 4670 841 4722 Ἦ
893 4669 1149 4740 πρόθεσίς
1199 4685 1258 4720 τε
1318 4667 1580 4730 ἑκάστου,
1618 4664 1710 4718 τοῦ
1747 4681 1804 4718 τε

219 4763 412 4818 ἑαυτὸν
470 4763 882 4833 εύνουχίσαντος
913 4763 1008 4815 τοῦ
1059 4779 1119 4815 τε
1161 4757 1227 4814 αὖ
1273 4761 1438 4832 γάμῳ
1478 4759 1565 4812 διὰ
1615 4759 1803 4812 παιδο-

221 4854 406 4907 ποιίαν
438 4852 813 4919 συζεύξαντος,
849 4851 1126 4914 ἀνένδοτος
1158 4851 1293 4922 πρὸς
1324 4850 1384 4903 τὸ
1416 4844 1574 4925 ἦττον
1615 4848 1803 4920 διαμέ-

1925 4655 2123 4710 Verum
2166 4657 2565 4726 unusquisque,
2608 4665 2718 4708 tam
2767 4655 2813 4708 is
2866 4656 2958 4724 qui
3007 4654 3308 4708 castitatem
3341 4651 3486 4705 dele-

1912 4751 2010 4820 git,
2039 4765 2200 4818 quam
2237 4751 2282 4803 is
2339 4750 2433 4818 qui
2475 4759 2696 4818 propter
2730 4748 3024 4801 liberorum
3054 4744 3485 4814 procreationem

1916 4841 2156 4911 seipsum
2203 4840 2492 4910 conjunxit
2540 4841 2914 4905 matrimonio,
2967 4837 3019 4890 in
3068 4853 3168 4892 suo
3208 4839 3487 4906 proposito

289 5030 316 5060 ι
349 5016 505 5069 Rom.
528 5031 648 5079 vm,
678 5016 730 5079 ‘2,
757 5017 811 5077 3,
847 5017 899 5071 4.
976 5013 1185 5085 blhid.,
1222 5012 1308 5072 10.
1334 5013 1418 5085 ll__.
1497 5024 1517 5050 ε
1552 5011 1684 5067 Ibid.
1713 5013 1768 5080 5,

1916 5012 1940 5077 ',
1966 5011 2020 5076 8,
2048 5009 2100 5074 9,
2138 5005 2451 5073 10,12,13,
2486 5005 2573 5068 tt,
2608 5002 2694 5056 t5.
2743 5007 2799 5064 ω
2835 4999 2894 5053 Ρ.
2921 4999 3024 5085 διδ
3056 4996 3162 5050 ED.
3190 4995 3493 5054 Porren.
3565 4991 3570 4994 '

218 5091 347 5152 £58,
377 5087 482 5142 459
513 5085 619 5140 ΕΙ).
653 5085 872 5142 I’ARIS.
969 5085 996 5123 ἀ
1028 5084 1046 5137 l
1078 5084 1205 5138 Cor.
1253 5098 1348 5145 vn,
1383 5083 1434 5137 5.

297 5228 408 5296 (47)
438 5226 628 5298 Τάφος
742 5225 848 5292 τῆς
874 5221 1100 5298 ψυχῆς.
1137 5222 1288 5278 Plato
1311 5223 1385 5298 in
1433 5221 1650 5298 Cr_atyl_o
1679 5237 1800 5298 pag.

363 5289 532 5371 :A'Kal.‘
554 5289 662 5371 γάρ
879 5289 1020 5371 τινές
1053 5311 1216 5371 φασιν
1264 5293 1396 5371 agt?)
1428 5289 1632 5371 (σῶμα)
1667 5289 1806 5371 εἶναι

223 5370 322 5440 τῆς
370 5362 578 5440 ψυχῆς,
632 5362 727 5440 ὡς
755 5362 1100 5440 τεθαμμένης
1149 5366 1229 5440 ἐν-
1263 5363 1344 5434 τῷ
1410 5362 1802 5440 νῦνῌπαρόντισ

233 5459 251 5490 ι
281 5432 675 5507 Ὁοίνιίὲόιιὶιιι
717 5439 819 5492 hoc
852 5432 1390 5507 ani'nuesepulcrum
1423 5432 1642 5507 quidam
1679 5448 1800 5485 esse

228 5503 449 5564 tradunt
485 5528 497 5562 :
531 5511 687 5580 quasi
735 5509 850 5577 ipsa
895 5505 1146 5575 praesenti
1198 5506 1253 5558 in
1305 5514 1549 5572 tempore
1599 5503 1670 5556 sit
1708 5519 1798 5556 se-

439 5599 816 5725 ’TbAqrsﬁﬂa.
851 5645 982 5714 Qua:
1009 5652 1355 5725 .sequuntur,
1397 5641 1713 5725 imperlecte
1747 5649 1801 5695 et

230 5720 486 5792 tauquam
525 5720 611 5774 διὰ
659 5720 877 5792 μνήμης
915 5720 1104 5773 recitat
1150 5724 1341 5771 auctor
1375 5729 1442 5770 ex
1485 5720 1644 5769 lion).
1675 5726 1797 5780 vm,

233 5791 288 5858 5.,
316 5793 368 5858 6,
392 5793 442 5858 7,
467 5793 522 5847 8.

1980 5218 2091 5288 (49)
2154 5215 2288 5288 ‘Et‘nf
2331 5212 2436 5265 τὸν
2732 5203 2982 5288 ἀπειλεῖ.
3034 5201 3249 5288 Eap‘oni
3290 5209 3496 5288 potest.

1916 5306 1934 5340 ι
1965 5271 2218 5355 idemque
2248 5271 2688 5355 timorem'ahigit
2715 5297 2735 5355 :_
2760 5296 2777 5326 ι
2817 5286 3002 5355 utnon
3032 5273 3096 5326 ad
3125 5271 3336 5324 Patrem
3367 5286 3491 5355 spe:

1913 5340 2042 5422 ctet,
2078 5340 2536 5426 qtietiiadtriOtlum
2582 5340 3242 5426 eiistimavittinterpres,
3289 5343 3378 5426 sed
3415 5340 3484 5426 ad

1909 5417 2160 5497 spiritum
2181 5423 2511 5494 adoptionis,
2532 5435 2694 5490 quem
2718 5417 2944 5487 opponit
2967 5417 3180 5485 spiritui
3205 5417 3492 5466 servitutis,

1907 5513 1973 5552 ac
2005 5510 2238 5552 llﬂlOl‘lS.

1979 5547 2097 5637 (soi
2115 5547 2236 5618 "ea?
2270 5561 2634 5637 συμξώνου.
2662 5557 2903 5637 Respicit
2941 5554 2960 5637 ξ
2993 5555 3243 5635 Cor.v1t,
3279 5550 3353 5604 5:
3391 5547 3492 5637 an;

1905 5617 2258 5707 ἀποστερεῖτε
2283 5617 2566 5704 γάλλῆλους,
2590 5633 2638 5682 εί
2671 5631 2745 5701 μή
2773 5617 2824 5681 τι
2856 5628 2921 5707 ᾂν
2943 5622 3322 5707 ὲκρυμφὼνου
3347 5617 3484 5707 προς

1907 5690 2128 5775 καιρὸνί
2148 5708 2234 5760 ἴνα
2269 5690 2917 5775 σιολᾶξηέεξῖνῆςτξίέ
2945 5697 3036 5752 καὶ
3074 5690 3140 5766 τῇ
3163 5690 3478 5775 προσευχὴ.

1981 5727 1998 5763 ι
2035 5717 2115 5770 ὸν,
2148 5717 2234 5760 ἵνα
2269 5717 2560 5775 σχολαςητε
2592 5717 2658 5772 τῃ
2695 5717 2879 5772 νηστει
2945 5717 3036 5752 και
3074 5717 3140 5766 τη
3186 5717 3254 5766 πρ

1979 5727 2092 5850 (gl)
2139 5775 2541 5847 Ἀσχημονεῖν.
2568 5772 2807 5844 ReSpicit
2837 5717 3000 5826 lgor.
3029 5782 3128 5833 νυ,
3163 5761 3254 5820 36.
