3938 6302
225 363 366 420 4185

1483 359 1916 418 STROMATUM
1947 359 2074 416 LIB.
2115 361 2202 416 lll.

3325 369 3462 424 “86

213 487 384 556 ἡμεῖς
401 483 488 536 δ”ι
500 481 812 554 ἐθανατώθη
821 499 918 553 μεν
934 481 1012 552 τῷ
1044 481 1190 552 νόμῳ
1205 481 1290 536 διὰ
1307 481 1400 536 τοῦ
1428 481 1674 553 σώματος
1699 483 1789 536 τοῦ

1897 499 2024 536 num
2063 491 2244 536 autem
2289 491 2408 544 est,
2455 485 2600 552 quod
2645 493 2830 539 estex
2869 482 3136 548 Domino,
3183 484 3462 538 matrimo-

215 575 460 647 Χριστοῦ
500 577 579 638 είς
615 573 676 628 τὸ
705 573 955 642 γενέσθαι
985 575 1134 643 ἡμᾶς
1155 573 1325 645 ἑτέρῳ
1343 613 1360 638 ,
1392 572 1470 644 τῷ
1495 577 1558 627 ἐκ
1587 575 1792 646 νεκρῶν

217 667 529 740 ἐγερθέντι,
571 685 588 717 ι
649 665 730 736 τῷ
787 663 890 718 ὑπὸ
951 664 1044 717 τοῦ
1108 664 1272 735 νόμου
1334 665 1789 737 προφητευθὲντι,

225 777 246 809 ι
279 757 366 810 ἵνα
423 758 930 830 καρποφορήσωμεν
980 755 1060 825 τῷ
1105 754 1241 825 Θεῷ.
1273 755 1417 807 «Διὸ»
1451 757 1478 808 ὁ
1509 755 1606 826 μὲν
1629 755 1794 826 νόμος

219 849 378 916 ἅγιος
403 889 418 912 ,
477 849 572 902 καὶ
632 851 664 920 ὴ
723 847 909 919 ἐντολὴ
952 847 1080 916 ἁγία
1106 887 1120 911 ,
1173 849 1268 900 καὶ
1291 845 1508 909 δικαία,
1541 847 1632 902 καὶ
1659 849 1794 916 ἁγα-

215 945 312 1014 θή.
353 962 372 996 ι
423 939 870 1011 Ἐθανατώθημεν
917 936 1010 994 οὖν
1080 939 1160 1008 τῷ
1191 937 1371 1010 νόμῳ,
1434 939 1678 992 τουτέστι
1725 943 1790 1012 τῇ

215 1033 329 1087 ὑπὸ
390 1033 484 1086 τοῦ
535 1033 696 1103 νόμου
758 1032 1056 1103 δηλουμένῃ
1125 1031 1402 1102 ἁμαρτίᾳ·
1467 1032 1532 1102 ἢν
1587 1032 1796 1086 δείκνυ-

219 1143 308 1179 σιν
341 1127 472 1196 (74),
500 1127 560 1178 οὑ
589 1127 750 1195 γεννᾷ
779 1127 806 1178 ὁ
833 1125 994 1195 νόμος
1015 1165 1028 1184 ,
1058 1125 1146 1178 διὰ
1177 1125 1276 1195 τῆς
1307 1124 1648 1196 προστάξεως
1681 1125 1792 1198 (75)

215 1219 328 1272 τῶν
365 1219 628 1290 ποιητέων
649 1259 663 1278 ,
693 1217 783 1270 καὶ
812 1219 1230 1288 ἀπαγορεύσεως
1264 1218 1369 1270 τῶν
1401 1219 1462 1272 οὑ
1493 1219 1790 1290 ποιητέων,

219 1311 458 1380 ἐλέγχων
485 1311 584 1380 τὴν
604 1308 968 1379 ὑποκειμένην
986 1309 1278 1380 ἁμαρτίαν.
1309 1327 1326 1358 ι
1351 1309 1435 1362 ἵνα
1453 1313 1590 1380 φανῇ
1617 1311 1794 1382 ἀμαρ-

215 1404 332 1456 τία.
367 1423 383 1453 ι
415 1403 476 1455 Εἰ
507 1402 562 1454 δὲ
599 1401 838 1472 ἁμαρτία
870 1400 1045 1470 γάμος
1081 1403 1110 1452 ὁ
1145 1399 1284 1452 κατὰ
1309 1399 1506 1468 νόμον.
1544 1400 1643 1452 οὐκ
1679 1395 1794 1452 οἶδα

221 1495 343 1558 πῶς
373 1512 456 1557 τις
475 1494 590 1564 ἐρεῖ
613 1492 742 1544 Θεὸν
760 1491 1074 1556 ἐγνωκέναι,
1093 1490 1264 1558 λέγων
1290 1491 1342 1542 τὸ
1365 1491 1684 1560 πρόσταγμα
1698 1489 1792 1544 τοῦ

215 1587 358 1640 Θεοῦ
393 1585 666 1658 ἁμαρτίαν
689 1582 864 1636 εἶναι’
903 1583 1118 1650 σὰγίουι
1145 1583 1202 1636 δὲ
1226 1583 1378 1645 ὄντος
1409 1581 1502 1635 τοῦ
1541 1583 1786 1652 «νόμου,ι

219 1681 377 1747 ἅγιος
399 1679 632 1747 ὁγὰμος.
669 1677 740 1728 Τὸ
767 1677 1060 1746 μυστήριον
1091 1674 1200 1744 (76)
1225 1675 1399 1727 τοίνυν
1417 1675 1574 1727 τοῦτο
1605 1677 1682 1737 εἰς
1703 1675 1792 1726 τὸν

217 1771 458 1844 Χριστὸν
489 1771 581 1823 καὶ
609 1771 706 1842 τὴν
751 1769 1073 1837 Ἐκκλησίαν
1096 1768 1218 1836 ἄγει
1238 1771 1268 1822 ὁ
1309 1767 1626 1830 Ἀπόστολος
1647 1785 1660 1796 ⁸
1692 1785 1790 1820 κα-

1894 573 2043 628 ηἰιιιη
2064 613 2084 640 ,
2108 589 2232 628 cum
2267 574 2408 628 idem
2436 572 2582 628 Deus
2617 585 2864 630 servetur
2904 593 2934 630 a
2983 575 3142 632 nobis
3169 575 3192 629 ’ί
3231 591 3252 628 ι
3283 573 3404 628 Non
3435 594 3457 628 ι

1891 665 2036 720 enim
2067 681 2088 718 ί
2116 666 2260 735 quod
2293 663 2436 720 Deus
2465 666 2784 736 conjunxit,
2821 669 2986 722 homo
3015 687 3034 720 ι
3062 668 3185 737 jure
3211 685 3232 720 ι
3265 667 3466 722 dissol-

1893 759 2032 812 verit
2053 769 2080 797 ι
2103 777 2116 822 ;
2141 782 2160 810 ι
2179 759 2352 812 ιηιιΙιο
2383 767 2563 812 autent
2595 759 2772 829 magis
2797 776 2918 829 quae
2940 761 3110 829 jussit
3133 758 3318 820 Pater.
3347 773 3464 814 ser-

1891 851 2042 904 vabit
2066 866 2284 920 quoque
2325 849 2519 906 Filius.
2575 850 2632 904 Si
2665 862 2848 906 autem
2891 852 3030 904 idem
3075 851 3238 906 simul
3282 859 3368 904 est
3411 857 3470 904 et

1893 943 2176 1014 legislator
2201 953 2254 997 et
2299 942 2664 1012 evangelista,
2693 959 2974 1012 nunquam
3013 946 3130 1013 ipse
3155 958 3342 998 secum
3367 958 3468 1012 pu-

1895 1045 2043 1104 gnat.
2099 1034 2242 1088 Vivit
2283 1036 2428 1088 enim
2473 1037 2594 1100 lex,
2637 1051 2762 1090 cum
2807 1036 2878 1090 sit
2917 1035 3214 1104 spiritalis,
3247 1045 3300 1088 et
3331 1049 3470 1103 gno-

1896 1129 2029 1180 stice
2055 1128 2388 1196 intelligatur
2411 1145 2423 1180 :
2453 1143 2550 1180 nos
2573 1137 2756 1180 autem
2788 1149 2804 1176 ι
2829 1143 2934 1182 ιιιοι
2952 1127 3028 1180 tui
3059 1145 3077 1178 ι
3099 1141 3294 1180 sumus
3319 1143 3335 1176 ι
3361 1125 3468 1194 legi

1894 1231 1990 1287 per
2019 1234 2218 1286 corpus
2243 1219 2478 1278 Christi,
2527 1229 2585 1274 ut
2625 1221 2972 1290 gignerentur
3016 1219 3206 1282 alteri,
3248 1218 3340 1288 qui
3381 1233 3472 1272 re-

1895 1311 2136 1362 surrexit
2161 1327 2226 1363 ex
2259 1311 2547 1376 mortuis,»
2577 1315 2670 1380 qui
2700 1315 2990 1380 praedictus
3021 1312 3122 1366 fuit
3149 1329 3176 1366 a
3213 1313 3350 1384 lege,
3379 1321 3470 1366 cut

1895 1399 2006 1454 Deo
2057 1401 2514 1458 l'ruetiliearentns
2543 1403 2590 1456 δ.
2623 1423 2641 1455 ι
2691 1403 2873 1469 Quare
2927 1422 2944 1454 ι
2977 1405 3062 1458 lex
3115 1405 3334 1474 quidem
3385 1415 3472 1460 est

1895 1505 2080 1549 sancta
2103 1537 2118 1559 ,
2155 1505 2206 1548 et
2249 1497 2568 1550 mandatum
2601 1507 2882 1561 sanctum,
2919 1508 2972 1550 et
2997 1497 3248 1564 justum,
3279 1505 3332 1550 et
3369 1497 3470 1550 bo-

1897 1603 2022 1640 num
2060 1597 2105 1642 ε.
2134 1606 2153 1638 ι
2175 1573 2370 1642 .‘llortui
2403 1603 2532 1656 ergo
2559 1603 2750 1642 sumus
2777 1588 2910 1658 legi,
2941 1588 3044 1640 hoc
3073 1597 3152 1642 est
3171 1627 3184 1650 ,
3221 1595 3468 1655 peccato,

1895 1683 2036 1751 quod
2071 1697 2099 1736 a
2131 1683 2244 1754 lege
2269 1685 2609 1752 signiﬁcatur
2635 1721 2649 1746 ,
2680 1685 2823 1752 quod
2853 1682 3118 1744 ostemlit,
3154 1699 3258 1734 non
3285 1691 3468 1734 autem

1895 1787 2115 1844 generat
2147 1777 2228 1830 lex
2251 1817 2264 1840 ,
2295 1792 2386 1844 per
2412 1777 2714 1844 jussionein
2742 1791 2927 1830 eorum
2961 1791 3082 1844 qua:
3105 1785 3236 1830 sunt
3267 1773 3470 1828 facien-

217 1863 402 1935 θὰπερ
441 1884 458 1914 ι
481 1865 540 1916 τὸ
553 1861 886 1932 γεννώμενον
899 1861 1008 1931 (77)
1027 1864 1090 1914 ὲκ
1117 1861 1218 1930 τῆς
1245 1863 1446 1932 σαρκὸς
1469 1861 1602 1932 σάρξ
1625 1863 1789 1924 ἐστιν,

1898 1869 1966 1922 da
1993 1909 2008 1933 ,
2055 1877 2108 1921 et
2155 1869 2578 1937 prohibitionem
2615 1883 2808 1922 eorum
2848 1883 2971 1936 quae
3011 1885 3117 1922 non
3168 1865 3463 1928 facienda;

213 1957 366 2009 οῦτω
397 1956 456 2008 τὸ
485 1957 548 2008 ὲκ
587 1953 892 2024 πνεύματος
927 1953 1162 2023 πνεῦμα,
1209 1955 1267 2005 οὑ
1316 1955 1472 2024 μόνον
1503 1955 1614 2022 (78)
1651 1953 1790 2006 κατὰ

219 2049 324 2120 τὴν
359 2046 680 2116 ἀποκύησιν,
705 2045 838 2098 ἀλλὰ
871 2047 963 2098 καὶ
997 2045 1136 2098 κατὰ
1169 2046 1268 2116 τὴν
1299 2045 1548 2114 μάθησιν.
1586 2047 1792 2100 Αὐτίκα

221 2158 248 2190 ε
281 2139 410 2206 ἅγια
440 2139 507 2191 τὰ
535 2139 758 2192 τέκνα-ι
783 2141 838 2190 αί
875 2139 1262 2209 εὑαρεστήσεις
1291 2137 1368 2207 τῷ
1399 2137 1516 2207 Θεῷ
1549 2138 1654 2190 τῶν
1691 2139 1816 2192 Κνο-

221 2230 432 2303 ριακῶν
477 2231 682 2298 λόγων,
727 2231 1148 2300 νυμφευσὰντων
1185 2230 1284 2299 τὴν
1321 2229 1519 2300 ψυχήν.
1567 2229 1795 2300 Πορνεία

215 2323 354 2392 γοῦν
381 2325 473 2377 καὶ
510 2323 684 2393 γάμος
716 2321 1044 2392 κεχώρισται
1064 2338 1077 2352 ο
1117 2323 1240 2375 ἐπεὶ
1273 2321 1488 2392 μακρὰν
1521 2323 1796 2394 ἀφέστηκε

217 2416 318 2468 τοῦ
351 2414 483 2467 Θεοῦ
524 2417 550 2466 ὁ
581 2413 842 2476 διάϐολος.
894 2433 910 2464 ι
937 2413 1045 2465 Καὶ
1085 2415 1240 2484 ὑμεῖς
1285 2409 1378 2466 οὖν
1423 2413 1796 2484 ἐθανατώθητε

215 2507 302 2578 τῷ
317 2507 484 2577 νόμῳ,
517 2507 602 2560 διὰ
630 2505 722 2558 τοῦ
783 2505 1032 2576 σώματος
1060 2504 1154 2558 τοῦ
1183 2505 1420 2576 Χριστοῦ
1443 2547 1456 2569 ,
1493 2509 1568 2570 είς
1597 2507 1658 2560 τὸ
1701 2524 1795 2575 γε·

219 2599 408 2652 νέσθαι
439 2600 582 2668 ὑμᾶς
624 2599 814 2668 ἑτέρῳ,
859 2597 937 2668 τῷ
971 2601 1036 2650 ἐκ
1067 2597 1276 2668 νεκρῶν
1295 2597 1624 2668 ἐγερθέντι.»
1661 2599 1793 2652 Συν-

219 2690 539 2757 εξακούεται
597 2689 706 2756 γὰρ
761 2689 1076 2760 προσεχῶς,
1127 2689 1402 2761 ὑπηκόους
1437 2690 1792 2760 γενομένουςο

221 2783 348 2836 ἐπεὶ
403 2783 497 2836 καὶ
543 2781 684 2834 κατὰ
741 2783 840 2854 τὴν
891 2781 1150 2852 ἀλήθειαν
1197 2781 1292 2835 τοῦ
1343 2783 1508 2852 νόμου
1552 2782 1662 2853 (79)
1717 2781 1796 2852 τῷ

219 2874 372 2944 αὐτῷ
407 2873 594 2944 Κυρίῳ
633 2873 974 2941 ὑπακούομεν
1000 2913 1015 2936 ,
1077 2871 1358 2944 πόρρωθεν
1391 2873 1502 2942 (80)
1557 2889 1798 2945 παρακε-

213 2967 515 3037 λευομέν·;›.
553 2965 660 3020 Καὶ
701 2969 826 3036 μητι
859 2966 950 3018 ἐπὶ
982 2965 1090 3018 τῶν
1121 2965 1376 3018 τοιούτων
1419 2965 1642 3029 εἰκότως
1681 2983 1700 3018 ι
1736 2965 1796 3020 τὸ

219 3059 446 3129 Πνεῦμα
477 3057 733 3128 ἄντικρυς
761 3057 874 3126 (8i)
903 3055 1083 3124 λέγει,
1114 3057 1194 3110 δτι
1230 3057 1288 3108 ἐν
1321 3057 1564 3126 ὑστέροις
1587 3059 1795 3128 καιροῖς

219 3147 617 3218 ἀποστήσονταί
649 3163 790 3209 τινες
831 3147 928 3216 τῆς
961 3147 1217 3212 πίστεως,
1249 3148 1604 3219 προσέχοντες
1638 3149 1797 3204 πνεύ-

225 3257 358 3310 μασι
391 3239 616 3307 πλάνης,
655 3239 746 3292 καὶ
777 3238 1140 3302 διδασκαλίαις
1163 3239 1450 3308 δαιμονίων
1483 3241 1540 3294 ἐν
1571 3241 1796 3314 ὑποκρί-
1823 3213 1863 3269 C

221 3347 310 3384 σει
329 3329 666 3400 ψευδολόγων
687 3367 700 3392 ,
729 3329 1280 3400 κεκαυτηριασμένων
1311 3329 1408 3402 τὴν
1453 3331 1754 3403 συνείδησιν
1775 3371 1791 3398 ,

215 3424 316 3476 καὶ
369 3420 680 3475 κωλυόντων
709 3422 926 3489 γαμεῖν,
971 3419 1270 3489 ἀπέχεσθαι
1309 3419 1644 3492 βρωμάτων,
1679 3421 1716 3476 ἃ.
1765 3424 1794 3476 ὀ

217 3507 352 3570 Θεὸς
373 3507 582 3560 ἔκτισεν
619 3509 698 3570 είς
757 3507 1056 3576 μετάληψιν
1117 3509 1234 3578 μετ’
1281 3509 1626 3582 εὐχαριστίας
1680 3515 1796 3576 τοῖς

221 3603 452 3662 πιστοῖς,
475 3599 566 3652 καὶ
584 3599 919 3666 ἐπεγνωκόσι
947 3601 1044 3670 τὴν
1066 3601 1344 3670 ἀλήθειαν,
1367 3603 1448 3656 ὃτι
1471 3605 1576 3656 πᾶν
1592 3605 1794 3674 κτίσμα

217 3695 354 3750 Θεοῦ
407 3694 566 3748 καλὸν
589 3733 604 3758 ,
651 3695 744 3746 καὶ
771 3693 918 3746 οὐδὲν
950 3693 1258 3764 ἀπόϐλητον
1305 3697 1419 3765 μετ’
1449 3697 1794 3767 εὐχαριστίας

215 3787 652 3856 λαμῦανόμενονν
696 3781 976 3852 ἁγιάζεται
1035 3785 1144 3854 γὰρ
1196 3786 1286 3838 διὰ
1323 3786 1482 3855 λόγου
1539 3787 1672 3842 Θεοῦ
1701 3790 1794 3842 καὶ

217 3881 528 3946 ἐντεύξεως.
583 3899 601 3932 ι
651 3878 988 3946 Ἐπάναγκες
1025 3880 1121 3948 μὲν
1169 3874 1264 3932 οὖν
1291 3879 1350 3932 οὑ
1384 3879 1652 3934 κωλυτέον
1695 3897 1795 3950 γα-

219 3977 364 4044 μεῖν,
397 3974 516 4026 οὑδὲ
551 3973 654 4044 μὴν
689 3975 1050 4044 κρεωφαγεῖν,
1073 3972 1105 4042 ῆ
1132 3973 1426 4026 οἰνοποτεῖν
1449 3989 1462 4002 ·
1487 3973 1798 4044 γέγραπται¹

215 4067 328 4137 γάρ
347 4083 360 4096 ·
403 4085 420 4116 ι
453 4065 632 4118 Καλὸν
661 4066 722 4117 τὸ
757 4065 830 4135 μὴ
861 4066 1054 4132 φαγεῖν
1079 4064 1235 4136 κρέα,
1276 4063 1408 4133 μηδὲ
1432 4064 1605 4118 πίνειν
1631 4062 1789 4128 οἶνον,

215 4159 315 4212 ἐὰν
339 4157 427 4212 διὰ
459 4159 877 4229 προσκόμματος
905 4156 1056 4227 ἐσθίῃ
1077 4173 1088 4186 ’
1125 4177 1142 4207 ι
1175 4155 1291 4210 καί·
1327 4174 1346 4207 ι
1375 4155 1554 4209 Καλὸν
1590 4157 1788 4227 μένειν,

209 4253 294 4316 ὡς
339 4251 518 4320 κάγώ’
556 4271 574 4303 ι
611 4251 724 4304 ἀλλ’
754 4253 858 4304 ὅτε
903 4249 1182 4320 χρώμενος
1237 4249 1352 4318 μετ’
1407 4249 1790 4320 εὐχαριστίας,

213 4346 246 4398 ὃ
275 4360 334 4396 τε
363 4339 428 4396 αὖ
465 4343 536 4414 μὴ
571 4341 870 4414 χρώμενος,
902 4342 994 4395 καὶ
1041 4341 1202 4404 αὑτὸς
1249 4341 1365 4412 μετ’
1405 4341 1789 4412 εὐχαριστίας,

292 4468 318 4497 ι
355 4456 540 4509 Matth.
581 4473 704 4522 xix,
745 4459 796 4510 6.
875 4457 902 4497 ι’
943 4457 1102 4510 Rom.
1139 4473 1245 4516 vu.
1282 4457 1334 4510 4.

221 4532 286 4592 ᾖ(
327 4525 388 4580 Ρ.
427 4527 534 4580 550
573 4527 682 4582 ΕΙ).
729 4527 1034 4594 POTTER,
1077 4527 1324 4582 462—465
1367 4527 1478 4582 ΕΙ).
1527 4527 1750 4584 PARIS.

293 4645 403 4710 (74)
440 4647 552 4699 Ἦν
579 4645 906 4698 δείκνυσιν.
941 4645 1100 4700 Conf.
1129 4644 1288 4700 Rom.
1317 4661 1414 4706 vlt,
1454 4645 1504 4710 7,
1537 4645 1620 4699 15.

291 4715 404 4784 (75)
436 4715 843 4784 Προστίὶξεως.
887 4715 1350 4786 Superitis_legetn
1386 4716 1668 4778 describit,
1697 4715 1786 4769 λό-

213 4782 316 4856 γον
347 4782 531 4858 ὀρθὸν,
564 4782 980 4858 προστακτικὸν
1003 4788 1098 4858 μὲν
1146 4782 1520 4856 ὧν”ποιητέον
1539 4827 1552 4848 ,
1578 4788 1788 4855 ἀπαγο-

221 4850 469 4927 ρευτικδν
517 4850 714 4928 δὲ’ὧν
768 4857 827 4909 οὑ
863 4850 1146 4928 ποιητέον
1188 4875 1206 4908 ι
1238 4850 1439 4912 rectam
1487 4850 1828 4928 rationein,-

220 4943 346 4996 quze
381 4927 625 4996 praecipit
673 4943 737 4982 ea
799 4943 919 4996 quae
973 4927 1084 4981 ﬁeri
1113 4937 1382 4996 oportet,
1431 4937 1484 4982 et
1542 4927 1791 4994 prohibet

217 5013 346 5121 gare
377 4999 490 5050 lieri
522 5013 632 5050 non
673 5006 902 5067 oportet.
944 5017 962 5049 ι
1032 4996 1224 5052 Strom.
1266 5015 1304 5062 ι,
1337 5013 1460 5068 pag.
1488 4997 1614 5062 550,
1651 4999 1783 5052 edit.

268 5083 392 5120 aris.

268 5083 392 5120 al'lS.

295 5137 406 5206 (76)
451 5138 522 5191 Τὸ
551 5137 904 5206 μυστήριον.
938 5137 1176 5206 Respicit
1201 5135 1398 5204 Ephes.
1434 5153 1486 5200 v,
1525 5138 1614 5192 δί.

291 5207 406 5332 ('3')
431 5209 500 5262 Τὸ
525 5210 910 5278 γεννώμενον.
939 5209 1175 5278 Respicit
1197 5208 1396 5263 Christi
1425 5207 1784 5274 verba,.loau.

219 5293 304 5332 111.
331 5293 384 5332 15.

444 5349 526 5402 Οὐ
564 5349 773 5416 μόνον.
813 5346 1018 5402 Sensus
1077 5357 1180 5412 est,
1215 5345 1266 5400 id
1289 5388 1304 5410 ,
1336 5347 1479 5416 quod
1501 5346 1613 5415 jam
1647 5349 1785 5403 dixit

221 5427 436 5482 auctor,
467 5419 873 5486 intelligendum
898 5433 1039 5482 esse,
1083 5436 1100 5467 ι
1127 5433 1232 5470 non
1266 5417 1442 5471 solum
1470 5417 1538 5470 de
1585 5417 1774 5472 liberis

175 5511 184 5524 -
219 5491 314 5557 qui
351 5505 414 5542 ex
447 5501 626 5559 partu,
649 5489 744 5559 sed
770 5488 932 5542 etiam
969 5487 1035 5542 de
1085 5487 1150 5559 iis
1192 5487 1284 5555 qui
1314 5503 1379 5540 ex
1404 5487 1652 5541 doctrina
1671 5505 1777 5559 _na-

222 5549 475 5613 scuntur'.
511 5549 742 5612 Proinde
770 5567 1048 5612 nsanctos»
1075 5549 1272 5611 liberos
1310 5573 1430 5610 esse
1468 5573 1630 5627 opera
1667 5557 1776 5612 Deo

221 5639 394 5696 grata,
449 5645 571 5698 quae
624 5627 946 5698 proveniunt
993 5643 1058 5681 ex
1099 5629 1300 5690 anima,
1343 5643 1504 5696 quam
1561 5627 1770 5698 Dulllilli

221 5697 504 5754 sermones
531 5699 987 5768 chPOIltiCI'UIIIJ
1017 5698 1253 5765 Respicit
1275 5707 1452 5750 autem
1484 5699 1506 5750 Ι
1533 5697 1764 5761 Conv",

224 5767 312 5839 ῌ,
343 5785 451 5839 quo
509 5769 630 5824 loco
673 5767 908 5822 al‘lirmat
937 5771 1226 5839 Apostolus
1246 5809 1260 5830 ,
1291 5779 1600 5824 sanctorum
1639 5769 1768 5838 διγια

220 5835 565 5901 εἶναι’τέκνα,
587 5857 604 5891 ι
623 5847 838 5894 sanctus
859 5835 1210 5895 esse'liburos
1239 5857 1250 5892 :
1293 5857 1309 5888 ι
1347 5840 1489 5904 quod
1517 5835 1768 5894 Cleméns

1429 4469 1450 4532 [⁵
1493 4457 1651 4532 [ltitiL
1669 4459 1771 4532 1'2.
1849 4459 1874 4498 δ
1917 4464 2078 4524 Joan.
2121 4485 2214 4528 Ill.
2255 4467 2310 4532 6,

1897 1963 2297 2031 reprehendens
2345 1962 2645 2030 subjectum
2699 1971 3016 2030 peccatum,
3069 1977 3088 2010 ι
3123 1969 3180 2013 ιιι
3211 1964 3470 2029 appareat

1895 2061 2202 2123 peccatum.
2236 2073 2254 2104 ι
2288 2052 2342 2107 Si
2375 2063 2554 2108 autem
2593 2065 2872 2122 peccatum
2901 2063 2981 2109 est
3017 2053 3466 2115 matrimonium,

1896 2147 2036 2214 quod
2069 2146 2366 2202 secundum
2407 2149 2576 2214 legent
2611 2145 2801 2209 initur,
2831 2146 3016 2199 nescio
3039 2142 3316 2214 quomodo
3341 2141 3468 2211 quis

1897 2237 2042 2292 dicet
2077 2253 2134 2290 se
2167 2236 2332 2290 Deum
2367 2253 2557 2300 nosse,
2587 2237 2774 2292 dicens
2807 2236 2899 2291 Dei
2935 2238 3152 2306 jussutn
3183 2251 3306 2290 esse
3337 2251 3468 2304 pec-

1896 2339 2098 2384 catum.
2127 2329 2280 2396 Quod
2311 2331 2356 2384 si
2385 2348 2402 2380 ι
2425 2329 2506 2382 lex
2537 2339 2728 2384 sancta
2759 2350 2778 2380 ι
2806 2341 2919 2395 εει,
2955 2339 3204 2384 sanctum
3235 2339 3318 2383 est
3347 2343 3466 2381 nta-

1897 2422 2236 2476 trimonium.
2287 2419 2603 2492 Mysteriutn
2655 2437 2788 2492 ergo
2845 2425 2948 2478 hoc
2989 2423 3054 2476 ad
3095 2422 3371 2476 Christum
3415 2429 3470 2474 et

1897 2513 2200 2608 Ecclesiam
2237 2515 2386 2568 ducit
2421 2514 2758 2584 Apostolus:
2791 2515 3250 2585 quemadmodum
3281 2533 3298 2564 ι
3323 2511 3468 2582 quod

1895 2620 1962 2660 ex
1995 2621 2158 2660 carne
2181 2604 2501 2676 'generatur,
2531 2621 2660 2660 caro
2687 2615 2772 2661 est
2799 2625 2814 2672 ;
2843 2607 2918 2660 ita
2957 2607 3102 2676 quod
3135 2621 3198 2660 ex
3237 2604 3468 2674 spiritu,

1897 2699 2158 2769 Spiritus,
2183 2699 2210 2740 ἀ
2249 2721 2267 2754 ι
2297 2717 2403 2755 non
2437 2701 2616 2754 solum
2645 2700 2698 2753 in
2733 2698 3024 2768 pariendo,
3075 2697 3168 2752 sed
3209 2698 3370 2750 etiam
3415 2696 3470 2748 in

1897 2791 2175 2846 discendo.
2227 2790 2344 2845 .lam
2392 2811 2410 2844 ι
2441 2791 2614 2846 sancti
2669 2799 2798 2844 sunt
2859 2789 2950 2842 lilii
2987 2799 3034 2852 ο,
3067 2805 3086 2839 ι
3135 2786 3248 2840 Deo
3305 2795 3470 2856 grata:

1897 2881 2288 2937 oblectationes
2337 2883 2629 2935 verborum
2683 2879 3144 2942 Dominicorum,
3195 2893 3319 2948 quae
3371 2881 3470 2932 de-

1897 2975 2236 3042 sponderent.
2266 2973 2528 3026 animam.
2565 2969 2707 3025 Sunt
2733 2987 2864 3040 ergo
2890 2981 3138 3040 separata
3173 2969 3476 3024 l'ornicatio

1897 3073 1950 3118 et
1991 3064 2397 3118 matrimonium
2421 3103 2435 3128 ,
2465 3063 2726 3132 quoniam
2758 3077 2788 3116 a
2823 3060 2932 3116 Deo
2959 3061 3118 3132 longe.
3159 3063 3310 3116 abest
3351 3061 3468 3114 dia-

1898 3155 2075 3210 holus.
2108 3177 2126 3206 ι
2159 3155 2221 3210 Et
2251 3171 2346 3210 vos
2373 3169 2504 3224 ergo
2548 3154 2749 3208 mortui
2797 3154 2930 3209 estis
2977 3153 3080 3224 legi
3131 3167 3226 3222 per
3267 3167 3470 3221 corpus

1899 3247 2138 3306 Christi.
2187 3259 2245 3304 ut
2285 3265 2383 3304 vos
2414 3248 2770 3319 gigneretnini
2807 3249 2993 3314 alteri,
3034 3247 3127 3317 qui
3171 3247 3410 3302 surrexit
3435 3263 3466 3300 α

1900 3341 2130 3395 mortuis
2149 3339 2190 3394 ί.
2219 3361 2237 3392 ι
2262 3341 2436 3396 Simul
2471 3350 2651 3394 autem
2679 3341 2922 3410 proxime
2945 3339 3256 3402 exauditur,
3279 3339 3323 3393 si
3347 3339 3468 3394 fue-

1899 3435 2020 3487 ritis
2063 3433 2422 3488 ohodientes:
2460 3433 2902 3504 quandoquidem
2935 3433 3098 3486 etiam
3139 3447 3206 3486 ex
3241 3434 3468 3487 veritate

1897 3525 2032 3595 legis
2089 3525 2262 3579 eidem
2316 3525 2550 3580 Domino
2577 3526 2892 3588 obedimus,
2925 3526 3018 3595 qui
3051 3525 3294 3595 praecipit
3331 3525 3469 3578 etni-

1897 3635 2023 3673 nus.
2073 3625 2130 3681 »Β
2179 3618 2433 3689 Nunquid
2484 3627 2666 3673 autem
2715 3619 2782 3672 de
2825 3616 3097 3686 ejusmodi
3151 3615 3470 3670 hominibus

1897 3713 2096 3765 merito
2130 3721 2314 3780 aperte
2349 3729 2366 3762 ι
2399 3711 2532 3766 dicit
2571 3708 2808 3780 Spiritus
2829 3750 2844 3774 ,
2877 3709 3024 3778 quod
3061 3711 3114 3762 in
3145 3708 3470 3778 posteriori-

1897 3805 2001 3858 bus
2035 3805 2376 3873 temporibus
2403 3803 2658 3857 delleient
2683 3803 2908 3874 quidam
2952 3817 2980 3854 a
3011 3801 3144 3863 lide,
3181 3801 3468 3856 attenden-

1895 3905 1979 3950 tes
2031 3897 2316 3964 Spiritibns
2357 3896 2600 3961 erroris,
2637 3905 2691 3950 et
2735 3894 3002 3950 doctrinis
3033 3894 3466 3960 dzemoniorum,

1896 3987 1950 4040 in
2014 3987 2288 4058 hypocrisi
2347 3985 2800 4056 falsiloquorum,
2855 3985 3208 4040 cauteriatam
3264 3985 3470 4040 haben-

1893 4079 2030 4132 tium
2060 4081 2450 4135 ronscicntiam
2469 4121 2484 4144 ,
2513 4087 2566 4133 et
2597 4078 3005 4148 prohibentium
3037 4078 3271 4140 nubere,
3301 4077 3470 4132 absti-

1895 4187 2024 4226 nere
2053 4187 2084 4226 ε
2111 4173 2271 4237 cibis,
2312 4189 2455 4243 quos
2489 4171 2634 4226 Deus
2664 4171 2870 4226 creavit
2903 4171 2968 4224 ad
2997 4170 3468 4239 participationem

1896 4279 2020 4318 eum
2048 4267 2349 4336 gratiarum
2421 4263 2638 4318 actione
2689 4263 2973 4326 lidelibns,
3014 4269 3068 4314 et
3103 4261 3196 4330 qui
3233 4275 3468 4329 agnove-

1897 4367 2028 4412 runt
2075 4359 2394 4421 veritatem,
2441 4356 2590 4426 quod
2642 4355 2824 4410 omnis
2877 4361 3128 4408 creatura
3181 4349 3276 4404 Dei
3323 4351 3467 4406 bona

2391 4479 2416 4506 θ
2457 4465 2476 4520 1
2513 4467 2642 4521 Cor.
2685 4481 2804 4528 vn,
2851 4465 2940 4517 l4.
3021 4461 3040 4501 ί
3094 4461 3466 4526 ιὶυιῐι.νιι,ι.

1819 4652 1864 4706 D
1893 4647 1958 4700 ad
1989 4646 2228 4698 animam
2255 4660 2348 4713 per
2377 4641 2650 4713 Evangelii
2683 4639 2984 4713 doctrinam
3029 4639 3140 4694 Deo
3165 4639 3467 4708 desponsa-

1893 4726 2004 4770 tam
2038 4712 2338 4784 applicans,
2371 4714 2496 4784 dicit
2524 4712 2643 4781 ejus
2671 4731 2690 4761 ι
2719 4712 2956 4774 liberos;
2995 4729 3014 4761 ι
3051 4725 3242 4784 nempe
3277 4723 3464 4784 opera,

1890 4802 2011 4841 esse
2045 4779 2296 4840 (sancta.
2331 4805 2348 4836 ι
2385 4779 2616 4836 Proinde
2645 4799 2764 4849 qua:
2801 4789 3128 4848 sequuntur,
3163 4779 3266 4832 hoc
3297 4783 3464 4836 modo

1889 4857 2268 4924 distinguenda
2329 4863 2458 4908 sunt
2498 4873 2516 4924 ι
2563 4853 2772 4924 Λίὺτίκα
2834 4851 2974 4924 ἅγια
3010 4849 3078 4924 τα
3152 4849 3350 4914 τέκνα,
3408 4853 3466 4906 αί

1889 4919 2272 4996 εὐαρεστήσεις
2297 4924 2372 4994 τῷ
2398 4923 2536 4995 Θεῷ,
2555 4923 2662 4976 τῶν
2689 4921 2984 4993 Κυριακῶν
3018 4919 3188 4988 λόγων
3221 4935 3464 4991 νυμφευ-

1893 4997 2098 5049 σὰντων
2130 4996 2226 5065 τὴν
2258 4997 2432 5065 ψυχήν
2449 5033 2462 5046 .

1961 5067 2068 5132 (79)
2095 5059 2255 5120 Kurd
2273 5059 2400 5132 ’τῖίιλ
2425 5062 2719 5132 ἀλήθειαν
2741 5060 2845 5132 τρῦ
2877 5061 3084 5132 νόμου.
3121 5061 3209 5114 Sic
3235 5060 3294 5115 Ι).
3318 5059 3464 5132 Pau-

1893 5126 1980 5191 lus
1999 5137 2116 5191 Gal.
2139 5153 2198 5198 ll,
2225 5137 2286 5207 l4
2317 5126 2475 5190 .’οὑκ
2502 5126 2884 5207 ὀρθοποδοῦσιν
2911 5126 3048 5201 πρὸς
3073 5133 3170 5202 τὴν
3199 5131 3462 5200 ἀλήθειαν

1891 5207 1984 5260 τοῦ
2015 5206 2361 5276 Εὑαγγελίου.

1963 5278 2071 5348 (8t!)
2119 5271 2448 5346 Πόῤῥωθεν.
2496 5292 2530 5348 _¢
2559 5271 2820 5336 Eminus,
2859 5292 2878 5324 ι
2935 5288 3128 5348 nempe
3195 5273 3248 5328 in
3303 5273 3458 5344 lege:

1890 5343 2359 5418 qttetnadmoduur
2379 5343 2563 5418 ἐγγύς,
2600 5363 2618 5394 ι
2641 5359 3022 5418 prope,_t__esse
3038 5345 3313 5418 dicuntur,
3339 5343 3461 5412 qua:

1877 5414 2018 5539 fsunt
2053 5420 2106 5471 iu
2134 5417 2454 5486 Evangelio;
2487 5415 2752 5468 relatione
2773 5414 2984 5468 scilicet
3013 5415 3080 5468 ad
3111 5415 3460 5470 Christianos

1897 5497 2041 5539 acta.

1897 5497 2041 5542 acta.

1947 5557 2061 5629 (8|)
2095 5558 2422 5629 Ἀντικρυς.
2443 5555 2692 5629 ΔῬη-ίῷς.
2727 5553 2918 5629 lTim_._
2943 5571 3014 5620 tv,
3045 5553 3138 5608 ubi
3181 5567 3330 5629 inor,
3364 5569 3456 5606 κε-

1877 5622 2358 5698 καυτηριασμένων
2403 5625 2503 5698 τὴν
2553 5622 2694 5679 ’ίδίαν
2749 5625 3090 5698 συνείδησιν,
3135 5622 3456 5698 κωλυόντων

1874 5715 2011 5768 γαμ.
2040 5690 2108 5768 Ἰιι
2145 5690 2212 5751 iis
2268 5713 2388 5764 qtne
2427 5690 2840 5766 sequuntur,“
2879 5690 3126 5768 epistolis
3157 5695 3221 5768 ad
3251 5690 3454 5746 Roma-

1876 5763 2048 5824 noset
2079 5763 2417 5832 Corinthios,
2463 5763 2572 5822 non
2623 5777 2728 5822 tam
2783 5763 2948 5822 verba
2977 5763 3242 5834 Apostoli,
3279 5777 3446 5834 quam

1873 5839 2194 5894 sententiam
2230 5837 2464 5892 exhibet.
