  <div class='ocr_page' id='page_1' title='image "/cluster/home/n/w/nwhite01/storage/ocr_20150623/8/hvd.32044073501306/603.png"; bbox 0 0 3938 6302; ppageno 0'>
   <div class='ocr_carea' id='block_1_1' title="bbox 462 297 597 366">
    <p class='ocr_par' dir='ltr' id='par_1_1' title="bbox 462 297 597 366">
     <span class='ocr_line' id='line_1_1' title="bbox 462 297 597 366; baseline -0.007 -11"><span class='ocrx_word' id='word_1_1' title='bbox 462 297 597 366; x_wconf 69' lang='grc'>1191</span> 
     </span>
    </p>
   </div>
   <div class='ocr_carea' id='block_1_2' title="bbox 1521 244 2496 350">
    <p class='ocr_par' dir='ltr' id='par_1_2' title="bbox 1521 244 2496 350">
     <span class='ocr_line' id='line_1_2' title="bbox 1521 244 2496 350; baseline -0.002 -2"><span class='ocrx_word' id='word_1_2' title='bbox 1521 244 1527 253; x_wconf 12' lang='grc' dir='ltr'><strong>ί</strong></span> <span class='ocrx_word' id='word_1_3' title='bbox 1597 291 1988 350; x_wconf 68' lang='lat' dir='ltr'><strong>CLEMENTtS</strong></span> <span class='ocrx_word' id='word_1_4' title='bbox 2023 289 2496 348; x_wconf 71' lang='lat' dir='ltr'><strong>ALEXANDRINI</strong></span> 
     </span>
    </p>
   </div>
   <div class='ocr_carea' id='block_1_3' title="bbox 3594 295 3728 352">
    <p class='ocr_par' dir='ltr' id='par_1_3' title="bbox 3594 295 3728 352">
     <span class='ocr_line' id='line_1_3' title="bbox 3594 295 3728 352; baseline 0.067 -8"><span class='ocrx_word' id='word_1_5' title='bbox 3594 295 3728 352; x_wconf 67' lang='grc'>1191</span> 
     </span>
    </p>
   </div>
   <div class='ocr_carea' id='block_1_4' title="bbox 374 406 2049 491">
    <p class='ocr_par' dir='ltr' id='par_1_4' title="bbox 374 406 2032 490">
     <span class='ocr_line' id='line_1_4' title="bbox 374 406 2032 490; baseline -0.003 -14"><span class='ocrx_word' id='word_1_6' title='bbox 374 406 375 409; x_wconf 19' lang='grc'><strong>¹</strong></span> <span class='ocrx_word' id='word_1_7' title='bbox 462 420 532 475; x_wconf 82' lang='lat' dir='ltr'><strong>ad</strong></span> <span class='ocrx_word' id='word_1_8' title='bbox 565 419 729 490; x_wconf 82' lang='lat' dir='ltr'><strong>plura</strong></span> <span class='ocrx_word' id='word_1_9' title='bbox 755 417 1051 488; x_wconf 77' lang='lat' dir='ltr'><strong>prolapsio.</strong></span> <span class='ocrx_word' id='word_1_10' title='bbox 1101 416 1303 476; x_wconf 77' lang='lat' dir='ltr'><strong>Tribus</strong></span> <span class='ocrx_word' id='word_1_11' title='bbox 1342 414 1495 473; x_wconf 62' lang='lat' dir='ltr'><strong>mlm</strong></span> <span class='ocrx_word' id='word_1_12' title='bbox 1545 417 1757 484; x_wconf 86' lang='lat' dir='ltr'><strong>modis,</strong></span> <span class='ocrx_word' id='word_1_13' title='bbox 1793 425 1857 470; x_wconf 88' lang='lat' dir='ltr'><strong>ut</strong></span> <span class='ocrx_word' id='word_1_14' title='bbox 1889 415 2032 472; x_wconf 76' lang='lat' dir='ltr'><strong>dixi-</strong></span> 
     </span>
    </p>
   </div>
   <div class='ocr_carea' id='block_1_5' title="bbox 2155 406 3731 491">
    <p class='ocr_par' dir='ltr' id='par_1_5' title="bbox 2155 414 3731 491">
     <span class='ocr_line' id='line_1_5' title="bbox 2155 414 3731 491; baseline 0.004 -24"><span class='ocrx_word' id='word_1_15' title='bbox 2155 433 2166 467; x_wconf 89' lang='grc' dir='ltr'><strong>ι</strong></span> <span class='ocrx_word' id='word_1_16' title='bbox 2200 414 2447 487; x_wconf 69' lang='grc' dir='ltr'>πονηρὰν</span> <span class='ocrx_word' id='word_1_17' title='bbox 2481 416 2577 470; x_wconf 80' lang='grc' dir='ltr'>καὶ</span> <span class='ocrx_word' id='word_1_18' title='bbox 2612 415 2899 488; x_wconf 83' lang='grc' dir='ltr'>μοιχαλίδα</span> <span class='ocrx_word' id='word_1_19' title='bbox 2925 455 2940 481; x_wconf 93' lang='grc'><strong>,</strong></span> <span class='ocrx_word' id='word_1_20' title='bbox 2978 434 2999 468; x_wconf 72' lang='grc' dir='ltr'><strong>ι</strong></span> <span class='ocrx_word' id='word_1_21' title='bbox 3035 415 3281 472; x_wconf 72' lang='grc' dir='ltr'><strong>διδάσκει</strong></span> <span class='ocrx_word' id='word_1_22' title='bbox 3313 416 3392 491; x_wconf 73' lang='grc' dir='ltr'>μὴ</span> <span class='ocrx_word' id='word_1_23' title='bbox 3422 418 3731 487; x_wconf 76' lang='grc' dir='ltr'>ἐγνωκότας</span> 
     </span>
    </p>
   </div>
   <div class='ocr_carea' id='block_1_6' title="bbox 460 506 2044 579">
    <p class='ocr_par' dir='ltr' id='par_1_6' title="bbox 460 506 2044 579">
     <span class='ocr_line' id='line_1_6' title="bbox 460 506 2044 579; baseline -0.002 -11"><span class='ocrx_word' id='word_1_24' title='bbox 460 526 617 579; x_wconf 85' lang='lat' dir='ltr'><strong>mus,</strong></span> <span class='ocrx_word' id='word_1_25' title='bbox 644 506 936 566; x_wconf 76' lang='lat' dir='ltr'><strong>fornicatio</strong></span> <span class='ocrx_word' id='word_1_26' title='bbox 977 519 1032 565; x_wconf 89' lang='lat' dir='ltr'><strong>et</strong></span> <span class='ocrx_word' id='word_1_27' title='bbox 1069 510 1401 567; x_wconf 75' lang='lat' dir='ltr'><strong>adulterium</strong></span> <span class='ocrx_word' id='word_1_28' title='bbox 1446 510 1684 567; x_wconf 75' lang='lat' dir='ltr'><strong>sumitur</strong></span> <span class='ocrx_word' id='word_1_29' title='bbox 1724 509 1869 579; x_wconf 90' lang='lat' dir='ltr'><strong>apud</strong></span> <span class='ocrx_word' id='word_1_30' title='bbox 1893 507 2044 579; x_wconf 79' lang='lat' dir='ltr'><strong>Apo-</strong></span> 
     </span>
    </p>
   </div>
   <div class='ocr_carea' id='block_1_7' title="bbox 465 600 2044 676">
    <p class='ocr_par' dir='ltr' id='par_1_7' title="bbox 465 600 2044 676">
     <span class='ocr_line' id='line_1_7' title="bbox 465 600 2044 676; baseline 0 -17"><span class='ocrx_word' id='word_1_31' title='bbox 465 605 690 673; x_wconf 79' lang='lat' dir='ltr'><strong>stolum.</strong></span> <span class='ocrx_word' id='word_1_32' title='bbox 742 603 820 659; x_wconf 89' lang='lat' dir='ltr'><strong>De</strong></span> <span class='ocrx_word' id='word_1_33' title='bbox 861 604 951 661; x_wconf 81' lang='lat' dir='ltr'><strong>his</strong></span> <span class='ocrx_word' id='word_1_34' title='bbox 988 603 1125 660; x_wconf 85' lang='lat' dir='ltr'><strong>dicit</strong></span> <span class='ocrx_word' id='word_1_35' title='bbox 1166 605 1474 676; x_wconf 80' lang='lat' dir='ltr'><strong>propheta:</strong></span> <span class='ocrx_word' id='word_1_36' title='bbox 1515 600 1804 659; x_wconf 70' lang='lat' dir='ltr'><strong>«Peccatis</strong></span> <span class='ocrx_word' id='word_1_37' title='bbox 1844 602 2044 659; x_wconf 87' lang='lat' dir='ltr'><strong>vestris</strong></span> 
     </span>
    </p>
   </div>
   <div class='ocr_carea' id='block_1_8' title="bbox 470 695 2044 757">
    <p class='ocr_par' dir='ltr' id='par_1_8' title="bbox 470 695 2044 757">
     <span class='ocr_line' id='line_1_8' title="bbox 470 695 2044 757; baseline -0.001 -5"><span class='ocrx_word' id='word_1_38' title='bbox 470 697 776 753; x_wconf 88' lang='lat' dir='ltr'><strong>venundati</strong></span> <span class='ocrx_word' id='word_1_39' title='bbox 799 699 955 753; x_wconf 89' lang='lat' dir='ltr'><strong>estis.</strong></span> <span class='ocrx_word' id='word_1_40' title='bbox 989 717 1010 751; x_wconf 73' lang='grc' dir='ltr'><strong>ι</strong></span> <span class='ocrx_word' id='word_1_41' title='bbox 1036 697 1104 754; x_wconf 84' lang='lat' dir='ltr'><strong>Et</strong></span> <span class='ocrx_word' id='word_1_42' title='bbox 1130 714 1327 757; x_wconf 82' lang='lat' dir='ltr'><strong>rursus</strong></span> <span class='ocrx_word' id='word_1_43' title='bbox 1355 716 1368 753; x_wconf 94' lang='lat'><strong>:</strong></span> <span class='ocrx_word' id='word_1_44' title='bbox 1404 716 1424 749; x_wconf 81' lang='grc' dir='ltr'><strong>ι</strong></span> <span class='ocrx_word' id='word_1_45' title='bbox 1455 696 1706 753; x_wconf 90' lang='lat' dir='ltr'><strong>Pollutus</strong></span> <span class='ocrx_word' id='word_1_46' title='bbox 1728 710 1790 752; x_wconf 89' lang='lat' dir='ltr'><strong>es</strong></span> <span class='ocrx_word' id='word_1_47' title='bbox 1814 695 1872 751; x_wconf 91' lang='lat' dir='ltr'><strong>in</strong></span> <span class='ocrx_word' id='word_1_48' title='bbox 1899 703 2044 752; x_wconf 84' lang='lat' dir='ltr'><strong>terra</strong></span> 
     </span>
    </p>
   </div>
   <div class='ocr_carea' id='block_1_9' title="bbox 460 788 2073 861">
    <p class='ocr_par' dir='ltr' id='par_1_9' title="bbox 460 788 2073 861">
     <span class='ocr_line' id='line_1_9' title="bbox 460 788 2073 861; baseline -0.002 -14"><span class='ocrx_word' id='word_1_49' title='bbox 460 793 732 848; x_wconf 55' lang='lat' dir='ltr'><strong>alienas:</strong></span> <span class='ocrx_word' id='word_1_50' title='bbox 779 810 801 845; x_wconf 74' lang='grc' dir='ltr'><strong>ι</strong></span> <span class='ocrx_word' id='word_1_51' title='bbox 843 791 1285 861; x_wconf 80' lang='lat' dir='ltr'><strong>coniunctionem</strong></span> <span class='ocrx_word' id='word_1_52' title='bbox 1324 790 1649 847; x_wconf 81' lang='lat' dir='ltr'><strong>sceleratam</strong></span> <span class='ocrx_word' id='word_1_53' title='bbox 1696 788 2073 855; x_wconf 43' lang='lat' dir='ltr'><strong>existimans;</strong></span> 
     </span>
    </p>
   </div>
   <div class='ocr_carea' id='block_1_10' title="bbox 462 882 2042 955">
    <p class='ocr_par' dir='ltr' id='par_1_10' title="bbox 462 882 2042 955">
     <span class='ocr_line' id='line_1_10' title="bbox 462 882 2042 955; baseline -0.003 -15"><span class='ocrx_word' id='word_1_54' title='bbox 462 900 587 955; x_wconf 68' lang='lat' dir='ltr'><strong>quae</strong></span> <span class='ocrx_word' id='word_1_55' title='bbox 630 900 753 940; x_wconf 81' lang='lat' dir='ltr'><strong>cum</strong></span> <span class='ocrx_word' id='word_1_56' title='bbox 793 885 976 940; x_wconf 90' lang='lat' dir='ltr'><strong>alieno</strong></span> <span class='ocrx_word' id='word_1_57' title='bbox 1014 898 1242 954; x_wconf 90' lang='lat' dir='ltr'><strong>corpore</strong></span> <span class='ocrx_word' id='word_1_58' title='bbox 1268 882 1406 938; x_wconf 76' lang='lat' dir='ltr'><strong>facta</strong></span> <span class='ocrx_word' id='word_1_59' title='bbox 1430 892 1548 949; x_wconf 91' lang='lat' dir='ltr'><strong>est,</strong></span> <span class='ocrx_word' id='word_1_60' title='bbox 1575 889 1630 937; x_wconf 90' lang='lat' dir='ltr'><strong>et</strong></span> <span class='ocrx_word' id='word_1_61' title='bbox 1652 897 1762 936; x_wconf 89' lang='lat' dir='ltr'><strong>non</strong></span> <span class='ocrx_word' id='word_1_62' title='bbox 1785 896 1910 937; x_wconf 89' lang='lat' dir='ltr'><strong>cum</strong></span> <span class='ocrx_word' id='word_1_63' title='bbox 1934 895 2002 935; x_wconf 91' lang='lat' dir='ltr'><strong>eo</strong></span> <span class='ocrx_word' id='word_1_64' title='bbox 2025 921 2042 947; x_wconf 92' lang='lat'><strong>,</strong></span> 
     </span>
    </p>
   </div>
   <div class='ocr_carea' id='block_1_11' title="bbox 462 974 2039 1048">
    <p class='ocr_par' dir='ltr' id='par_1_11' title="bbox 462 974 2039 1048">
     <span class='ocr_line' id='line_1_11' title="bbox 462 974 2039 1048; baseline -0.003 -17"><span class='ocrx_word' id='word_1_65' title='bbox 462 978 610 1048; x_wconf 85' lang='lat' dir='ltr'><strong>quod</strong></span> <span class='ocrx_word' id='word_1_66' title='bbox 627 977 857 1033; x_wconf 87' lang='lat' dir='ltr'><strong>daturin</strong></span> <span class='ocrx_word' id='word_1_67' title='bbox 881 977 1160 1048; x_wconf 72' lang='lat' dir='ltr'><strong>coniugio,</strong></span> <span class='ocrx_word' id='word_1_68' title='bbox 1184 976 1249 1030; x_wconf 87' lang='lat' dir='ltr'><strong>ad</strong></span> <span class='ocrx_word' id='word_1_69' title='bbox 1273 976 1567 1031; x_wconf 85' lang='lat' dir='ltr'><strong>liberorum</strong></span> <span class='ocrx_word' id='word_1_70' title='bbox 1587 974 2039 1044; x_wconf 80' lang='lat' dir='ltr'><strong>procreationem.</strong></span> 
     </span>
    </p>
   </div>
   <div class='ocr_carea' id='block_1_12' title="bbox 463 1066 2045 1141">
    <p class='ocr_par' dir='ltr' id='par_1_12' title="bbox 463 1066 2045 1141">
     <span class='ocr_line' id='line_1_12' title="bbox 463 1066 2045 1141; baseline -0.005 -14"><span class='ocrx_word' id='word_1_71' title='bbox 463 1067 621 1127; x_wconf 84' lang='lat' dir='ltr'><strong>Unde</strong></span> <span class='ocrx_word' id='word_1_72' title='bbox 644 1073 810 1126; x_wconf 87' lang='lat' dir='ltr'><strong>etiam</strong></span> <span class='ocrx_word' id='word_1_73' title='bbox 842 1070 1172 1141; x_wconf 82' lang='lat' dir='ltr'><strong>Apostolus:</strong></span> <span class='ocrx_word' id='word_1_74' title='bbox 1206 1088 1225 1120; x_wconf 75' lang='grc' dir='ltr'><strong>ι</strong></span> <span class='ocrx_word' id='word_1_75' title='bbox 1257 1069 1412 1133; x_wconf 79' lang='lat' dir='ltr'><strong>Volo,</strong></span> <span class='ocrx_word' id='word_1_76' title='bbox 1448 1068 1645 1138; x_wconf 90' lang='lat' dir='ltr'><strong>inquit,</strong></span> <span class='ocrx_word' id='word_1_77' title='bbox 1668 1066 1917 1137; x_wconf 86' lang='lat' dir='ltr'><strong>juniores</strong></span> <span class='ocrx_word' id='word_1_78' title='bbox 1941 1082 2045 1120; x_wconf 85' lang='lat' dir='ltr'><strong>nu-</strong></span> 
     </span>
    </p>
   </div>
   <div class='ocr_carea' id='block_1_13' title="bbox 464 1158 2043 1233">
    <p class='ocr_par' dir='ltr' id='par_1_13' title="bbox 464 1158 2043 1233">
     <span class='ocr_line' id='line_1_13' title="bbox 464 1158 2043 1233; baseline -0.006 -12"><span class='ocrx_word' id='word_1_79' title='bbox 464 1163 594 1221; x_wconf 80' lang='lat' dir='ltr'><strong>bere</strong></span> <span class='ocrx_word' id='word_1_80' title='bbox 611 1204 626 1228; x_wconf 91' lang='lat'><strong>,</strong></span> <span class='ocrx_word' id='word_1_81' title='bbox 654 1163 794 1219; x_wconf 81' lang='lat' dir='ltr'><strong>ﬁlios</strong></span> <span class='ocrx_word' id='word_1_82' title='bbox 818 1177 1108 1233; x_wconf 83' lang='lat' dir='ltr'><strong>procreare</strong></span> <span class='ocrx_word' id='word_1_83' title='bbox 1128 1201 1144 1225; x_wconf 92' lang='lat'><strong>,</strong></span> <span class='ocrx_word' id='word_1_84' title='bbox 1174 1159 1363 1216; x_wconf 88' lang='lat' dir='ltr'><strong>domui</strong></span> <span class='ocrx_word' id='word_1_85' title='bbox 1388 1174 1621 1230; x_wconf 65' lang='lat' dir='ltr'><strong>praeesse</strong></span> <span class='ocrx_word' id='word_1_86' title='bbox 1641 1200 1657 1226; x_wconf 96' lang='lat'><strong>,</strong></span> <span class='ocrx_word' id='word_1_87' title='bbox 1678 1158 1885 1213; x_wconf 90' lang='lat' dir='ltr'><strong>nullam</strong></span> <span class='ocrx_word' id='word_1_88' title='bbox 1910 1158 2043 1213; x_wconf 88' lang='lat' dir='ltr'><strong>dare</strong></span> 
     </span>
    </p>
   </div>
   <div class='ocr_carea' id='block_1_14' title="bbox 464 1250 2041 1323">
    <p class='ocr_par' dir='ltr' id='par_1_14' title="bbox 464 1250 2041 1323">
     <span class='ocr_line' id='line_1_14' title="bbox 464 1250 2041 1323; baseline -0.004 -12"><span class='ocrx_word' id='word_1_89' title='bbox 464 1256 817 1312; x_wconf 87' lang='lat' dir='ltr'><strong>occasionem</strong></span> <span class='ocrx_word' id='word_1_90' title='bbox 852 1255 1168 1309; x_wconf 83' lang='lat' dir='ltr'><strong>adversario</strong></span> <span class='ocrx_word' id='word_1_91' title='bbox 1201 1252 1471 1308; x_wconf 87' lang='lat' dir='ltr'><strong>maledicti</strong></span> <span class='ocrx_word' id='word_1_92' title='bbox 1492 1253 1688 1323; x_wconf 82' lang='lat' dir='ltr'><strong>gratia.</strong></span> <span class='ocrx_word' id='word_1_93' title='bbox 1731 1250 1850 1306; x_wconf 83' lang='lat' dir='ltr'><strong>Jam</strong></span> <span class='ocrx_word' id='word_1_94' title='bbox 1893 1251 2041 1306; x_wconf 89' lang='lat' dir='ltr'><strong>enim</strong></span> 
     </span>
    </p>
   </div>
   <div class='ocr_carea' id='block_1_15' title="bbox 360 1342 2042 1417">
    <p class='ocr_par' dir='ltr' id='par_1_15' title="bbox 360 1342 2042 1417">
     <span class='ocr_line' id='line_1_15' title="bbox 360 1342 2042 1417; baseline -0.004 -14"><span class='ocrx_word' id='word_1_95' title='bbox 360 1350 365 1355; x_wconf 86' lang='grc'><em>’</em></span> <span class='ocrx_word' id='word_1_96' title='bbox 466 1348 716 1417; x_wconf 65' lang='lat' dir='ltr'><strong>quaedam</strong></span> <span class='ocrx_word' id='word_1_97' title='bbox 760 1346 1103 1402; x_wconf 77' lang='lat' dir='ltr'><strong>dircrterunt</strong></span> <span class='ocrx_word' id='word_1_98' title='bbox 1153 1354 1277 1415; x_wconf 82' lang='lat' dir='ltr'><strong>post.</strong></span> <span class='ocrx_word' id='word_1_99' title='bbox 1325 1344 1584 1400; x_wconf 80' lang='lat' dir='ltr'><strong>Satanam</strong></span> <span class='ocrx_word' id='word_1_100' title='bbox 1620 1345 1672 1400; x_wconf 69' lang='grc' dir='ltr'><strong>δ.</strong></span> <span class='ocrx_word' id='word_1_101' title='bbox 1712 1364 1732 1396; x_wconf 73' lang='grc' dir='ltr'><strong>ι</strong></span> <span class='ocrx_word' id='word_1_102' title='bbox 1790 1342 1935 1410; x_wconf 84' lang='lat' dir='ltr'><strong>Quin</strong></span> <span class='ocrx_word' id='word_1_103' title='bbox 1986 1353 2042 1396; x_wconf 91' lang='lat' dir='ltr'><strong>ct</strong></span> 
     </span>
    </p>
   </div>
   <div class='ocr_carea' id='block_1_16' title="bbox 467 1436 2043 1510">
    <p class='ocr_par' dir='ltr' id='par_1_16' title="bbox 467 1436 2043 1510">
     <span class='ocr_line' id='line_1_16' title="bbox 467 1436 2043 1510; baseline -0.001 -14"><span class='ocrx_word' id='word_1_104' title='bbox 467 1442 635 1497; x_wconf 89' lang='lat' dir='ltr'><strong>unius</strong></span> <span class='ocrx_word' id='word_1_105' title='bbox 661 1454 882 1510; x_wconf 87' lang='lat' dir='ltr'><strong>quoque</strong></span> <span class='ocrx_word' id='word_1_106' title='bbox 909 1438 1101 1495; x_wconf 82' lang='lat' dir='ltr'><strong>uxoris</strong></span> <span class='ocrx_word' id='word_1_107' title='bbox 1128 1440 1301 1495; x_wconf 85' lang='lat' dir='ltr'><strong>virum</strong></span> <span class='ocrx_word' id='word_1_108' title='bbox 1331 1440 1519 1509; x_wconf 85' lang='lat' dir='ltr'><strong>utique</strong></span> <span class='ocrx_word' id='word_1_109' title='bbox 1548 1437 1815 1505; x_wconf 81' lang='lat' dir='ltr'><strong>admittit;</strong></span> <span class='ocrx_word' id='word_1_110' title='bbox 1843 1452 1939 1493; x_wconf 92' lang='lat' dir='ltr'><strong>seu</strong></span> <span class='ocrx_word' id='word_1_111' title='bbox 1971 1436 2043 1495; x_wconf 72' lang='lat' dir='ltr'><strong>sit</strong></span> 
     </span>
    </p>
   </div>
   <div class='ocr_carea' id='block_1_17' title="bbox 464 1532 2043 1606">
    <p class='ocr_par' dir='ltr' id='par_1_17' title="bbox 464 1532 2043 1606">
     <span class='ocr_line' id='line_1_17' title="bbox 464 1532 2043 1606; baseline -0.003 -18"><span class='ocrx_word' id='word_1_112' title='bbox 464 1536 771 1606; x_wconf 83' lang='lat' dir='ltr'><strong>presbyter,</strong></span> <span class='ocrx_word' id='word_1_113' title='bbox 800 1548 895 1588; x_wconf 90' lang='lat' dir='ltr'><strong>seu</strong></span> <span class='ocrx_word' id='word_1_114' title='bbox 922 1532 1191 1589; x_wconf 83' lang='lat' dir='ltr'><strong>diaconus</strong></span> <span class='ocrx_word' id='word_1_115' title='bbox 1211 1574 1226 1597; x_wconf 87' lang='lat'><strong>,</strong></span> <span class='ocrx_word' id='word_1_116' title='bbox 1259 1548 1355 1588; x_wconf 90' lang='lat' dir='ltr'><strong>seu</strong></span> <span class='ocrx_word' id='word_1_117' title='bbox 1396 1533 1608 1597; x_wconf 88' lang='lat' dir='ltr'><strong>laicus,</strong></span> <span class='ocrx_word' id='word_1_118' title='bbox 1649 1541 1811 1587; x_wconf 91' lang='lat' dir='ltr'><strong>utens</strong></span> <span class='ocrx_word' id='word_1_119' title='bbox 1853 1532 2043 1585; x_wconf 86' lang='lat' dir='ltr'><strong>matri-</strong></span> 
     </span>
    </p>
   </div>
   <div class='ocr_carea' id='block_1_18' title="bbox 464 1620 2040 1692">
    <p class='ocr_par' dir='ltr' id='par_1_18' title="bbox 464 1620 2040 1692">
     <span class='ocr_line' id='line_1_18' title="bbox 464 1620 2040 1692; baseline -0.003 -13"><span class='ocrx_word' id='word_1_120' title='bbox 464 1620 653 1679; x_wconf 84' lang='lat' dir='ltr'><strong>monio</strong></span> <span class='ocrx_word' id='word_1_121' title='bbox 679 1624 813 1678; x_wconf 88' lang='lat' dir='ltr'><strong>citra</strong></span> <span class='ocrx_word' id='word_1_122' title='bbox 844 1624 1325 1692; x_wconf 88' lang='lat' dir='ltr'><strong>reprehensionem</strong></span> <span class='ocrx_word' id='word_1_123' title='bbox 1391 1640 1404 1676; x_wconf 92' lang='lat'>:</span> <span class='ocrx_word' id='word_1_124' title='bbox 1442 1641 1461 1674; x_wconf 79' lang='grc' dir='ltr'><strong>ι</strong></span> <span class='ocrx_word' id='word_1_125' title='bbox 1493 1621 1816 1677; x_wconf 84' lang='lat' dir='ltr'><strong>Servabitur</strong></span> <span class='ocrx_word' id='word_1_126' title='bbox 1857 1629 2040 1675; x_wconf 88' lang='lat' dir='ltr'><strong>autem</strong></span> 
     </span>
    </p>
   </div>
   <div class='ocr_carea' id='block_1_19' title="bbox 2145 507 3730 583">
    <p class='ocr_par' dir='ltr' id='par_1_19' title="bbox 2145 507 3730 583">
     <span class='ocr_line' id='line_1_19' title="bbox 2145 507 3730 583; baseline 0.003 -23"><span class='ocrx_word' id='word_1_127' title='bbox 2145 508 2331 579; x_wconf 88' lang='grc' dir='ltr'>νόμον,</span> <span class='ocrx_word' id='word_1_128' title='bbox 2377 507 2455 573; x_wconf 82' lang='grc' dir='ltr'>ὡς</span> <span class='ocrx_word' id='word_1_129' title='bbox 2480 509 2510 561; x_wconf 90' lang='lat'><strong>6</strong></span> <span class='ocrx_word' id='word_1_130' title='bbox 2540 507 2703 580; x_wconf 86' lang='grc' dir='ltr'>νόμος</span> <span class='ocrx_word' id='word_1_131' title='bbox 2725 507 3000 579; x_wconf 81' lang='grc' dir='ltr'>βούλεται’</span> <span class='ocrx_word' id='word_1_132' title='bbox 3040 527 3063 562; x_wconf 74' lang='grc' dir='ltr'><strong>ι</strong></span> <span class='ocrx_word' id='word_1_133' title='bbox 3092 509 3391 583; x_wconf 77' lang='grc' dir='ltr'>παραδόσει</span> <span class='ocrx_word' id='word_1_134' title='bbox 3432 509 3492 564; x_wconf 80' lang='grc' dir='ltr'><strong>δέ</strong></span> <span class='ocrx_word' id='word_1_135' title='bbox 3520 513 3590 583; x_wconf 78' lang='grc' dir='ltr'><strong>τῇ</strong></span> <span class='ocrx_word' id='word_1_136' title='bbox 3628 510 3730 565; x_wconf 79' lang='grc' dir='ltr'><strong>τῶν</strong></span> 
     </span>
    </p>
   </div>
   <div class='ocr_carea' id='block_1_20' title="bbox 2147 599 3731 676">
    <p class='ocr_par' dir='ltr' id='par_1_20' title="bbox 2147 599 3731 676">
     <span class='ocr_line' id='line_1_20' title="bbox 2147 599 3731 676; baseline 0.003 -22"><span class='ocrx_word' id='word_1_137' title='bbox 2147 599 2554 671; x_wconf 81' lang='grc' dir='ltr'>πρεσϐυτέρων,</span> <span class='ocrx_word' id='word_1_138' title='bbox 2600 601 2695 653; x_wconf 73' lang='grc' dir='ltr'><strong>καὶ</strong></span> <span class='ocrx_word' id='word_1_139' title='bbox 2739 600 3065 674; x_wconf 81' lang='grc' dir='ltr'>ἐντάλμασιν</span> <span class='ocrx_word' id='word_1_140' title='bbox 3120 600 3426 675; x_wconf 83' lang='grc' dir='ltr'>ἀνθρώπων</span> <span class='ocrx_word' id='word_1_141' title='bbox 3453 620 3475 655; x_wconf 75' lang='grc' dir='ltr'><strong>ι</strong></span> <span class='ocrx_word' id='word_1_142' title='bbox 3508 619 3731 676; x_wconf 70' lang='grc' dir='ltr'>κατηκο-</span> 
     </span>
    </p>
   </div>
   <div class='ocr_carea' id='block_1_21' title="bbox 2145 691 3731 766">
    <p class='ocr_par' dir='ltr' id='par_1_21' title="bbox 2145 691 3731 766">
     <span class='ocr_line' id='line_1_21' title="bbox 2145 691 3731 766; baseline 0.003 -20"><span class='ocrx_word' id='word_1_143' title='bbox 2145 692 2496 764; x_wconf 85' lang='grc' dir='ltr'>λουθηκότας,</span> <span class='ocrx_word' id='word_1_144' title='bbox 2531 691 2804 763; x_wconf 80' lang='grc' dir='ltr'>μοιχεύειν</span> <span class='ocrx_word' id='word_1_145' title='bbox 2851 693 2945 748; x_wconf 83' lang='grc' dir='ltr'>τὸν</span> <span class='ocrx_word' id='word_1_146' title='bbox 2980 694 3169 766; x_wconf 80' lang='grc' dir='ltr'>νόμον,</span> <span class='ocrx_word' id='word_1_147' title='bbox 3197 696 3298 765; x_wconf 77' lang='grc' dir='ltr'>οὐχ</span> <span class='ocrx_word' id='word_1_148' title='bbox 3329 694 3407 759; x_wconf 83' lang='grc' dir='ltr'>ὡς</span> <span class='ocrx_word' id='word_1_149' title='bbox 3442 695 3618 766; x_wconf 80' lang='grc' dir='ltr'>ἄνδρα</span> <span class='ocrx_word' id='word_1_150' title='bbox 3644 698 3731 751; x_wconf 67' lang='grc' dir='ltr'>καὶ</span> 
     </span>
    </p>
   </div>
   <div class='ocr_carea' id='block_1_22' title="bbox 2146 783 3731 858">
    <p class='ocr_par' dir='ltr' id='par_1_22' title="bbox 2146 783 3731 858">
     <span class='ocr_line' id='line_1_22' title="bbox 2146 783 3731 858; baseline 0.002 -20"><span class='ocrx_word' id='word_1_151' title='bbox 2146 783 2333 855; x_wconf 84' lang='grc' dir='ltr'>κύριον</span> <span class='ocrx_word' id='word_1_152' title='bbox 2357 783 2460 854; x_wconf 83' lang='grc' dir='ltr'>τῆς</span> <span class='ocrx_word' id='word_1_153' title='bbox 2499 783 2798 855; x_wconf 80' lang='grc' dir='ltr'><strong>παρθενίας</strong></span> <span class='ocrx_word' id='word_1_154' title='bbox 2831 783 3012 838; x_wconf 80' lang='grc' dir='ltr'>αὐτῶν</span> <span class='ocrx_word' id='word_1_155' title='bbox 3041 784 3347 857; x_wconf 82' lang='grc' dir='ltr'>δεδομένον.</span> <span class='ocrx_word' id='word_1_156' title='bbox 3375 787 3531 858; x_wconf 82' lang='grc' dir='ltr'>Τάχα</span> <span class='ocrx_word' id='word_1_157' title='bbox 3559 788 3619 840; x_wconf 79' lang='grc' dir='ltr'>δὲ</span> <span class='ocrx_word' id='word_1_158' title='bbox 3644 788 3731 842; x_wconf 78' lang='grc' dir='ltr'>καὶ</span> 
     </span>
    </p>
   </div>
   <div class='ocr_carea' id='block_1_23' title="bbox 2145 873 3731 947">
    <p class='ocr_par' dir='ltr' id='par_1_23' title="bbox 2145 873 3731 947">
     <span class='ocr_line' id='line_1_23' title="bbox 2145 873 3731 947; baseline 0.002 -18"><span class='ocrx_word' id='word_1_159' title='bbox 2145 873 2464 947; x_wconf 72' lang='grc' dir='ltr'>ἐπιθυμίαις</span> <span class='ocrx_word' id='word_1_160' title='bbox 2504 874 2940 947; x_wconf 73' lang='grc' dir='ltr'><strong>δεδουλωμένους</strong></span> <span class='ocrx_word' id='word_1_161' title='bbox 2989 876 3298 943; x_wconf 75' lang='grc' dir='ltr'>ἀλλοκότοις</span> <span class='ocrx_word' id='word_1_162' title='bbox 3335 874 3481 933; x_wconf 81' lang='grc' dir='ltr'>οῐδεν</span> <span class='ocrx_word' id='word_1_163' title='bbox 3500 879 3731 946; x_wconf 69' lang='grc' dir='ltr'>αὐτοὺς,</span> 
     </span>
    </p>
   </div>
   <div class='ocr_carea' id='block_1_24' title="bbox 2142 967 3728 1045">
    <p class='ocr_par' dir='ltr' id='par_1_24' title="bbox 2142 967 3728 1045">
     <span class='ocr_line' id='line_1_24' title="bbox 2142 967 3728 1045; baseline 0.003 -24"><span class='ocrx_word' id='word_1_164' title='bbox 2142 967 2210 1021; x_wconf 73' lang='grc' dir='ltr'>δι’</span> <span class='ocrx_word' id='word_1_165' title='bbox 2264 967 2330 1033; x_wconf 81' lang='grc' dir='ltr'>ἃς</span> <span class='ocrx_word' id='word_1_166' title='bbox 2373 967 2471 1022; x_wconf 77' lang='grc' dir='ltr'>καὶ</span> <span class='ocrx_word' id='word_1_167' title='bbox 2520 967 2762 1039; x_wconf 84' lang='grc' dir='ltr'>συνεχῶς</span> <span class='ocrx_word' id='word_1_168' title='bbox 2817 967 3168 1040; x_wconf 79' lang='grc' dir='ltr'>δουλούμενοι</span> <span class='ocrx_word' id='word_1_169' title='bbox 3212 973 3335 1032; x_wconf 87' lang='grc' dir='ltr'>ταῖς</span> <span class='ocrx_word' id='word_1_170' title='bbox 3395 971 3728 1045; x_wconf 77' lang='grc' dir='ltr'><strong>ἁμαρτίαις,</strong></span> 
     </span>
    </p>
   </div>
   <div class='ocr_carea' id='block_1_25' title="bbox 2145 1059 3731 1135">
    <p class='ocr_par' dir='ltr' id='par_1_25' title="bbox 2145 1059 3731 1135">
     <span class='ocr_line' id='line_1_25' title="bbox 2145 1059 3731 1135; baseline 0.003 -21"><span class='ocrx_word' id='word_1_171' title='bbox 2145 1060 2546 1131; x_wconf 77' lang='grc' dir='ltr'><strong>ἐπιπράσκοντο</strong></span> <span class='ocrx_word' id='word_1_172' title='bbox 2588 1063 2704 1125; x_wconf 81' lang='grc' dir='ltr'>τοῖς</span> <span class='ocrx_word' id='word_1_173' title='bbox 2766 1059 3117 1130; x_wconf 78' lang='grc' dir='ltr'>ἀλλοφύλοις·</span> <span class='ocrx_word' id='word_1_174' title='bbox 3171 1063 3296 1118; x_wconf 81' lang='grc' dir='ltr'>ἐπεὶ</span> <span class='ocrx_word' id='word_1_175' title='bbox 3347 1066 3503 1135; x_wconf 74' lang='grc' dir='ltr'>παρὰ</span> <span class='ocrx_word' id='word_1_176' title='bbox 3531 1082 3599 1134; x_wconf 84' lang='grc' dir='ltr'><strong>γε</strong></span> <span class='ocrx_word' id='word_1_177' title='bbox 3624 1066 3731 1129; x_wconf 60' lang='lat' dir='ltr'><strong>rei;</strong></span> 
     </span>
    </p>
   </div>
   <div class='ocr_carea' id='block_1_26' title="bbox 2158 1149 3733 1229">
    <p class='ocr_par' dir='ltr' id='par_1_26' title="bbox 2158 1149 3733 1229">
     <span class='ocr_line' id='line_1_26' title="bbox 2158 1149 3733 1229; baseline 0.002 -21"><span class='ocrx_word' id='word_1_178' title='bbox 2158 1153 2433 1218; x_wconf 82' lang='grc' dir='ltr'>Ἰουδαίοις</span> <span class='ocrx_word' id='word_1_179' title='bbox 2479 1153 2581 1208; x_wconf 80' lang='grc' dir='ltr'>οὐκ</span> <span class='ocrx_word' id='word_1_180' title='bbox 2624 1149 2764 1226; x_wconf 75' lang='grc' dir='ltr'>ἦσαν</span> <span class='ocrx_word' id='word_1_181' title='bbox 2816 1154 3268 1227; x_wconf 77' lang='grc' dir='ltr'>ἀποδεδειγμέναι</span> <span class='ocrx_word' id='word_1_182' title='bbox 3315 1157 3428 1229; x_wconf 71' lang='grc'>(96)</span> <span class='ocrx_word' id='word_1_183' title='bbox 3479 1161 3733 1227; x_wconf 78' lang='grc' dir='ltr'>γυναῖκες</span> 
     </span>
    </p>
   </div>
   <div class='ocr_carea' id='block_1_27' title="bbox 2144 1244 3730 1323">
    <p class='ocr_par' dir='ltr' id='par_1_27' title="bbox 2144 1244 3730 1323">
     <span class='ocr_line' id='line_1_27' title="bbox 2144 1244 3730 1323; baseline 0.003 -24"><span class='ocrx_word' id='word_1_184' title='bbox 2144 1245 2340 1323; x_wconf 54' lang='lat' dir='ltr'><strong>acervat,</strong></span> <span class='ocrx_word' id='word_1_185' title='bbox 2373 1244 2508 1299; x_wconf 80' lang='grc' dir='ltr'>ἀλλὰ</span> <span class='ocrx_word' id='word_1_186' title='bbox 2528 1247 2622 1299; x_wconf 77' lang='grc' dir='ltr'>καὶ</span> <span class='ocrx_word' id='word_1_187' title='bbox 2647 1248 2680 1317; x_wconf 84' lang='grc' dir='ltr'><strong>ἠ</strong></span> <span class='ocrx_word' id='word_1_188' title='bbox 2706 1246 2925 1317; x_wconf 77' lang='grc' dir='ltr'>μοιχεία</span> <span class='ocrx_word' id='word_1_189' title='bbox 2955 1249 3323 1320; x_wconf 81' lang='grc' dir='ltr'>ἀπηγόρευτο.</span> <span class='ocrx_word' id='word_1_190' title='bbox 3362 1249 3419 1303; x_wconf 86' lang='lat'><strong>&#39;0</strong></span> <span class='ocrx_word' id='word_1_191' title='bbox 3446 1249 3507 1303; x_wconf 77' lang='grc' dir='ltr'>δὲ</span> <span class='ocrx_word' id='word_1_192' title='bbox 3536 1251 3730 1305; x_wconf 72' lang='grc' dir='ltr'>εἰπὼν·</span> 
     </span>
    </p>
   </div>
   <div class='ocr_carea' id='block_1_28' title="bbox 2149 1338 3731 1415">
    <p class='ocr_par' dir='ltr' id='par_1_28' title="bbox 2149 1338 3731 1415">
     <span class='ocr_line' id='line_1_28' title="bbox 2149 1338 3731 1415; baseline 0.004 -24"><span class='ocrx_word' id='word_1_193' title='bbox 2149 1358 2168 1391; x_wconf 79' lang='grc' dir='ltr'><strong>ι</strong></span> <span class='ocrx_word' id='word_1_194' title='bbox 2224 1340 2463 1415; x_wconf 82' lang='grc' dir='ltr'>Γυναῖκα</span> <span class='ocrx_word' id='word_1_195' title='bbox 2518 1338 2725 1410; x_wconf 80' lang='grc' dir='ltr'>ἔγημα,</span> <span class='ocrx_word' id='word_1_196' title='bbox 2769 1340 2865 1395; x_wconf 77' lang='grc' dir='ltr'>καὶ</span> <span class='ocrx_word' id='word_1_197' title='bbox 2912 1341 2973 1393; x_wconf 86' lang='grc' dir='ltr'><strong>ού</strong></span> <span class='ocrx_word' id='word_1_198' title='bbox 3035 1341 3271 1413; x_wconf 75' lang='grc' dir='ltr'>δύναμαι</span> <span class='ocrx_word' id='word_1_199' title='bbox 3325 1341 3505 1396; x_wconf 83' lang='grc' dir='ltr'>ἐλθεῖν</span> <span class='ocrx_word' id='word_1_200' title='bbox 3544 1346 3629 1409; x_wconf 88' lang='grc' dir='ltr'>εἰς</span> <span class='ocrx_word' id='word_1_201' title='bbox 3675 1343 3731 1397; x_wconf 68' lang='grc' dir='ltr'>τὸ</span> 
     </span>
    </p>
   </div>
   <div class='ocr_carea' id='block_1_29' title="bbox 2141 1428 3735 1505">
    <p class='ocr_par' dir='ltr' id='par_1_29' title="bbox 2141 1428 3735 1505">
     <span class='ocr_line' id='line_1_29' title="bbox 2141 1428 3735 1505; baseline 0.004 -19"><span class='ocrx_word' id='word_1_202' title='bbox 2141 1431 2357 1486; x_wconf 83' lang='grc' dir='ltr'>δεῖπνον</span> <span class='ocrx_word' id='word_1_203' title='bbox 2411 1430 2474 1484; x_wconf 80' lang='grc' dir='ltr'>τὸ</span> <span class='ocrx_word' id='word_1_204' title='bbox 2508 1430 2685 1496; x_wconf 82' lang='grc' dir='ltr'>θεῖον,</span> <span class='ocrx_word' id='word_1_205' title='bbox 2719 1428 3120 1505; x_wconf 78' lang='grc' dir='ltr'>ὑπόδειγμαῆν</span> <span class='ocrx_word' id='word_1_206' title='bbox 3147 1436 3228 1498; x_wconf 88' lang='grc' dir='ltr'><strong>εἰς</strong></span> <span class='ocrx_word' id='word_1_207' title='bbox 3265 1432 3491 1505; x_wconf 77' lang='grc' dir='ltr'>ἔλεγχον</span> <span class='ocrx_word' id='word_1_208' title='bbox 3514 1436 3627 1489; x_wconf 80' lang='grc' dir='ltr'>τῶν</span> <span class='ocrx_word' id='word_1_209' title='bbox 3652 1436 3735 1492; x_wconf 64' lang='grc' dir='ltr'><strong>διὰ</strong></span> 
     </span>
    </p>
   </div>
   <div class='ocr_carea' id='block_1_30' title="bbox 2143 1524 3735 1602">
    <p class='ocr_par' dir='ltr' id='par_1_30' title="bbox 2143 1524 3735 1602">
     <span class='ocr_line' id='line_1_30' title="bbox 2143 1524 3735 1602; baseline 0.003 -23"><span class='ocrx_word' id='word_1_210' title='bbox 2143 1525 2335 1597; x_wconf 77' lang='grc' dir='ltr'>ἡδονὰς</span> <span class='ocrx_word' id='word_1_211' title='bbox 2357 1524 2744 1597; x_wconf 81' lang='grc' dir='ltr'>ἀφισταμένων</span> <span class='ocrx_word' id='word_1_212' title='bbox 2763 1526 2863 1597; x_wconf 78' lang='grc' dir='ltr'>τῆς</span> <span class='ocrx_word' id='word_1_213' title='bbox 2888 1525 3038 1592; x_wconf 82' lang='grc' dir='ltr'>θείας</span> <span class='ocrx_word' id='word_1_214' title='bbox 3060 1528 3300 1601; x_wconf 78' lang='grc' dir='ltr'>ἐντολῆς·</span> <span class='ocrx_word' id='word_1_215' title='bbox 3316 1530 3441 1582; x_wconf 78' lang='grc' dir='ltr'>ἐπεὶ</span> <span class='ocrx_word' id='word_1_216' title='bbox 3464 1529 3644 1601; x_wconf 72' lang='grc' dir='ltr'>τούτῳ</span> <span class='ocrx_word' id='word_1_217' title='bbox 3661 1530 3735 1602; x_wconf 79' lang='grc' dir='ltr'><strong>τῷ</strong></span> 
     </span>
    </p>
   </div>
   <div class='ocr_carea' id='block_1_31' title="bbox 2143 1617 3734 1692">
    <p class='ocr_par' dir='ltr' id='par_1_31' title="bbox 2143 1617 3734 1692">
     <span class='ocr_line' id='line_1_31' title="bbox 2143 1617 3734 1692; baseline 0.003 -19"><span class='ocrx_word' id='word_1_218' title='bbox 2143 1618 2290 1690; x_wconf 83' lang='grc' dir='ltr'>λόγῳ</span> <span class='ocrx_word' id='word_1_219' title='bbox 2347 1617 2459 1672; x_wconf 75' lang='grc' dir='ltr'>οὔθ’</span> <span class='ocrx_word' id='word_1_220' title='bbox 2487 1619 2536 1672; x_wconf 80' lang='lat' dir='ltr'><strong>oi</strong></span> <span class='ocrx_word' id='word_1_221' title='bbox 2594 1617 2702 1688; x_wconf 82' lang='grc' dir='ltr'>πρὸ</span> <span class='ocrx_word' id='word_1_222' title='bbox 2758 1617 2861 1689; x_wconf 82' lang='grc' dir='ltr'>τῆς</span> <span class='ocrx_word' id='word_1_223' title='bbox 2918 1621 3222 1692; x_wconf 79' lang='grc' dir='ltr'>παρουσίας</span> <span class='ocrx_word' id='word_1_224' title='bbox 3276 1622 3480 1676; x_wconf 79' lang='grc' dir='ltr'>δίκαιοι</span> <span class='ocrx_word' id='word_1_225' title='bbox 3528 1620 3648 1676; x_wconf 78' lang='grc' dir='ltr'>οὔθ’</span> <span class='ocrx_word' id='word_1_226' title='bbox 3689 1623 3734 1677; x_wconf 69' lang='grc' dir='ltr'>οἱ</span> 
     </span>
    </p>
   </div>
   <div class='ocr_carea' id='block_1_32' title="bbox 463 1710 2049 1788">
    <p class='ocr_par' dir='ltr' id='par_1_32' title="bbox 463 1711 2043 1788">
     <span class='ocr_line' id='line_1_32' title="bbox 463 1711 2043 1788; baseline -0.003 -17"><span class='ocrx_word' id='word_1_227' title='bbox 463 1733 562 1788; x_wconf 89' lang='lat' dir='ltr'><strong>per</strong></span> <span class='ocrx_word' id='word_1_228' title='bbox 587 1718 825 1771; x_wconf 88' lang='lat' dir='ltr'><strong>liliorum</strong></span> <span class='ocrx_word' id='word_1_229' title='bbox 853 1716 1289 1786; x_wconf 78' lang='lat' dir='ltr'><strong>procreationem</strong></span> <span class='ocrx_word' id='word_1_230' title='bbox 1314 1725 1360 1766; x_wconf 77' lang='grc' dir='ltr'><strong>ε.</strong></span> <span class='ocrx_word' id='word_1_231' title='bbox 1395 1732 1414 1766; x_wconf 74' lang='grc' dir='ltr'><strong>ι</strong></span> <span class='ocrx_word' id='word_1_232' title='bbox 1440 1712 1506 1769; x_wconf 87' lang='lat' dir='ltr'><strong>Et</strong></span> <span class='ocrx_word' id='word_1_233' title='bbox 1549 1728 1743 1769; x_wconf 83' lang='lat' dir='ltr'><strong>rursus</strong></span> <span class='ocrx_word' id='word_1_234' title='bbox 1785 1711 2043 1768; x_wconf 84' lang='lat' dir='ltr'><strong>Scrvator</strong></span> 
     </span>
    </p>
   </div>
   <div class='ocr_carea' id='block_1_33' title="bbox 2155 1710 3737 1788">
    <p class='ocr_par' dir='ltr' id='par_1_33' title="bbox 2155 1710 3737 1785">
     <span class='ocr_line' id='line_1_33' title="bbox 2155 1710 3737 1785; baseline 0.004 -22"><span class='ocrx_word' id='word_1_235' title='bbox 2155 1710 2289 1782; x_wconf 84' lang='grc' dir='ltr'>μετὰ</span> <span class='ocrx_word' id='word_1_236' title='bbox 2331 1710 2435 1783; x_wconf 85' lang='grc' dir='ltr'>τὴν</span> <span class='ocrx_word' id='word_1_237' title='bbox 2483 1710 2787 1782; x_wconf 77' lang='grc' dir='ltr'>παρουσίαν</span> <span class='ocrx_word' id='word_1_238' title='bbox 2841 1712 3254 1785; x_wconf 81' lang='grc' dir='ltr'>γεγαμηκότες,</span> <span class='ocrx_word' id='word_1_239' title='bbox 3290 1716 3394 1767; x_wconf 69' lang='grc' dir='ltr'>κᾶν</span> <span class='ocrx_word' id='word_1_240' title='bbox 3451 1714 3737 1770; x_wconf 74' lang='grc' dir='ltr'>ἀπόστολοι</span> 
     </span>
    </p>
   </div>
   <div class='ocr_carea' id='block_1_34' title="bbox 463 1783 2049 1881">
    <p class='ocr_par' dir='ltr' id='par_1_34' title="bbox 463 1783 2046 1881">
     <span class='ocr_line' id='line_1_34' title="bbox 463 1783 2046 1881; baseline -0.003 -16"><span class='ocrx_word' id='word_1_241' title='bbox 463 1783 653 1866; x_wconf 73' lang='lat' dir='ltr'><strong>dicens</strong></span> <span class='ocrx_word' id='word_1_242' title='bbox 699 1783 921 1865; x_wconf 74' lang='lat' dir='ltr'><strong>Judaeos</strong></span> <span class='ocrx_word' id='word_1_243' title='bbox 969 1828 988 1861; x_wconf 73' lang='grc' dir='ltr'><strong>ι</strong></span> <span class='ocrx_word' id='word_1_244' title='bbox 1020 1810 1425 1881; x_wconf 80' lang='lat' dir='ltr'><strong>generationem</strong></span> <span class='ocrx_word' id='word_1_245' title='bbox 1470 1822 1692 1877; x_wconf 88' lang='lat' dir='ltr'><strong>pravam</strong></span> <span class='ocrx_word' id='word_1_246' title='bbox 1736 1816 1789 1862; x_wconf 93' lang='lat' dir='ltr'><strong>et</strong></span> <span class='ocrx_word' id='word_1_247' title='bbox 1835 1807 2046 1861; x_wconf 86' lang='lat' dir='ltr'><strong>adulte—</strong></span> 
     </span>
    </p>
   </div>
   <div class='ocr_carea' id='block_1_35' title="bbox 2155 1783 3735 1881">
    <p class='ocr_par' dir='ltr' id='par_1_35' title="bbox 2155 1797 3735 1879">
     <span class='ocr_line' id='line_1_35' title="bbox 2155 1797 3735 1879; baseline 0.004 -23"><span class='ocrx_word' id='word_1_248' title='bbox 2155 1797 2271 1868; x_wconf 69' lang='grc' dir='ltr'>ὦσι,</span> <span class='ocrx_word' id='word_1_249' title='bbox 2306 1802 2659 1873; x_wconf 81' lang='grc' dir='ltr'>σωθήσονται.</span> <span class='ocrx_word' id='word_1_250' title='bbox 2700 1804 2816 1858; x_wconf 84' lang='grc' dir='ltr'>Κᾶν</span> <span class='ocrx_word' id='word_1_251' title='bbox 2864 1807 3043 1860; x_wconf 83' lang='grc' dir='ltr'>ἐκεῖνο</span> <span class='ocrx_word' id='word_1_252' title='bbox 3101 1807 3515 1879; x_wconf 73' lang='grc' dir='ltr'>προκομίσωσιν</span> <span class='ocrx_word' id='word_1_253' title='bbox 3561 1805 3735 1876; x_wconf 74' lang='grc' dir='ltr'>αὖθις,</span> 
     </span>
    </p>
   </div>
   <div class='ocr_carea' id='block_1_36' title="bbox 463 1888 2049 1972">
    <p class='ocr_par' dir='ltr' id='par_1_36' title="bbox 463 1899 2043 1972">
     <span class='ocr_line' id='line_1_36' title="bbox 463 1899 2043 1972; baseline -0.002 -16"><span class='ocrx_word' id='word_1_254' title='bbox 463 1918 616 1963; x_wconf 83' lang='lat' dir='ltr'><strong>ram.</strong></span> <span class='ocrx_word' id='word_1_255' title='bbox 653 1921 672 1955; x_wconf 69' lang='grc' dir='ltr'><strong>ι</strong></span> <span class='ocrx_word' id='word_1_256' title='bbox 701 1904 864 1957; x_wconf 84' lang='lat' dir='ltr'><strong>docet</strong></span> <span class='ocrx_word' id='word_1_257' title='bbox 909 1917 1007 1956; x_wconf 90' lang='lat' dir='ltr'><strong>eos</strong></span> <span class='ocrx_word' id='word_1_258' title='bbox 1057 1901 1227 1972; x_wconf 84' lang='lat' dir='ltr'><strong>legem</strong></span> <span class='ocrx_word' id='word_1_259' title='bbox 1280 1916 1387 1955; x_wconf 92' lang='lat' dir='ltr'><strong>non</strong></span> <span class='ocrx_word' id='word_1_260' title='bbox 1434 1899 1800 1970; x_wconf 75' lang='lat' dir='ltr'><strong>cognovisse.</strong></span> <span class='ocrx_word' id='word_1_261' title='bbox 1846 1908 1909 1954; x_wconf 89' lang='lat' dir='ltr'><strong>ut</strong></span> <span class='ocrx_word' id='word_1_262' title='bbox 1957 1899 2043 1953; x_wconf 85' lang='lat' dir='ltr'><strong>lex</strong></span> 
     </span>
    </p>
   </div>
   <div class='ocr_carea' id='block_1_37' title="bbox 2155 1888 3737 1972">
    <p class='ocr_par' dir='ltr' id='par_1_37' title="bbox 2155 1888 3737 1972">
     <span class='ocr_line' id='line_1_37' title="bbox 2155 1888 3737 1972; baseline 0.005 -23"><span class='ocrx_word' id='word_1_263' title='bbox 2155 1895 2221 1960; x_wconf 78' lang='grc' dir='ltr'>ὡς</span> <span class='ocrx_word' id='word_1_264' title='bbox 2252 1894 2346 1949; x_wconf 72' lang='grc' dir='ltr'>καὶ</span> <span class='ocrx_word' id='word_1_265' title='bbox 2372 1898 2402 1949; x_wconf 97' lang='lat'><strong>6</strong></span> <span class='ocrx_word' id='word_1_266' title='bbox 2451 1897 2735 1968; x_wconf 78' lang='grc' dir='ltr'><strong>προφήτης</strong></span> <span class='ocrx_word' id='word_1_267' title='bbox 2775 1888 3027 1969; x_wconf 71' lang='grc' dir='ltr'>φησινἰι</span> <span class='ocrx_word' id='word_1_268' title='bbox 3072 1898 3450 1972; x_wconf 75' lang='grc' dir='ltr'>Ἐπαλαιώθην</span> <span class='ocrx_word' id='word_1_269' title='bbox 3494 1904 3556 1955; x_wconf 82' lang='grc' dir='ltr'>ὲν</span> <span class='ocrx_word' id='word_1_270' title='bbox 3608 1904 3737 1957; x_wconf 72' lang='grc' dir='ltr'>πᾶσι</span> 
     </span>
    </p>
   </div>
   <div class='ocr_carea' id='block_1_38' title="bbox 463 1989 2049 2065">
    <p class='ocr_par' dir='ltr' id='par_1_38' title="bbox 463 1993 2042 2061">
     <span class='ocr_line' id='line_1_38' title="bbox 463 1993 2042 2061; baseline -0.003 -10"><span class='ocrx_word' id='word_1_271' title='bbox 463 1998 579 2051; x_wconf 89' lang='lat' dir='ltr'><strong>vult</strong></span> <span class='ocrx_word' id='word_1_272' title='bbox 633 2015 646 2052; x_wconf 89' lang='lat'><strong>:</strong></span> <span class='ocrx_word' id='word_1_273' title='bbox 712 2015 729 2047; x_wconf 79' lang='grc' dir='ltr'><strong>ι</strong></span> <span class='ocrx_word' id='word_1_274' title='bbox 758 1997 850 2052; x_wconf 86' lang='lat' dir='ltr'><strong>sed</strong></span> <span class='ocrx_word' id='word_1_275' title='bbox 893 1996 1171 2053; x_wconf 76' lang='lat' dir='ltr'><strong>seniorum</strong></span> <span class='ocrx_word' id='word_1_276' title='bbox 1220 1995 1566 2050; x_wconf 82' lang='lat' dir='ltr'><strong>traditionem</strong></span> <span class='ocrx_word' id='word_1_277' title='bbox 1602 2035 1617 2061; x_wconf 95' lang='lat'><strong>,</strong></span> <span class='ocrx_word' id='word_1_278' title='bbox 1659 2002 1714 2049; x_wconf 86' lang='lat' dir='ltr'><strong>et</strong></span> <span class='ocrx_word' id='word_1_279' title='bbox 1756 1993 2042 2048; x_wconf 84' lang='lat' dir='ltr'><strong>hominum</strong></span> 
     </span>
    </p>
   </div>
   <div class='ocr_carea' id='block_1_39' title="bbox 2155 1989 3740 2065">
    <p class='ocr_par' dir='ltr' id='par_1_39' title="bbox 2155 1989 3740 2065">
     <span class='ocr_line' id='line_1_39' title="bbox 2155 1989 3740 2065; baseline 0.004 -22"><span class='ocrx_word' id='word_1_280' title='bbox 2155 1993 2271 2054; x_wconf 88' lang='grc' dir='ltr'>τοῖς</span> <span class='ocrx_word' id='word_1_281' title='bbox 2302 1989 2519 2061; x_wconf 78' lang='grc' dir='ltr'>ἐχθροῖς</span> <span class='ocrx_word' id='word_1_282' title='bbox 2559 2006 2660 2061; x_wconf 88' lang='grc' dir='ltr'><strong>μου</strong></span> <span class='ocrx_word' id='word_1_283' title='bbox 2682 2006 2729 2042; x_wconf 77' lang='grc' dir='ltr'><strong>ἰ</strong></span> <span class='ocrx_word' id='word_1_284' title='bbox 2768 1989 2994 2061; x_wconf 77' lang='grc' dir='ltr'>ἐχθροὺς</span> <span class='ocrx_word' id='word_1_285' title='bbox 3026 1992 3126 2056; x_wconf 77' lang='grc' dir='ltr'>τὰς</span> <span class='ocrx_word' id='word_1_286' title='bbox 3155 1993 3430 2065; x_wconf 81' lang='grc' dir='ltr'>ἁμαρτίας</span> <span class='ocrx_word' id='word_1_287' title='bbox 3465 1995 3740 2049; x_wconf 78' lang='grc' dir='ltr'>ἀκουέτω-</span> 
     </span>
    </p>
   </div>
   <div class='ocr_carea' id='block_1_40' title="bbox 463 2079 2049 2159">
    <p class='ocr_par' dir='ltr' id='par_1_40' title="bbox 463 2082 2049 2154">
     <span class='ocr_line' id='line_1_40' title="bbox 463 2082 2049 2154; baseline 0.001 -17"><span class='ocrx_word' id='word_1_288' title='bbox 463 2093 729 2154; x_wconf 68' lang='lat' dir='ltr'><strong>przecepta</strong></span> <span class='ocrx_word' id='word_1_289' title='bbox 760 2095 1050 2154; x_wconf 79' lang='lat' dir='ltr'><strong>sequentes</strong></span> <span class='ocrx_word' id='word_1_290' title='bbox 1073 2123 1088 2148; x_wconf 92' lang='lat'><strong>,</strong></span> <span class='ocrx_word' id='word_1_291' title='bbox 1117 2102 1136 2135; x_wconf 74' lang='grc' dir='ltr'><strong>ι</strong></span> <span class='ocrx_word' id='word_1_292' title='bbox 1163 2082 1474 2139; x_wconf 83' lang='lat' dir='ltr'><strong>adulterare</strong></span> <span class='ocrx_word' id='word_1_293' title='bbox 1520 2083 1714 2154; x_wconf 84' lang='lat' dir='ltr'><strong>legem,</strong></span> <span class='ocrx_word' id='word_1_294' title='bbox 1736 2084 1960 2154; x_wconf 84' lang='lat' dir='ltr'><strong>perinde</strong></span> <span class='ocrx_word' id='word_1_295' title='bbox 1984 2099 2049 2138; x_wconf 86' lang='lat' dir='ltr'><strong>ac</strong></span> 
     </span>
    </p>
   </div>
   <div class='ocr_carea' id='block_1_41' title="bbox 2155 2079 3737 2159">
    <p class='ocr_par' dir='ltr' id='par_1_41' title="bbox 2155 2079 3737 2159">
     <span class='ocr_line' id='line_1_41' title="bbox 2155 2079 3737 2159; baseline 0.013 -25"><span class='ocrx_word' id='word_1_296' title='bbox 2155 2094 2282 2134; x_wconf 87' lang='grc' dir='ltr'>σαν.</span> <span class='ocrx_word' id='word_1_297' title='bbox 2337 2081 2454 2135; x_wconf 86' lang='grc' dir='ltr'>Μία</span> <span class='ocrx_word' id='word_1_298' title='bbox 2498 2079 2558 2133; x_wconf 78' lang='grc' dir='ltr'>δέ</span> <span class='ocrx_word' id='word_1_299' title='bbox 2610 2098 2695 2145; x_wconf 89' lang='grc' dir='ltr'><strong>τις</strong></span> <span class='ocrx_word' id='word_1_300' title='bbox 2731 2081 3014 2153; x_wconf 82' lang='grc' dir='ltr'>ἁμαρτία,</span> <span class='ocrx_word' id='word_1_301' title='bbox 3058 2084 3159 2154; x_wconf 76' lang='grc' dir='ltr'><strong>οὐχ</strong></span> <span class='ocrx_word' id='word_1_302' title='bbox 3194 2086 3223 2138; x_wconf 86' lang='grc' dir='ltr'><strong>ὁ</strong></span> <span class='ocrx_word' id='word_1_303' title='bbox 3272 2085 3455 2157; x_wconf 72' lang='grc' dir='ltr'>γάμος</span> <span class='ocrx_word' id='word_1_304' title='bbox 3484 2126 3500 2150; x_wconf 72' lang='grc' dir='ltr'><strong>ν</strong></span> <span class='ocrx_word' id='word_1_305' title='bbox 3706 2090 3737 2159; x_wconf 67' lang='grc' dir='ltr'>ἢ</span> 
     </span>
    </p>
   </div>
   <div class='ocr_carea' id='block_1_42' title="bbox 464 2172 2049 2252">
    <p class='ocr_par' dir='ltr' id='par_1_42' title="bbox 464 2175 2046 2245">
     <span class='ocr_line' id='line_1_42' title="bbox 464 2175 2046 2245; baseline 0.001 -17"><span class='ocrx_word' id='word_1_306' title='bbox 464 2175 510 2228; x_wconf 88' lang='lat' dir='ltr'><strong>si</strong></span> <span class='ocrx_word' id='word_1_307' title='bbox 541 2191 648 2229; x_wconf 85' lang='lat' dir='ltr'><strong>non</strong></span> <span class='ocrx_word' id='word_1_308' title='bbox 677 2185 827 2231; x_wconf 88' lang='lat' dir='ltr'><strong>esset</strong></span> <span class='ocrx_word' id='word_1_309' title='bbox 855 2176 979 2230; x_wconf 88' lang='lat' dir='ltr'><strong>data</strong></span> <span class='ocrx_word' id='word_1_310' title='bbox 1005 2177 1091 2230; x_wconf 91' lang='lat' dir='ltr'><strong>vir</strong></span> <span class='ocrx_word' id='word_1_311' title='bbox 1114 2185 1168 2230; x_wconf 88' lang='lat' dir='ltr'><strong>et</strong></span> <span class='ocrx_word' id='word_1_312' title='bbox 1193 2176 1449 2230; x_wconf 87' lang='lat' dir='ltr'><strong>dominus</strong></span> <span class='ocrx_word' id='word_1_313' title='bbox 1475 2191 1668 2230; x_wconf 87' lang='lat' dir='ltr'><strong>eorum</strong></span> <span class='ocrx_word' id='word_1_314' title='bbox 1699 2175 2046 2245; x_wconf 65' lang='lat' dir='ltr'><strong>virginitatis.</strong></span> 
     </span>
    </p>
   </div>
   <div class='ocr_carea' id='block_1_43' title="bbox 2155 2172 3737 2252">
    <p class='ocr_par' dir='ltr' id='par_1_43' title="bbox 2155 2172 3737 2252">
     <span class='ocr_line' id='line_1_43' title="bbox 2155 2172 3737 2252; baseline 0.005 -25"><span class='ocrx_word' id='word_1_315' title='bbox 2155 2172 2378 2242; x_wconf 88' lang='grc' dir='ltr'>πορνεία</span> <span class='ocrx_word' id='word_1_316' title='bbox 2397 2189 2411 2203; x_wconf 81' lang='grc'><em>’</em></span> <span class='ocrx_word' id='word_1_317' title='bbox 2452 2172 2577 2226; x_wconf 71' lang='grc' dir='ltr'>ἐπεὶ</span> <span class='ocrx_word' id='word_1_318' title='bbox 2608 2174 2703 2226; x_wconf 76' lang='grc' dir='ltr'>καὶ</span> <span class='ocrx_word' id='word_1_319' title='bbox 2729 2173 2831 2246; x_wconf 84' lang='grc' dir='ltr'>τὴν</span> <span class='ocrx_word' id='word_1_320' title='bbox 2862 2175 3073 2242; x_wconf 81' lang='grc' dir='ltr'>γένεσιν</span> <span class='ocrx_word' id='word_1_321' title='bbox 3096 2177 3410 2233; x_wconf 78' lang='grc' dir='ltr'>εἰπάτωσαν</span> <span class='ocrx_word' id='word_1_322' title='bbox 3440 2180 3737 2252; x_wconf 74' lang='grc' dir='ltr'>ἁμαρτίαν,</span> 
     </span>
    </p>
   </div>
   <div class='ocr_carea' id='block_1_44' title="bbox 463 2259 2049 2337">
    <p class='ocr_par' dir='ltr' id='par_1_44' title="bbox 463 2259 2049 2335">
     <span class='ocr_line' id='line_1_44' title="bbox 463 2259 2049 2335; baseline 0.002 -21"><span class='ocrx_word' id='word_1_323' title='bbox 463 2259 719 2321; x_wconf 77' lang='lat' dir='ltr'><strong>Fortasse</strong></span> <span class='ocrx_word' id='word_1_324' title='bbox 743 2275 923 2319; x_wconf 88' lang='lat' dir='ltr'><strong>autem</strong></span> <span class='ocrx_word' id='word_1_325' title='bbox 948 2280 1047 2320; x_wconf 90' lang='lat' dir='ltr'><strong>eos</strong></span> <span class='ocrx_word' id='word_1_326' title='bbox 1068 2280 1292 2335; x_wconf 89' lang='lat' dir='ltr'><strong>quoque</strong></span> <span class='ocrx_word' id='word_1_327' title='bbox 1313 2265 1496 2319; x_wconf 89' lang='lat' dir='ltr'><strong>innuit</strong></span> <span class='ocrx_word' id='word_1_328' title='bbox 1524 2281 1646 2320; x_wconf 82' lang='lat' dir='ltr'><strong>esse</strong></span> <span class='ocrx_word' id='word_1_329' title='bbox 1672 2264 1865 2320; x_wconf 86' lang='lat' dir='ltr'><strong>alienis</strong></span> <span class='ocrx_word' id='word_1_330' title='bbox 1895 2280 2049 2318; x_wconf 85' lang='lat' dir='ltr'><strong>man-</strong></span> 
     </span>
    </p>
   </div>
   <div class='ocr_carea' id='block_1_45' title="bbox 2155 2259 3075 2337">
    <p class='ocr_par' dir='ltr' id='par_1_45' title="bbox 2155 2264 3075 2337">
     <span class='ocr_line' id='line_1_45' title="bbox 2155 2264 3075 2337; baseline 0.003 -19"><span class='ocrx_word' id='word_1_331' title='bbox 2155 2265 2243 2318; x_wconf 74' lang='grc' dir='ltr'>κα).</span> <span class='ocrx_word' id='word_1_332' title='bbox 2271 2264 2363 2318; x_wconf 83' lang='grc' dir='ltr'>τὸν</span> <span class='ocrx_word' id='word_1_333' title='bbox 2392 2264 2493 2335; x_wconf 83' lang='grc' dir='ltr'>τῆς</span> <span class='ocrx_word' id='word_1_334' title='bbox 2525 2264 2794 2334; x_wconf 84' lang='grc' dir='ltr'>γενέσεως</span> <span class='ocrx_word' id='word_1_335' title='bbox 2827 2266 3075 2337; x_wconf 80' lang='grc' dir='ltr'>κτίστην.</span> 
     </span>
    </p>
   </div>
   <div class='ocr_carea' id='block_1_46' title="bbox 464 2356 3740 2435">
    <p class='ocr_par' dir='ltr' id='par_1_46' title="bbox 464 2356 3740 2435">
     <span class='ocr_line' id='line_1_46' title="bbox 464 2356 3740 2435; baseline 0.003 -27"><span class='ocrx_word' id='word_1_336' title='bbox 464 2356 673 2425; x_wconf 84' lang='lat' dir='ltr'><strong>eipatos</strong></span> <span class='ocrx_word' id='word_1_337' title='bbox 701 2357 1129 2435; x_wconf 78' lang='lat' dir='ltr'><strong>cupiditatibus,</strong></span> <span class='ocrx_word' id='word_1_338' title='bbox 1161 2367 1387 2427; x_wconf 84' lang='lat' dir='ltr'><strong>propter</strong></span> <span class='ocrx_word' id='word_1_339' title='bbox 1413 2372 1553 2428; x_wconf 89' lang='lat' dir='ltr'><strong>quas</strong></span> <span class='ocrx_word' id='word_1_340' title='bbox 1574 2358 1797 2413; x_wconf 84' lang='lat' dir='ltr'><strong>assidue</strong></span> <span class='ocrx_word' id='word_1_341' title='bbox 1821 2370 2045 2427; x_wconf 90' lang='lat' dir='ltr'><strong>quoque</strong></span> <span class='ocrx_word' id='word_1_342' title='bbox 2086 2359 2390 2413; x_wconf 85' lang='lat' dir='ltr'><strong>servientes</strong></span> <span class='ocrx_word' id='word_1_343' title='bbox 2429 2358 2705 2428; x_wconf 85' lang='lat' dir='ltr'><strong>peccatis,</strong></span> <span class='ocrx_word' id='word_1_344' title='bbox 2768 2359 3144 2415; x_wconf 82' lang='lat' dir='ltr'><strong>vendebantur</strong></span> <span class='ocrx_word' id='word_1_345' title='bbox 3198 2362 3549 2427; x_wconf 70' lang='lat' dir='ltr'><strong>alienigenis.</strong></span> <span class='ocrx_word' id='word_1_346' title='bbox 3606 2362 3740 2419; x_wconf 73' lang='lat' dir='ltr'><strong>Nam</strong></span> 
     </span>
    </p>
   </div>
   <div class='ocr_carea' id='block_1_47' title="bbox 462 2444 3741 2520">
    <p class='ocr_par' dir='ltr' id='par_1_47' title="bbox 462 2444 3741 2520">
     <span class='ocr_line' id='line_1_47' title="bbox 462 2444 3741 2520; baseline 0.003 -21"><span class='ocrx_word' id='word_1_347' title='bbox 462 2445 608 2516; x_wconf 89' lang='lat' dir='ltr'><strong>apud</strong></span> <span class='ocrx_word' id='word_1_348' title='bbox 653 2444 873 2502; x_wconf 70' lang='lat' dir='ltr'><strong>Judaeos</strong></span> <span class='ocrx_word' id='word_1_349' title='bbox 902 2464 1010 2502; x_wconf 87' lang='lat' dir='ltr'><strong>non</strong></span> <span class='ocrx_word' id='word_1_350' title='bbox 1030 2458 1188 2503; x_wconf 90' lang='lat' dir='ltr'><strong>erant</strong></span> <span class='ocrx_word' id='word_1_351' title='bbox 1214 2447 1473 2503; x_wconf 64' lang='lat' dir='ltr'><strong>admissae</strong></span> <span class='ocrx_word' id='word_1_352' title='bbox 1502 2462 1824 2503; x_wconf 84' lang='lat' dir='ltr'><strong>communes</strong></span> <span class='ocrx_word' id='word_1_353' title='bbox 1876 2447 2137 2502; x_wconf 86' lang='lat' dir='ltr'><strong>mulieres</strong></span> <span class='ocrx_word' id='word_1_354' title='bbox 2193 2464 2209 2503; x_wconf 90' lang='lat'><strong>:</strong></span> <span class='ocrx_word' id='word_1_355' title='bbox 2256 2463 2447 2502; x_wconf 78' lang='lat' dir='ltr'><strong>verum</strong></span> <span class='ocrx_word' id='word_1_356' title='bbox 2500 2448 2835 2519; x_wconf 75' lang='lat' dir='ltr'><strong>prohibitura</strong></span> <span class='ocrx_word' id='word_1_357' title='bbox 2886 2462 3006 2503; x_wconf 85' lang='lat' dir='ltr'><strong>erat</strong></span> <span class='ocrx_word' id='word_1_358' title='bbox 3043 2444 3395 2511; x_wconf 79' lang='lat' dir='ltr'><strong>adulterium.</strong></span> <span class='ocrx_word' id='word_1_359' title='bbox 3417 2452 3524 2520; x_wconf 84' lang='lat' dir='ltr'><strong>Qui</strong></span> <span class='ocrx_word' id='word_1_360' title='bbox 3558 2465 3741 2509; x_wconf 82' lang='lat' dir='ltr'><strong>autem</strong></span> 
     </span>
    </p>
   </div>
   <div class='ocr_carea' id='block_1_48' title="bbox 460 2536 3743 2612">
    <p class='ocr_par' dir='ltr' id='par_1_48' title="bbox 460 2536 3743 2612">
     <span class='ocr_line' id='line_1_48' title="bbox 460 2536 3743 2612; baseline 0.002 -17"><span class='ocrx_word' id='word_1_361' title='bbox 460 2540 634 2595; x_wconf 75' lang='lat' dir='ltr'><strong>dicit:</strong></span> <span class='ocrx_word' id='word_1_362' title='bbox 665 2559 685 2593; x_wconf 78' lang='grc' dir='ltr'><strong>ι</strong></span> <span class='ocrx_word' id='word_1_363' title='bbox 715 2538 953 2596; x_wconf 79' lang='lat' dir='ltr'><strong>Uxorem</strong></span> <span class='ocrx_word' id='word_1_364' title='bbox 999 2541 1167 2607; x_wconf 80' lang='lat' dir='ltr'><strong>duxi,</strong></span> <span class='ocrx_word' id='word_1_365' title='bbox 1216 2555 1324 2595; x_wconf 92' lang='lat' dir='ltr'><strong>non</strong></span> <span class='ocrx_word' id='word_1_366' title='bbox 1372 2554 1596 2611; x_wconf 91' lang='lat' dir='ltr'><strong>possum</strong></span> <span class='ocrx_word' id='word_1_367' title='bbox 1638 2539 1827 2595; x_wconf 87' lang='lat' dir='ltr'><strong>venire</strong></span> <span class='ocrx_word' id='word_1_368' title='bbox 1854 2536 1882 2579; x_wconf 65' lang='grc' dir='ltr'><em>ἃ</em></span> <span class='ocrx_word' id='word_1_369' title='bbox 1914 2558 1935 2591; x_wconf 70' lang='grc' dir='ltr'><strong>ι</strong></span> <span class='ocrx_word' id='word_1_370' title='bbox 1966 2539 2035 2594; x_wconf 89' lang='lat' dir='ltr'><strong>ad</strong></span> <span class='ocrx_word' id='word_1_371' title='bbox 2059 2538 2300 2594; x_wconf 78' lang='lat' dir='ltr'><strong>divinam</strong></span> <span class='ocrx_word' id='word_1_372' title='bbox 2347 2554 2595 2606; x_wconf 61' lang='lat' dir='ltr'><strong>canam,</strong></span> <span class='ocrx_word' id='word_1_373' title='bbox 2647 2550 2732 2597; x_wconf 89' lang='lat' dir='ltr'><strong>est</strong></span> <span class='ocrx_word' id='word_1_374' title='bbox 2790 2541 3009 2611; x_wconf 86' lang='lat' dir='ltr'><strong>quidem</strong></span> <span class='ocrx_word' id='word_1_375' title='bbox 3042 2545 3359 2612; x_wconf 77' lang='lat' dir='ltr'><strong>exemplum</strong></span> <span class='ocrx_word' id='word_1_376' title='bbox 3418 2547 3490 2600; x_wconf 89' lang='lat' dir='ltr'><strong>ad</strong></span> <span class='ocrx_word' id='word_1_377' title='bbox 3522 2563 3628 2602; x_wconf 89' lang='lat' dir='ltr'><strong>cos</strong></span> <span class='ocrx_word' id='word_1_378' title='bbox 3654 2563 3743 2602; x_wconf 82' lang='lat' dir='ltr'><strong>ar-</strong></span> 
     </span>
    </p>
   </div>
   <div class='ocr_carea' id='block_1_49' title="bbox 465 2631 3736 2715">
    <p class='ocr_par' dir='ltr' id='par_1_49' title="bbox 465 2631 3736 2715">
     <span class='ocr_line' id='line_1_49' title="bbox 465 2631 3736 2715; baseline 0.003 -28"><span class='ocrx_word' id='word_1_379' title='bbox 465 2635 747 2704; x_wconf 87' lang='lat' dir='ltr'><strong>guendos,</strong></span> <span class='ocrx_word' id='word_1_380' title='bbox 773 2635 865 2704; x_wconf 91' lang='lat' dir='ltr'><strong>qui</strong></span> <span class='ocrx_word' id='word_1_381' title='bbox 895 2644 1118 2705; x_wconf 88' lang='lat' dir='ltr'><strong>propter</strong></span> <span class='ocrx_word' id='word_1_382' title='bbox 1141 2634 1448 2704; x_wconf 81' lang='lat' dir='ltr'><strong>voluptates</strong></span> <span class='ocrx_word' id='word_1_383' title='bbox 1474 2632 1777 2688; x_wconf 86' lang='lat' dir='ltr'><strong>abscedunt</strong></span> <span class='ocrx_word' id='word_1_384' title='bbox 1802 2647 1833 2687; x_wconf 91' lang='lat' dir='ltr'><strong>a</strong></span> <span class='ocrx_word' id='word_1_385' title='bbox 1858 2631 2047 2687; x_wconf 89' lang='lat' dir='ltr'><strong>divino</strong></span> <span class='ocrx_word' id='word_1_386' title='bbox 2100 2635 2403 2687; x_wconf 86' lang='lat' dir='ltr'><strong>mandato:</strong></span> <span class='ocrx_word' id='word_1_387' title='bbox 2435 2632 2642 2703; x_wconf 88' lang='lat' dir='ltr'><strong>alioqui</strong></span> <span class='ocrx_word' id='word_1_388' title='bbox 2699 2648 2801 2689; x_wconf 89' lang='lat' dir='ltr'><strong>nec</strong></span> <span class='ocrx_word' id='word_1_389' title='bbox 2851 2634 2945 2703; x_wconf 85' lang='lat' dir='ltr'><strong>qui</strong></span> <span class='ocrx_word' id='word_1_390' title='bbox 2989 2635 3125 2715; x_wconf 80' lang='lat' dir='ltr'><strong>justi</strong></span> <span class='ocrx_word' id='word_1_391' title='bbox 3170 2634 3322 2693; x_wconf 79' lang='lat' dir='ltr'><strong>fuere</strong></span> <span class='ocrx_word' id='word_1_392' title='bbox 3361 2649 3493 2694; x_wconf 87' lang='lat' dir='ltr'><strong>ante</strong></span> <span class='ocrx_word' id='word_1_393' title='bbox 3533 2642 3736 2696; x_wconf 84' lang='lat' dir='ltr'><strong>adven-</strong></span> 
     </span>
    </p>
   </div>
   <div class='ocr_carea' id='block_1_50' title="bbox 466 2716 3740 2817">
    <p class='ocr_par' dir='ltr' id='par_1_50' title="bbox 466 2716 3740 2817">
     <span class='ocr_line' id='line_1_50' title="bbox 466 2716 3740 2817; baseline 0.001 -33"><span class='ocrx_word' id='word_1_394' title='bbox 466 2738 582 2784; x_wconf 86' lang='lat' dir='ltr'><strong>tum</strong></span> <span class='ocrx_word' id='word_1_395' title='bbox 604 2769 618 2793; x_wconf 94' lang='lat'><strong>,</strong></span> <span class='ocrx_word' id='word_1_396' title='bbox 651 2742 750 2782; x_wconf 92' lang='lat' dir='ltr'><strong>nec</strong></span> <span class='ocrx_word' id='word_1_397' title='bbox 774 2728 869 2797; x_wconf 91' lang='lat' dir='ltr'><strong>qui</strong></span> <span class='ocrx_word' id='word_1_398' title='bbox 889 2737 1018 2817; x_wconf 82' lang='lat' dir='ltr'><strong>post</strong></span> <span class='ocrx_word' id='word_1_399' title='bbox 1041 2716 1334 2783; x_wconf 83' lang='lat' dir='ltr'><strong>adventum</strong></span> <span class='ocrx_word' id='word_1_400' title='bbox 1367 2740 1567 2781; x_wconf 76' lang='lat' dir='ltr'><strong>uxores</strong></span> <span class='ocrx_word' id='word_1_401' title='bbox 1596 2726 1901 2791; x_wconf 81' lang='lat' dir='ltr'><strong>duxerunt,</strong></span> <span class='ocrx_word' id='word_1_402' title='bbox 1931 2725 2314 2809; x_wconf 72' lang='lat' dir='ltr'><strong>servabuntur,</strong></span> <span class='ocrx_word' id='word_1_403' title='bbox 2366 2725 2584 2781; x_wconf 87' lang='lat' dir='ltr'><strong>etiamsi</strong></span> <span class='ocrx_word' id='word_1_404' title='bbox 2635 2726 2748 2781; x_wconf 88' lang='lat' dir='ltr'><strong>sint</strong></span> <span class='ocrx_word' id='word_1_405' title='bbox 2802 2728 3056 2796; x_wconf 86' lang='lat' dir='ltr'><strong>apostoli.</strong></span> <span class='ocrx_word' id='word_1_406' title='bbox 3086 2728 3244 2795; x_wconf 80' lang='lat' dir='ltr'><strong>Quod</strong></span> <span class='ocrx_word' id='word_1_407' title='bbox 3276 2731 3324 2787; x_wconf 88' lang='lat' dir='ltr'><strong>si</strong></span> <span class='ocrx_word' id='word_1_408' title='bbox 3394 2732 3528 2787; x_wconf 84' lang='lat' dir='ltr'><strong>illud</strong></span> <span class='ocrx_word' id='word_1_409' title='bbox 3564 2721 3740 2789; x_wconf 68' lang='grc' dir='ltr'>’σιω-</span> 
     </span>
    </p>
   </div>
   <div class='ocr_carea' id='block_1_51' title="bbox 465 2815 3741 2896">
    <p class='ocr_par' dir='ltr' id='par_1_51' title="bbox 465 2815 3741 2896">
     <span class='ocr_line' id='line_1_51' title="bbox 465 2815 3741 2896; baseline 0.001 -18"><span class='ocrx_word' id='word_1_410' title='bbox 465 2821 664 2887; x_wconf 89' lang='lat' dir='ltr'><strong>lerint,</strong></span> <span class='ocrx_word' id='word_1_411' title='bbox 712 2821 858 2891; x_wconf 85' lang='lat' dir='ltr'><strong>quod</strong></span> <span class='ocrx_word' id='word_1_412' title='bbox 901 2815 1183 2891; x_wconf 86' lang='lat' dir='ltr'><strong>propheta</strong></span> <span class='ocrx_word' id='word_1_413' title='bbox 1230 2833 1451 2890; x_wconf 87' lang='lat' dir='ltr'><strong>quoque</strong></span> <span class='ocrx_word' id='word_1_414' title='bbox 1494 2817 1627 2873; x_wconf 87' lang='lat' dir='ltr'><strong>dicit</strong></span> <span class='ocrx_word' id='word_1_415' title='bbox 1674 2835 1689 2872; x_wconf 88' lang='lat'><strong>:</strong></span> <span class='ocrx_word' id='word_1_416' title='bbox 1748 2815 2097 2872; x_wconf 73' lang='lat' dir='ltr'><strong>cluveteravi</strong></span> <span class='ocrx_word' id='word_1_417' title='bbox 2157 2817 2301 2873; x_wconf 90' lang='lat' dir='ltr'><strong>inter</strong></span> <span class='ocrx_word' id='word_1_418' title='bbox 2333 2832 2525 2872; x_wconf 87' lang='lat' dir='ltr'><strong>omnes</strong></span> <span class='ocrx_word' id='word_1_419' title='bbox 2571 2817 2826 2873; x_wconf 85' lang='lat' dir='ltr'><strong>inimicos</strong></span> <span class='ocrx_word' id='word_1_420' title='bbox 2858 2832 3008 2875; x_wconf 84' lang='lat' dir='ltr'><strong>meos</strong></span> <span class='ocrx_word' id='word_1_421' title='bbox 3043 2830 3090 2886; x_wconf 76' lang='grc' dir='ltr'><strong>ο,</strong></span> <span class='ocrx_word' id='word_1_422' title='bbox 3124 2839 3143 2873; x_wconf 74' lang='grc' dir='ltr'><strong>ι</strong></span> <span class='ocrx_word' id='word_1_423' title='bbox 3169 2837 3264 2892; x_wconf 88' lang='lat' dir='ltr'><strong>per</strong></span> <span class='ocrx_word' id='word_1_424' title='bbox 3304 2823 3565 2881; x_wconf 74' lang='lat' dir='ltr'><strong>inimicos</strong></span> <span class='ocrx_word' id='word_1_425' title='bbox 3610 2843 3741 2896; x_wconf 78' lang='lat' dir='ltr'><strong>pee-</strong></span> 
     </span>
    </p>
   </div>
   <div class='ocr_carea' id='block_1_52' title="bbox 475 2897 3744 2993">
    <p class='ocr_par' dir='ltr' id='par_1_52' title="bbox 475 2897 3744 2993">
     <span class='ocr_line' id='line_1_52' title="bbox 475 2897 3744 2993; baseline 0.001 -20"><span class='ocrx_word' id='word_1_426' title='bbox 475 2925 596 2974; x_wconf 85' lang='lat' dir='ltr'><strong>eata</strong></span> <span class='ocrx_word' id='word_1_427' title='bbox 653 2913 981 2986; x_wconf 77' lang='lat' dir='ltr'><strong>intelligant.</strong></span> <span class='ocrx_word' id='word_1_428' title='bbox 1044 2911 1225 2967; x_wconf 89' lang='lat' dir='ltr'><strong>Unum</strong></span> <span class='ocrx_word' id='word_1_429' title='bbox 1262 2911 1561 2982; x_wconf 81' lang='lat' dir='ltr'><strong>quoddam</strong></span> <span class='ocrx_word' id='word_1_430' title='bbox 1615 2920 1800 2965; x_wconf 90' lang='lat' dir='ltr'><strong>autem</strong></span> <span class='ocrx_word' id='word_1_431' title='bbox 1871 2919 1956 2965; x_wconf 89' lang='lat' dir='ltr'><strong>est</strong></span> <span class='ocrx_word' id='word_1_432' title='bbox 1994 2919 2314 2981; x_wconf 83' lang='lat' dir='ltr'><strong>peccatum,</strong></span> <span class='ocrx_word' id='word_1_433' title='bbox 2356 2924 2465 2965; x_wconf 86' lang='lat' dir='ltr'><strong>non</strong></span> <span class='ocrx_word' id='word_1_434' title='bbox 2502 2897 2916 2968; x_wconf 80' lang='lat' dir='ltr'><strong>matrimonium</strong></span> <span class='ocrx_word' id='word_1_435' title='bbox 2942 2954 2959 2980; x_wconf 90' lang='lat'><strong>,</strong></span> <span class='ocrx_word' id='word_1_436' title='bbox 3010 2914 3106 2970; x_wconf 85' lang='lat' dir='ltr'><strong>sed</strong></span> <span class='ocrx_word' id='word_1_437' title='bbox 3149 2914 3487 2975; x_wconf 78' lang='lat' dir='ltr'><strong>l’ornicatio:</strong></span> <span class='ocrx_word' id='word_1_438' title='bbox 3532 2922 3744 2993; x_wconf 73' lang='lat' dir='ltr'><strong>alioqui</strong></span> 
     </span>
    </p>
   </div>
   <div class='ocr_carea' id='block_1_53' title="bbox 466 3002 2556 3082">
    <p class='ocr_par' dir='ltr' id='par_1_53' title="bbox 466 3002 2556 3082">
     <span class='ocr_line' id='line_1_53' title="bbox 466 3002 2556 3082; baseline -0.005 -16"><span class='ocrx_word' id='word_1_439' title='bbox 466 3009 877 3082; x_wconf 70' lang='lat' dir='ltr'><strong>generationem</strong></span> <span class='ocrx_word' id='word_1_440' title='bbox 920 3019 1143 3076; x_wconf 85' lang='lat' dir='ltr'><strong>quoque</strong></span> <span class='ocrx_word' id='word_1_441' title='bbox 1174 3005 1361 3059; x_wconf 89' lang='lat' dir='ltr'><strong>dicant</strong></span> <span class='ocrx_word' id='word_1_442' title='bbox 1387 3011 1706 3073; x_wconf 85' lang='lat' dir='ltr'><strong>peccatum,</strong></span> <span class='ocrx_word' id='word_1_443' title='bbox 1734 3010 1790 3058; x_wconf 89' lang='lat' dir='ltr'><strong>et</strong></span> <span class='ocrx_word' id='word_1_444' title='bbox 1826 3011 2131 3059; x_wconf 87' lang='lat' dir='ltr'><strong>creatorem</strong></span> <span class='ocrx_word' id='word_1_445' title='bbox 2166 3002 2556 3074; x_wconf 76' lang='lat' dir='ltr'><strong>generationis.</strong></span> 
     </span>
    </p>
   </div>
   <div class='ocr_carea' id='block_1_54' title="bbox 1886 3142 2307 3201">
    <p class='ocr_par' dir='ltr' id='par_1_54' title="bbox 1886 3142 2307 3201">
     <span class='ocr_line' id='line_1_54' title="bbox 1886 3142 2307 3201; baseline 0.007 -3"><span class='ocrx_word' id='word_1_446' title='bbox 1886 3142 2072 3200; x_wconf 83' lang='lat' dir='ltr'><strong>APUT</strong></span> <span class='ocrx_word' id='word_1_447' title='bbox 2108 3142 2251 3201; x_wconf 78' lang='lat' dir='ltr'><strong>XIII.</strong></span> <span class='ocrx_word' id='word_1_448' title='bbox 2303 3146 2307 3150; x_wconf 83' lang='grc'><strong>’</strong></span> 
     </span>
    </p>
   </div>
   <div class='ocr_carea' id='block_1_55' title="bbox 625 3142 3583 3313">
    <p class='ocr_par' dir='ltr' id='par_1_55' title="bbox 625 3142 3583 3313">
     <span class='ocr_line' id='line_1_55' title="bbox 1886 3142 2307 3201; baseline 0.005 -3"><span class='ocrx_word' id='word_1_449' title='bbox 1886 3144 1929 3198; x_wconf 82' lang='lat' dir='ltr'><strong>A</strong></span> <span class='ocrx_word' id='word_1_450' title='bbox 2108 3142 2251 3201; x_wconf 78' lang='lat' dir='ltr'><strong>XIII.</strong></span> <span class='ocrx_word' id='word_1_451' title='bbox 2303 3146 2307 3150; x_wconf 86' lang='grc'><strong>’</strong></span> 
     </span>
     <span class='ocr_line' id='line_1_56' title="bbox 625 3142 3583 3313; baseline 0.003 -19"><span class='ocrx_word' id='word_1_452' title='bbox 625 3240 762 3295; x_wconf 87' lang='lat' dir='ltr'><strong>Julii</strong></span> <span class='ocrx_word' id='word_1_453' title='bbox 792 3199 1039 3294; x_wconf 56' lang='lat' dir='ltr'><strong>Cassiani</strong></span> <span class='ocrx_word' id='word_1_454' title='bbox 1066 3235 1301 3290; x_wconf 76' lang='lat' dir='ltr'><strong>Iurretici</strong></span> <span class='ocrx_word' id='word_1_455' title='bbox 1325 3234 1491 3289; x_wconf 76' lang='lat' dir='ltr'><strong>verbis</strong></span> <span class='ocrx_word' id='word_1_456' title='bbox 1532 3235 1805 3306; x_wconf 79' lang='lat' dir='ltr'><strong>respondet</strong></span> <span class='ocrx_word' id='word_1_457' title='bbox 1823 3142 2151 3301; x_wconf 45' lang='lat' dir='ltr'><strong>fitfity’lroco</strong></span> <span class='ocrx_word' id='word_1_458' title='bbox 2184 3253 2334 3308; x_wconf 82' lang='lat' dir='ltr'><strong>quem</strong></span> <span class='ocrx_word' id='word_1_459' title='bbox 2360 3252 2425 3292; x_wconf 80' lang='lat' dir='ltr'><strong>ea:</strong></span> <span class='ocrx_word' id='word_1_460' title='bbox 2450 3237 2716 3311; x_wconf 81' lang='lat' dir='ltr'><strong>evangelio</strong></span> <span class='ocrx_word' id='word_1_461' title='bbox 2744 3242 3041 3313; x_wconf 80' lang='lat' dir='ltr'><strong>apocrypho</strong></span> <span class='ocrx_word' id='word_1_462' title='bbox 3078 3243 3215 3299; x_wconf 85' lang='lat' dir='ltr'><strong>idem</strong></span> <span class='ocrx_word' id='word_1_463' title='bbox 3254 3247 3583 3303; x_wconf 66' lang='lat' dir='ltr'><strong>adduxerat.</strong></span> 
     </span>
    </p>
   </div>
   <div class='ocr_carea' id='block_1_56' title="bbox 508 3331 2049 3442">
    <p class='ocr_par' dir='ltr' id='par_1_56' title="bbox 508 3331 2049 3428">
     <span class='ocr_line' id='line_1_57' title="bbox 508 3331 2049 3428; baseline -0.003 -10"><span class='ocrx_word' id='word_1_464' title='bbox 508 3331 763 3419; x_wconf 79' lang='lat' dir='ltr'><strong>.Talihus</strong></span> <span class='ocrx_word' id='word_1_465' title='bbox 815 3355 1153 3428; x_wconf 78' lang='lat' dir='ltr'><strong>argumentis</strong></span> <span class='ocrx_word' id='word_1_466' title='bbox 1206 3355 1379 3409; x_wconf 89' lang='lat' dir='ltr'><strong>utitur</strong></span> <span class='ocrx_word' id='word_1_467' title='bbox 1405 3369 1629 3425; x_wconf 88' lang='lat' dir='ltr'><strong>quoque</strong></span> <span class='ocrx_word' id='word_1_468' title='bbox 1659 3353 1847 3413; x_wconf 81' lang='lat' dir='ltr'><strong>Julius</strong></span> <span class='ocrx_word' id='word_1_469' title='bbox 1913 3355 2049 3413; x_wconf 87' lang='lat' dir='ltr'><strong>Cas-</strong></span> 
     </span>
    </p>
   </div>
   <div class='ocr_carea' id='block_1_57' title="bbox 2155 3331 3739 3442">
    <p class='ocr_par' dir='ltr' id='par_1_57' title="bbox 2227 3356 3739 3442">
     <span class='ocr_line' id='line_1_58' title="bbox 2227 3356 3739 3442; baseline 0.011 -32"><span class='ocrx_word' id='word_1_470' title='bbox 2227 3356 2504 3424; x_wconf 85' lang='grc' dir='ltr'>Τοιούτοις</span> <span class='ocrx_word' id='word_1_471' title='bbox 2535 3360 2807 3433; x_wconf 82' lang='grc' dir='ltr'>ἐπιχειρεῖ</span> <span class='ocrx_word' id='word_1_472' title='bbox 2847 3362 2942 3417; x_wconf 74' lang='grc' dir='ltr'>καὶ</span> <span class='ocrx_word' id='word_1_473' title='bbox 2979 3365 3009 3417; x_wconf 86' lang='lat'><strong>6</strong></span> <span class='ocrx_word' id='word_1_474' title='bbox 3053 3364 3154 3436; x_wconf 83' lang='grc' dir='ltr'>τῆς</span> <span class='ocrx_word' id='word_1_475' title='bbox 3181 3363 3457 3437; x_wconf 74' lang='grc' dir='ltr'>δοκήσεως</span> <span class='ocrx_word' id='word_1_476' title='bbox 3495 3366 3739 3442; x_wconf 68' lang='grc' dir='ltr'>ἐξάρχων</span> 
     </span>
    </p>
   </div>
   <div class='ocr_carea' id='block_1_58' title="bbox 467 3447 2050 3522">
    <p class='ocr_par' dir='ltr' id='par_1_58' title="bbox 467 3447 2050 3522">
     <span class='ocr_line' id='line_1_59' title="bbox 467 3447 2050 3522; baseline -0.002 -14"><span class='ocrx_word' id='word_1_477' title='bbox 467 3454 697 3519; x_wconf 89' lang='lat' dir='ltr'><strong>sianus,</strong></span> <span class='ocrx_word' id='word_1_478' title='bbox 748 3450 844 3522; x_wconf 88' lang='lat' dir='ltr'><strong>qui</strong></span> <span class='ocrx_word' id='word_1_479' title='bbox 893 3449 997 3504; x_wconf 80' lang='lat' dir='ltr'><strong>fuit</strong></span> <span class='ocrx_word' id='word_1_480' title='bbox 1053 3448 1305 3520; x_wconf 74' lang='lat' dir='ltr'><strong>princeps</strong></span> <span class='ocrx_word' id='word_1_481' title='bbox 1362 3457 1527 3504; x_wconf 74' lang='lat' dir='ltr'><strong>secta:</strong></span> <span class='ocrx_word' id='word_1_482' title='bbox 1580 3447 1928 3505; x_wconf 85' lang='lat' dir='ltr'><strong>Docetarum.</strong></span> <span class='ocrx_word' id='word_1_483' title='bbox 1989 3449 2050 3505; x_wconf 88' lang='lat' dir='ltr'><strong>In</strong></span> 
     </span>
    </p>
   </div>
   <div class='ocr_carea' id='block_1_59' title="bbox 463 3541 2043 3617">
    <p class='ocr_par' dir='ltr' id='par_1_59' title="bbox 463 3541 2043 3617">
     <span class='ocr_line' id='line_1_60' title="bbox 463 3541 2043 3617; baseline -0.001 -17"><span class='ocrx_word' id='word_1_484' title='bbox 463 3561 636 3617; x_wconf 85' lang='lat' dir='ltr'><strong>opere</strong></span> <span class='ocrx_word' id='word_1_485' title='bbox 695 3552 843 3599; x_wconf 89' lang='lat' dir='ltr'><strong>certe</strong></span> <span class='ocrx_word' id='word_1_486' title='bbox 909 3542 983 3597; x_wconf 86' lang='lat' dir='ltr'><strong>De</strong></span> <span class='ocrx_word' id='word_1_487' title='bbox 1041 3542 1408 3609; x_wconf 81' lang='lat' dir='ltr'><strong>continentia,</strong></span> <span class='ocrx_word' id='word_1_488' title='bbox 1466 3541 1552 3597; x_wconf 82' lang='lat' dir='ltr'><strong>vel</strong></span> <span class='ocrx_word' id='word_1_489' title='bbox 1614 3541 1692 3597; x_wconf 86' lang='lat' dir='ltr'><strong>De</strong></span> <span class='ocrx_word' id='word_1_490' title='bbox 1755 3544 2043 3609; x_wconf 75' lang='lat' dir='ltr'><strong>castitate,</strong></span> 
     </span>
    </p>
   </div>
   <div class='ocr_carea' id='block_1_60' title="bbox 469 3632 2048 3706">
    <p class='ocr_par' dir='ltr' id='par_1_60' title="bbox 469 3632 2048 3706">
     <span class='ocr_line' id='line_1_61' title="bbox 469 3632 2048 3706; baseline -0.001 -15"><span class='ocrx_word' id='word_1_491' title='bbox 469 3638 559 3693; x_wconf 89' lang='lat' dir='ltr'><strong>his</strong></span> <span class='ocrx_word' id='word_1_492' title='bbox 616 3637 798 3695; x_wconf 82' lang='lat' dir='ltr'><strong>verbis</strong></span> <span class='ocrx_word' id='word_1_493' title='bbox 831 3636 966 3691; x_wconf 88' lang='lat' dir='ltr'><strong>dicit</strong></span> <span class='ocrx_word' id='word_1_494' title='bbox 999 3654 1012 3690; x_wconf 93' lang='lat'>:</span> <span class='ocrx_word' id='word_1_495' title='bbox 1057 3653 1076 3687; x_wconf 79' lang='grc' dir='ltr'><strong>ι</strong></span> <span class='ocrx_word' id='word_1_496' title='bbox 1106 3632 1216 3690; x_wconf 85' lang='lat' dir='ltr'><strong>Nec</strong></span> <span class='ocrx_word' id='word_1_497' title='bbox 1266 3634 1411 3689; x_wconf 89' lang='lat' dir='ltr'><strong>dicat</strong></span> <span class='ocrx_word' id='word_1_498' title='bbox 1452 3635 1687 3706; x_wconf 88' lang='lat' dir='ltr'><strong>aliquis,</strong></span> <span class='ocrx_word' id='word_1_499' title='bbox 1726 3638 1872 3706; x_wconf 87' lang='lat' dir='ltr'><strong>quod</strong></span> <span class='ocrx_word' id='word_1_500' title='bbox 1908 3650 2048 3705; x_wconf 86' lang='lat' dir='ltr'><strong>quo-</strong></span> 
     </span>
    </p>
   </div>
   <div class='ocr_carea' id='block_1_61' title="bbox 446 3710 2048 3798">
    <p class='ocr_par' dir='ltr' id='par_1_61' title="bbox 446 3710 2048 3798">
     <span class='ocr_line' id='line_1_62' title="bbox 446 3710 2048 3798; baseline -0.002 -13"><span class='ocrx_word' id='word_1_501' title='bbox 446 3710 622 3785; x_wconf 28' lang='lat' dir='ltr'><strong>‘niam</strong></span> <span class='ocrx_word' id='word_1_502' title='bbox 683 3730 812 3784; x_wconf 90' lang='lat' dir='ltr'><strong>talia</strong></span> <span class='ocrx_word' id='word_1_503' title='bbox 874 3727 1141 3784; x_wconf 86' lang='lat' dir='ltr'><strong>habemus</strong></span> <span class='ocrx_word' id='word_1_504' title='bbox 1202 3730 1498 3794; x_wconf 83' lang='lat' dir='ltr'><strong>membra,</strong></span> <span class='ocrx_word' id='word_1_505' title='bbox 1566 3737 1627 3783; x_wconf 90' lang='lat' dir='ltr'><strong>ut</strong></span> <span class='ocrx_word' id='word_1_506' title='bbox 1686 3729 1846 3783; x_wconf 89' lang='lat' dir='ltr'><strong>aliter</strong></span> <span class='ocrx_word' id='word_1_507' title='bbox 1910 3728 2048 3798; x_wconf 84' lang='lat' dir='ltr'><strong>ligu-</strong></span> 
     </span>
    </p>
   </div>
   <div class='ocr_carea' id='block_1_62' title="bbox 472 3821 2051 3892">
    <p class='ocr_par' dir='ltr' id='par_1_62' title="bbox 472 3821 2051 3892">
     <span class='ocr_line' id='line_1_63' title="bbox 472 3821 2051 3892; baseline -0.003 -13"><span class='ocrx_word' id='word_1_508' title='bbox 472 3833 594 3879; x_wconf 89' lang='lat' dir='ltr'><strong>rata</strong></span> <span class='ocrx_word' id='word_1_509' title='bbox 651 3823 724 3879; x_wconf 86' lang='lat' dir='ltr'><strong>sit</strong></span> <span class='ocrx_word' id='word_1_510' title='bbox 761 3821 1000 3888; x_wconf 75' lang='lat' dir='ltr'><strong>femina,</strong></span> <span class='ocrx_word' id='word_1_511' title='bbox 1049 3823 1206 3877; x_wconf 88' lang='lat' dir='ltr'><strong>aliter</strong></span> <span class='ocrx_word' id='word_1_512' title='bbox 1259 3838 1389 3877; x_wconf 88' lang='lat' dir='ltr'><strong>vero</strong></span> <span class='ocrx_word' id='word_1_513' title='bbox 1426 3821 1873 3878; x_wconf 65' lang='lat' dir='ltr'><strong>masculusz&#39;illa</strong></span> <span class='ocrx_word' id='word_1_514' title='bbox 1922 3821 2051 3892; x_wconf 80' lang='lat' dir='ltr'><strong>qui-</strong></span> 
     </span>
    </p>
   </div>
   <div class='ocr_carea' id='block_1_63' title="bbox 470 3913 2049 3982">
    <p class='ocr_par' dir='ltr' id='par_1_63' title="bbox 470 3913 2049 3982">
     <span class='ocr_line' id='line_1_64' title="bbox 470 3913 2049 3982; baseline -0.001 -14"><span class='ocrx_word' id='word_1_515' title='bbox 470 3917 594 3968; x_wconf 87' lang='lat' dir='ltr'><strong>dem</strong></span> <span class='ocrx_word' id='word_1_516' title='bbox 646 3915 712 3968; x_wconf 86' lang='lat' dir='ltr'><strong>ad</strong></span> <span class='ocrx_word' id='word_1_517' title='bbox 752 3914 1184 3982; x_wconf 83' lang='lat' dir='ltr'><strong>suscipiendum,</strong></span> <span class='ocrx_word' id='word_1_518' title='bbox 1227 3914 1314 3969; x_wconf 90' lang='lat' dir='ltr'><strong>hic</strong></span> <span class='ocrx_word' id='word_1_519' title='bbox 1358 3929 1485 3969; x_wconf 89' lang='lat' dir='ltr'><strong>vero</strong></span> <span class='ocrx_word' id='word_1_520' title='bbox 1521 3914 1589 3969; x_wconf 84' lang='lat' dir='ltr'><strong>ad</strong></span> <span class='ocrx_word' id='word_1_521' title='bbox 1628 3913 2006 3970; x_wconf 84' lang='lat' dir='ltr'><strong>seminandum</strong></span> <span class='ocrx_word' id='word_1_522' title='bbox 2034 3954 2049 3979; x_wconf 93' lang='lat'><strong>,</strong></span> 
     </span>
    </p>
   </div>
   <div class='ocr_carea' id='block_1_64' title="bbox 466 4001 2052 4077">
    <p class='ocr_par' dir='ltr' id='par_1_64' title="bbox 466 4001 2052 4077">
     <span class='ocr_line' id='line_1_65' title="bbox 466 4001 2052 4077; baseline 0.001 -21"><span class='ocrx_word' id='word_1_523' title='bbox 466 4006 635 4077; x_wconf 54' lang='grc' dir='ltr'><strong>που</strong></span> <span class='ocrx_word' id='word_1_524' title='bbox 678 4010 737 4068; x_wconf 72' lang='grc' dir='ltr'><strong>›Ῑ‹</strong></span> <span class='ocrx_word' id='word_1_525' title='bbox 770 4018 1090 4058; x_wconf 87' lang='lat' dir='ltr'><strong>concessam</strong></span> <span class='ocrx_word' id='word_1_526' title='bbox 1118 4018 1240 4060; x_wconf 85' lang='lat' dir='ltr'><strong>esse</strong></span> <span class='ocrx_word' id='word_1_527' title='bbox 1270 4019 1301 4058; x_wconf 91' lang='lat' dir='ltr'><strong>a</strong></span> <span class='ocrx_word' id='word_1_528' title='bbox 1330 4003 1453 4071; x_wconf 42' lang='lat' dir='ltr'><strong>Deo,</strong></span> <span class='ocrx_word' id='word_1_529' title='bbox 1471 4004 1954 4060; x_wconf 86' lang='lat' dir='ltr'><strong>consuetudinem.</strong></span> <span class='ocrx_word' id='word_1_530' title='bbox 1992 4001 2052 4057; x_wconf 88' lang='lat' dir='ltr'><strong>Si</strong></span> 
     </span>
    </p>
   </div>
   <div class='ocr_carea' id='block_1_65' title="bbox 471 4093 2051 4164">
    <p class='ocr_par' dir='ltr' id='par_1_65' title="bbox 471 4093 2051 4164">
     <span class='ocr_line' id='line_1_66' title="bbox 471 4093 2051 4164; baseline -0.002 -14"><span class='ocrx_word' id='word_1_531' title='bbox 471 4098 619 4151; x_wconf 84' lang='lat' dir='ltr'><strong>enim</strong></span> <span class='ocrx_word' id='word_1_532' title='bbox 652 4113 684 4150; x_wconf 89' lang='lat' dir='ltr'><strong>a</strong></span> <span class='ocrx_word' id='word_1_533' title='bbox 715 4094 851 4157; x_wconf 81' lang='lat' dir='ltr'><strong>Deo,</strong></span> <span class='ocrx_word' id='word_1_534' title='bbox 880 4094 948 4149; x_wconf 85' lang='lat' dir='ltr'><strong>ad</strong></span> <span class='ocrx_word' id='word_1_535' title='bbox 975 4109 1139 4164; x_wconf 83' lang='lat' dir='ltr'><strong>quem</strong></span> <span class='ocrx_word' id='word_1_536' title='bbox 1175 4094 1476 4162; x_wconf 88' lang='lat' dir='ltr'><strong>tendimus,</strong></span> <span class='ocrx_word' id='word_1_537' title='bbox 1510 4102 1656 4151; x_wconf 88' lang='lat' dir='ltr'><strong>esset</strong></span> <span class='ocrx_word' id='word_1_538' title='bbox 1689 4096 1805 4150; x_wconf 73' lang='lat' dir='ltr'><strong>haec</strong></span> <span class='ocrx_word' id='word_1_539' title='bbox 1836 4093 2051 4149; x_wconf 83' lang='lat' dir='ltr'><strong>consti-</strong></span> 
     </span>
    </p>
   </div>
   <div class='ocr_carea' id='block_1_66' title="bbox 471 4186 2051 4257">
    <p class='ocr_par' dir='ltr' id='par_1_66' title="bbox 471 4186 2051 4257">
     <span class='ocr_line' id='line_1_67' title="bbox 471 4186 2051 4257; baseline -0.002 -13"><span class='ocrx_word' id='word_1_540' title='bbox 471 4190 633 4255; x_wconf 82' lang='lat' dir='ltr'><strong>tutio,</strong></span> <span class='ocrx_word' id='word_1_541' title='bbox 665 4202 775 4243; x_wconf 92' lang='lat' dir='ltr'><strong>non</strong></span> <span class='ocrx_word' id='word_1_542' title='bbox 821 4186 1013 4242; x_wconf 85' lang='lat' dir='ltr'><strong>beatos</strong></span> <span class='ocrx_word' id='word_1_543' title='bbox 1053 4187 1290 4243; x_wconf 78' lang='lat' dir='ltr'><strong>dixisset</strong></span> <span class='ocrx_word' id='word_1_544' title='bbox 1332 4203 1456 4243; x_wconf 87' lang='lat' dir='ltr'><strong>esse</strong></span> <span class='ocrx_word' id='word_1_545' title='bbox 1500 4187 1824 4253; x_wconf 86' lang='lat' dir='ltr'><strong>eunuchos;</strong></span> <span class='ocrx_word' id='word_1_546' title='bbox 1874 4200 2051 4257; x_wconf 89' lang='lat' dir='ltr'><strong>neque</strong></span> 
     </span>
    </p>
   </div>
   <div class='ocr_carea' id='block_1_67' title="bbox 468 4276 2047 4351">
    <p class='ocr_par' dir='ltr' id='par_1_67' title="bbox 468 4276 2047 4351">
     <span class='ocr_line' id='line_1_68' title="bbox 468 4276 2047 4351; baseline -0.001 -17"><span class='ocrx_word' id='word_1_547' title='bbox 468 4280 741 4351; x_wconf 86' lang='lat' dir='ltr'><strong>propheta</strong></span> <span class='ocrx_word' id='word_1_548' title='bbox 778 4277 1029 4345; x_wconf 78' lang='lat' dir='ltr'><strong>dixisset,</strong></span> <span class='ocrx_word' id='word_1_549' title='bbox 1054 4293 1150 4333; x_wconf 90' lang='lat' dir='ltr'><strong>eos</strong></span> <span class='ocrx_word' id='word_1_550' title='bbox 1179 4297 1199 4330; x_wconf 79' lang='grc' dir='ltr'><strong>ι</strong></span> <span class='ocrx_word' id='word_1_551' title='bbox 1239 4293 1350 4332; x_wconf 91' lang='lat' dir='ltr'><strong>non</strong></span> <span class='ocrx_word' id='word_1_552' title='bbox 1379 4292 1504 4333; x_wconf 85' lang='lat' dir='ltr'><strong>esse</strong></span> <span class='ocrx_word' id='word_1_553' title='bbox 1530 4277 1784 4333; x_wconf 84' lang='lat' dir='ltr'><strong>arborem</strong></span> <span class='ocrx_word' id='word_1_554' title='bbox 1816 4276 2047 4349; x_wconf 77' lang='lat' dir='ltr'><strong>intrugi-</strong></span> 
     </span>
    </p>
   </div>
   <div class='ocr_carea' id='block_1_68' title="bbox 469 4369 2050 4442">
    <p class='ocr_par' dir='ltr' id='par_1_68' title="bbox 469 4369 2050 4442">
     <span class='ocr_line' id='line_1_69' title="bbox 469 4369 2050 4442; baseline -0.001 -13"><span class='ocrx_word' id='word_1_555' title='bbox 469 4371 645 4429; x_wconf 75' lang='lat' dir='ltr'><strong>feram</strong></span> <span class='ocrx_word' id='word_1_556' title='bbox 676 4370 695 4410; x_wconf 71' lang='grc' dir='ltr'><em>τ</em></span> <span class='ocrx_word' id='word_1_557' title='bbox 720 4388 766 4437; x_wconf 79' lang='grc'><strong>;›</strong></span> <span class='ocrx_word' id='word_1_558' title='bbox 797 4369 1135 4427; x_wconf 82' lang='lat' dir='ltr'><strong>transferens</strong></span> <span class='ocrx_word' id='word_1_559' title='bbox 1180 4371 1250 4426; x_wconf 90' lang='lat' dir='ltr'><strong>ab</strong></span> <span class='ocrx_word' id='word_1_560' title='bbox 1282 4370 1479 4425; x_wconf 85' lang='lat' dir='ltr'><strong>arbore</strong></span> <span class='ocrx_word' id='word_1_561' title='bbox 1515 4371 1584 4425; x_wconf 91' lang='lat' dir='ltr'><strong>ad</strong></span> <span class='ocrx_word' id='word_1_562' title='bbox 1625 4370 1925 4437; x_wconf 82' lang='lat' dir='ltr'><strong>hominem,</strong></span> <span class='ocrx_word' id='word_1_563' title='bbox 1955 4371 2050 4442; x_wconf 89' lang='lat' dir='ltr'><strong>qui</strong></span> 
     </span>
    </p>
   </div>
   <div class='ocr_carea' id='block_1_69' title="bbox 472 4464 2048 4536">
    <p class='ocr_par' dir='ltr' id='par_1_69' title="bbox 472 4464 2048 4536">
     <span class='ocr_line' id='line_1_70' title="bbox 472 4464 2048 4536; baseline -0.002 -14"><span class='ocrx_word' id='word_1_564' title='bbox 472 4481 573 4522; x_wconf 82' lang='lat' dir='ltr'><strong>sua</strong></span> <span class='ocrx_word' id='word_1_565' title='bbox 605 4474 800 4536; x_wconf 81' lang='lat' dir='ltr'><strong>sponte</strong></span> <span class='ocrx_word' id='word_1_566' title='bbox 842 4475 897 4521; x_wconf 91' lang='lat' dir='ltr'><strong>et</strong></span> <span class='ocrx_word' id='word_1_567' title='bbox 941 4480 1009 4520; x_wconf 79' lang='lat' dir='ltr'><strong>ex</strong></span> <span class='ocrx_word' id='word_1_568' title='bbox 1040 4465 1294 4527; x_wconf 84' lang='lat' dir='ltr'><strong>instituto</strong></span> <span class='ocrx_word' id='word_1_569' title='bbox 1334 4472 1394 4519; x_wconf 90' lang='lat' dir='ltr'><strong>se</strong></span> <span class='ocrx_word' id='word_1_570' title='bbox 1435 4472 1643 4521; x_wconf 88' lang='lat' dir='ltr'><strong>castrat</strong></span> <span class='ocrx_word' id='word_1_571' title='bbox 1684 4464 1782 4519; x_wconf 91' lang='lat' dir='ltr'><strong>tali</strong></span> <span class='ocrx_word' id='word_1_572' title='bbox 1840 4466 2048 4536; x_wconf 80' lang='lat' dir='ltr'><strong>cogita-</strong></span> 
     </span>
    </p>
   </div>
   <div class='ocr_carea' id='block_1_70' title="bbox 476 4554 2049 4629">
    <p class='ocr_par' dir='ltr' id='par_1_70' title="bbox 476 4554 2049 4629">
     <span class='ocr_line' id='line_1_71' title="bbox 476 4554 2049 4629; baseline 0 -16"><span class='ocrx_word' id='word_1_573' title='bbox 476 4560 641 4613; x_wconf 83' lang='lat' dir='ltr'><strong>tione.</strong></span> <span class='ocrx_word' id='word_1_574' title='bbox 687 4578 705 4610; x_wconf 74' lang='grc' dir='ltr'><strong>ι</strong></span> <span class='ocrx_word' id='word_1_575' title='bbox 745 4554 812 4613; x_wconf 85' lang='grc' dir='ltr'>Ει</span> <span class='ocrx_word' id='word_1_576' title='bbox 841 4573 941 4629; x_wconf 89' lang='lat' dir='ltr'><strong>pro</strong></span> <span class='ocrx_word' id='word_1_577' title='bbox 978 4558 1146 4628; x_wconf 88' lang='lat' dir='ltr'><strong>impia</strong></span> <span class='ocrx_word' id='word_1_578' title='bbox 1191 4557 1448 4628; x_wconf 88' lang='lat' dir='ltr'><strong>opinione</strong></span> <span class='ocrx_word' id='word_1_579' title='bbox 1481 4557 1663 4614; x_wconf 91' lang='lat' dir='ltr'><strong>adhuc</strong></span> <span class='ocrx_word' id='word_1_580' title='bbox 1719 4558 2004 4613; x_wconf 90' lang='lat' dir='ltr'><strong>decertans</strong></span> <span class='ocrx_word' id='word_1_581' title='bbox 2031 4598 2049 4625; x_wconf 90' lang='lat'><strong>,</strong></span> 
     </span>
    </p>
   </div>
   <div class='ocr_carea' id='block_1_71' title="bbox 475 4646 2050 4720">
    <p class='ocr_par' dir='ltr' id='par_1_71' title="bbox 475 4646 2050 4720">
     <span class='ocr_line' id='line_1_72' title="bbox 475 4646 2050 4720; baseline 0.001 -18"><span class='ocrx_word' id='word_1_582' title='bbox 475 4648 756 4718; x_wconf 85' lang='lat' dir='ltr'><strong>subjungit</strong></span> <span class='ocrx_word' id='word_1_583' title='bbox 783 4666 797 4702; x_wconf 90' lang='lat'><strong>:</strong></span> <span class='ocrx_word' id='word_1_584' title='bbox 830 4666 849 4699; x_wconf 81' lang='grc' dir='ltr'><strong>ι</strong></span> <span class='ocrx_word' id='word_1_585' title='bbox 884 4646 1171 4715; x_wconf 87' lang='lat' dir='ltr'><strong>Quomodo</strong></span> <span class='ocrx_word' id='word_1_586' title='bbox 1200 4655 1382 4702; x_wconf 89' lang='lat' dir='ltr'><strong>autem</strong></span> <span class='ocrx_word' id='word_1_587' title='bbox 1416 4662 1525 4704; x_wconf 86' lang='lat' dir='ltr'><strong>non</strong></span> <span class='ocrx_word' id='word_1_588' title='bbox 1553 4649 1678 4719; x_wconf 86' lang='lat' dir='ltr'><strong>jure</strong></span> <span class='ocrx_word' id='word_1_589' title='bbox 1706 4650 1831 4720; x_wconf 89' lang='lat' dir='ltr'><strong>quis</strong></span> <span class='ocrx_word' id='word_1_590' title='bbox 1864 4664 2050 4720; x_wconf 86' lang='lat' dir='ltr'><strong>repre-</strong></span> 
     </span>
    </p>
   </div>
   <div class='ocr_carea' id='block_1_72' title="bbox 2170 3448 3740 3530">
    <p class='ocr_par' dir='ltr' id='par_1_72' title="bbox 2170 3448 3740 3530">
     <span class='ocr_line' id='line_1_73' title="bbox 2170 3448 3740 3530; baseline 0.009 -27"><span class='ocrx_word' id='word_1_591' title='bbox 2170 3448 2389 3515; x_wconf 86' lang='grc' dir='ltr'>Ἰούλιος</span> <span class='ocrx_word' id='word_1_592' title='bbox 2421 3451 2729 3518; x_wconf 86' lang='grc' dir='ltr'>Κασσιανός</span> <span class='ocrx_word' id='word_1_593' title='bbox 2748 3470 2763 3483; x_wconf 83' lang='grc'><em>’</em></span> <span class='ocrx_word' id='word_1_594' title='bbox 2820 3455 2878 3509; x_wconf 86' lang='grc' dir='ltr'>ὲν</span> <span class='ocrx_word' id='word_1_595' title='bbox 2907 3454 3038 3525; x_wconf 77' lang='grc' dir='ltr'>γοῦν</span> <span class='ocrx_word' id='word_1_596' title='bbox 3066 3456 3144 3528; x_wconf 85' lang='grc' dir='ltr'><strong>τῷ</strong></span> <span class='ocrx_word' id='word_1_597' title='bbox 3186 3459 3327 3527; x_wconf 77' lang='grc' dir='ltr'>Περὶ</span> <span class='ocrx_word' id='word_1_598' title='bbox 3353 3459 3740 3530; x_wconf 72' lang='grc' dir='ltr'>ἐγκρατεας,</span> 
     </span>
    </p>
   </div>
   <div class='ocr_carea' id='block_1_73' title="bbox 2153 3541 3744 3626">
    <p class='ocr_par' dir='ltr' id='par_1_73' title="bbox 2153 3541 3744 3626">
     <span class='ocr_line' id='line_1_74' title="bbox 2153 3541 3744 3626; baseline 0.011 -32"><span class='ocrx_word' id='word_1_599' title='bbox 2153 3541 2186 3613; x_wconf 78' lang='grc' dir='ltr'>ἢ</span> <span class='ocrx_word' id='word_1_600' title='bbox 2230 3543 2368 3611; x_wconf 75' lang='grc' dir='ltr'>Περὶ</span> <span class='ocrx_word' id='word_1_601' title='bbox 2398 3545 2754 3615; x_wconf 79' lang='grc' dir='ltr'>εὐνουχίας,</span> <span class='ocrx_word' id='word_1_602' title='bbox 2788 3548 2930 3602; x_wconf 86' lang='grc' dir='ltr'>κατὰ</span> <span class='ocrx_word' id='word_1_603' title='bbox 2952 3547 3097 3615; x_wconf 82' lang='grc' dir='ltr'>λέξιν</span> <span class='ocrx_word' id='word_1_604' title='bbox 3125 3552 3316 3624; x_wconf 82' lang='grc' dir='ltr'>φησίν·</span> <span class='ocrx_word' id='word_1_605' title='bbox 3352 3571 3374 3605; x_wconf 78' lang='grc' dir='ltr'><strong>ι</strong></span> <span class='ocrx_word' id='word_1_606' title='bbox 3408 3555 3521 3609; x_wconf 76' lang='grc' dir='ltr'><strong>Καὶ</strong></span> <span class='ocrx_word' id='word_1_607' title='bbox 3556 3555 3744 3626; x_wconf 72' lang='grc' dir='ltr'>μηδεὶς</span> 
     </span>
    </p>
   </div>
   <div class='ocr_carea' id='block_1_74' title="bbox 2146 3633 3744 3719">
    <p class='ocr_par' dir='ltr' id='par_1_74' title="bbox 2146 3633 3744 3719">
     <span class='ocr_line' id='line_1_75' title="bbox 2146 3633 3744 3719; baseline 0.008 -32"><span class='ocrx_word' id='word_1_608' title='bbox 2146 3633 2372 3705; x_wconf 81' lang='grc' dir='ltr'>λεγέτω,</span> <span class='ocrx_word' id='word_1_609' title='bbox 2403 3636 2485 3690; x_wconf 81' lang='grc' dir='ltr'>ὅτι</span> <span class='ocrx_word' id='word_1_610' title='bbox 2499 3637 2720 3692; x_wconf 78' lang='grc' dir='ltr'>ἐπειδὰν</span> <span class='ocrx_word' id='word_1_611' title='bbox 2734 3638 2957 3694; x_wconf 84' lang='grc' dir='ltr'>τοιαῦτα</span> <span class='ocrx_word' id='word_1_612' title='bbox 2978 3639 3140 3714; x_wconf 66' lang='grc' dir='ltr'>μόρια</span> <span class='ocrx_word' id='word_1_613' title='bbox 3162 3642 3508 3715; x_wconf 76' lang='grc' dir='ltr'>ἐσχομεν,ιῖ›ς</span> <span class='ocrx_word' id='word_1_614' title='bbox 3526 3647 3631 3718; x_wconf 72' lang='grc' dir='ltr'>τὴν</span> <span class='ocrx_word' id='word_1_615' title='bbox 3652 3649 3744 3719; x_wconf 76' lang='grc' dir='ltr'>μὲν</span> 
     </span>
    </p>
   </div>
   <div class='ocr_carea' id='block_1_75' title="bbox 2154 3726 3743 3812">
    <p class='ocr_par' dir='ltr' id='par_1_75' title="bbox 2154 3726 3743 3812">
     <span class='ocr_line' id='line_1_76' title="bbox 2154 3726 3743 3812; baseline 0.007 -32"><span class='ocrx_word' id='word_1_616' title='bbox 2154 3726 2373 3800; x_wconf 83' lang='grc' dir='ltr'>θήλειαν</span> <span class='ocrx_word' id='word_1_617' title='bbox 2393 3727 2567 3794; x_wconf 75' lang='grc' dir='ltr'>οὕτως</span> <span class='ocrx_word' id='word_1_618' title='bbox 2585 3748 2686 3803; x_wconf 86' lang='grc' dir='ltr'>σχη</span> <span class='ocrx_word' id='word_1_619' title='bbox 2696 3731 2979 3804; x_wconf 83' lang='grc' dir='ltr'>ματίσθαι,</span> <span class='ocrx_word' id='word_1_620' title='bbox 3010 3733 3099 3788; x_wconf 78' lang='grc' dir='ltr'><strong>τὸν</strong></span> <span class='ocrx_word' id='word_1_621' title='bbox 3119 3735 3176 3789; x_wconf 89' lang='grc' dir='ltr'><strong>δέ</strong></span> <span class='ocrx_word' id='word_1_622' title='bbox 3201 3736 3403 3810; x_wconf 76' lang='grc' dir='ltr'>ἄρρενα</span> <span class='ocrx_word' id='word_1_623' title='bbox 3420 3737 3627 3805; x_wconf 74' lang='grc' dir='ltr'>οὕτως,</span> <span class='ocrx_word' id='word_1_624' title='bbox 3651 3742 3743 3812; x_wconf 67' lang='grc' dir='ltr'>τὴν</span> 
     </span>
    </p>
   </div>
   <div class='ocr_carea' id='block_1_76' title="bbox 2158 3821 3744 3907">
    <p class='ocr_par' dir='ltr' id='par_1_76' title="bbox 2158 3821 3744 3907">
     <span class='ocr_line' id='line_1_77' title="bbox 2158 3821 3744 3907; baseline 0.01 -33"><span class='ocrx_word' id='word_1_625' title='bbox 2158 3822 2257 3893; x_wconf 84' lang='grc' dir='ltr'>μὲν</span> <span class='ocrx_word' id='word_1_626' title='bbox 2289 3821 2426 3894; x_wconf 83' lang='grc' dir='ltr'>πρὸς</span> <span class='ocrx_word' id='word_1_627' title='bbox 2476 3821 2536 3876; x_wconf 85' lang='grc' dir='ltr'>τὸ</span> <span class='ocrx_word' id='word_1_628' title='bbox 2592 3822 2864 3894; x_wconf 82' lang='grc' dir='ltr'>δέχεσθαι,</span> <span class='ocrx_word' id='word_1_629' title='bbox 2919 3826 3013 3880; x_wconf 85' lang='grc' dir='ltr'>τὸν</span> <span class='ocrx_word' id='word_1_630' title='bbox 3044 3826 3103 3881; x_wconf 76' lang='grc' dir='ltr'>δὲ</span> <span class='ocrx_word' id='word_1_631' title='bbox 3150 3829 3287 3901; x_wconf 71' lang='grc' dir='ltr'>πρὸς</span> <span class='ocrx_word' id='word_1_632' title='bbox 3306 3830 3368 3884; x_wconf 80' lang='grc' dir='ltr'>τὸ</span> <span class='ocrx_word' id='word_1_633' title='bbox 3393 3833 3744 3907; x_wconf 77' lang='grc' dir='ltr'>ἑνσπείρειν,</span> 
     </span>
    </p>
   </div>
   <div class='ocr_carea' id='block_1_77' title="bbox 2157 3914 3742 3995">
    <p class='ocr_par' dir='ltr' id='par_1_77' title="bbox 2157 3914 3742 3995">
     <span class='ocr_line' id='line_1_78' title="bbox 2157 3914 3742 3995; baseline 0.009 -28"><span class='ocrx_word' id='word_1_634' title='bbox 2157 3914 2609 3988; x_wconf 81' lang='grc' dir='ltr'>συγκεχωρῆσθαι</span> <span class='ocrx_word' id='word_1_635' title='bbox 2650 3916 2759 3988; x_wconf 84' lang='grc'>(97)</span> <span class='ocrx_word' id='word_1_636' title='bbox 2794 3917 2856 3972; x_wconf 82' lang='grc' dir='ltr'>τὸ</span> <span class='ocrx_word' id='word_1_637' title='bbox 2898 3918 3000 3990; x_wconf 80' lang='grc' dir='ltr'>τῆς</span> <span class='ocrx_word' id='word_1_638' title='bbox 3026 3919 3245 3992; x_wconf 80' lang='grc' dir='ltr'>ὁμιλίας</span> <span class='ocrx_word' id='word_1_639' title='bbox 3279 3922 3433 3995; x_wconf 86' lang='grc' dir='ltr'>παρὰ</span> <span class='ocrx_word' id='word_1_640' title='bbox 3480 3926 3645 3980; x_wconf 75' lang='grc' dir='ltr'>Θεοῦ.</span> <span class='ocrx_word' id='word_1_641' title='bbox 3688 3928 3742 3982; x_wconf 76' lang='lat' dir='ltr'><strong>El</strong></span> 
     </span>
    </p>
   </div>
   <div class='ocr_carea' id='block_1_78' title="bbox 2151 4002 3747 4091">
    <p class='ocr_par' dir='ltr' id='par_1_78' title="bbox 2151 4002 3747 4091">
     <span class='ocr_line' id='line_1_79' title="bbox 2151 4002 3747 4091; baseline 0.01 -31"><span class='ocrx_word' id='word_1_642' title='bbox 2151 4006 2260 4080; x_wconf 77' lang='grc' dir='ltr'>γὰρ</span> <span class='ocrx_word' id='word_1_643' title='bbox 2291 4002 2360 4080; x_wconf 76' lang='grc' dir='ltr'>ἦν</span> <span class='ocrx_word' id='word_1_644' title='bbox 2385 4007 2539 4079; x_wconf 79' lang='grc' dir='ltr'>παρὰ</span> <span class='ocrx_word' id='word_1_645' title='bbox 2558 4008 2717 4074; x_wconf 81' lang='grc' dir='ltr'>Θεοῦ,</span> <span class='ocrx_word' id='word_1_646' title='bbox 2749 4012 2831 4074; x_wconf 78' lang='grc' dir='ltr'><strong>είς</strong></span> <span class='ocrx_word' id='word_1_647' title='bbox 2851 4011 2910 4065; x_wconf 85' lang='grc' dir='ltr'>ὃν</span> <span class='ocrx_word' id='word_1_648' title='bbox 2950 4012 3275 4085; x_wconf 87' lang='grc' dir='ltr'>σπεύδομεν,</span> <span class='ocrx_word' id='word_1_649' title='bbox 3306 4019 3339 4087; x_wconf 79' lang='grc' dir='ltr'><strong>ἠ</strong></span> <span class='ocrx_word' id='word_1_650' title='bbox 3376 4019 3607 4091; x_wconf 80' lang='grc' dir='ltr'>τοιαύτη</span> <span class='ocrx_word' id='word_1_651' title='bbox 3639 4020 3747 4077; x_wconf 84' lang='grc' dir='ltr'>δια-</span> 
     </span>
    </p>
   </div>
   <div class='ocr_carea' id='block_1_79' title="bbox 2151 4098 3747 4179">
    <p class='ocr_par' dir='ltr' id='par_1_79' title="bbox 2151 4098 3747 4179">
     <span class='ocr_line' id='line_1_80' title="bbox 2151 4098 3747 4179; baseline 0.008 -25"><span class='ocrx_word' id='word_1_652' title='bbox 2151 4098 2339 4172; x_wconf 81' lang='grc' dir='ltr'>σκευὴ,</span> <span class='ocrx_word' id='word_1_653' title='bbox 2371 4100 2471 4155; x_wconf 80' lang='grc' dir='ltr'>οὐκ</span> <span class='ocrx_word' id='word_1_654' title='bbox 2501 4100 2568 4155; x_wconf 82' lang='grc' dir='ltr'>ἂν</span> <span class='ocrx_word' id='word_1_655' title='bbox 2599 4102 2940 4175; x_wconf 81' lang='grc' dir='ltr'>ἐμακάρισεν</span> <span class='ocrx_word' id='word_1_656' title='bbox 2971 4106 3101 4170; x_wconf 73' lang='grc' dir='ltr'>τοὺς</span> <span class='ocrx_word' id='word_1_657' title='bbox 3156 4107 3447 4179; x_wconf 83' lang='grc' dir='ltr'>εὐνούχους</span> <span class='ocrx_word' id='word_1_658' title='bbox 3471 4127 3486 4140; x_wconf 91' lang='grc'><strong>·</strong></span> <span class='ocrx_word' id='word_1_659' title='bbox 3522 4112 3637 4167; x_wconf 77' lang='grc' dir='ltr'>οὐδ’</span> <span class='ocrx_word' id='word_1_660' title='bbox 3685 4113 3747 4166; x_wconf 78' lang='grc' dir='ltr'>ἂν</span> 
     </span>
    </p>
   </div>
   <div class='ocr_carea' id='block_1_80' title="bbox 2149 4194 3744 4276">
    <p class='ocr_par' dir='ltr' id='par_1_80' title="bbox 2149 4194 3744 4276">
     <span class='ocr_line' id='line_1_81' title="bbox 2149 4194 3744 4276; baseline 0.008 -30"><span class='ocrx_word' id='word_1_661' title='bbox 2149 4194 2179 4247; x_wconf 90' lang='lat'><strong>6</strong></span> <span class='ocrx_word' id='word_1_662' title='bbox 2203 4195 2491 4267; x_wconf 83' lang='grc' dir='ltr'>προφήτης</span> <span class='ocrx_word' id='word_1_663' title='bbox 2523 4196 2757 4268; x_wconf 79' lang='grc' dir='ltr'>εἰρήκει,</span> <span class='ocrx_word' id='word_1_664' title='bbox 2788 4216 2808 4249; x_wconf 82' lang='grc' dir='ltr'><strong>ι</strong></span> <span class='ocrx_word' id='word_1_665' title='bbox 2843 4197 2918 4270; x_wconf 80' lang='grc' dir='ltr'>μὴ</span> <span class='ocrx_word' id='word_1_666' title='bbox 2952 4194 3090 4253; x_wconf 81' lang='grc' dir='ltr'>εἶναι</span> <span class='ocrx_word' id='word_1_667' title='bbox 3120 4198 3275 4266; x_wconf 81' lang='grc' dir='ltr'>ξύλον</span> <span class='ocrx_word' id='word_1_668' title='bbox 3304 4202 3562 4275; x_wconf 76' lang='grc' dir='ltr'>ἄκαρπον</span> <span class='ocrx_word' id='word_1_669' title='bbox 3587 4204 3697 4276; x_wconf 85' lang='grc'>(98)</span> <span class='ocrx_word' id='word_1_670' title='bbox 3723 4224 3744 4258; x_wconf 71' lang='grc' dir='ltr'><strong>ι</strong></span> 
     </span>
    </p>
   </div>
   <div class='ocr_carea' id='block_1_81' title="bbox 2149 4283 3749 4365">
    <p class='ocr_par' dir='ltr' id='par_1_81' title="bbox 2149 4283 3749 4365">
     <span class='ocr_line' id='line_1_82' title="bbox 2149 4283 3749 4365; baseline 0.008 -26"><span class='ocrx_word' id='word_1_671' title='bbox 2149 4283 2353 4348; x_wconf 80' lang='grc' dir='ltr'>αύτούς</span> <span class='ocrx_word' id='word_1_672' title='bbox 2375 4300 2390 4316; x_wconf 78' lang='grc'><strong><em>⁸</em></strong></span> <span class='ocrx_word' id='word_1_673' title='bbox 2427 4284 2747 4356; x_wconf 77' lang='grc' dir='ltr'>μεταλαϐὼν</span> <span class='ocrx_word' id='word_1_674' title='bbox 2788 4288 2896 4342; x_wconf 86' lang='grc' dir='ltr'><strong>ἀπὸ</strong></span> <span class='ocrx_word' id='word_1_675' title='bbox 2942 4289 3039 4344; x_wconf 80' lang='grc' dir='ltr'><strong>τοῦ</strong></span> <span class='ocrx_word' id='word_1_676' title='bbox 3085 4290 3304 4365; x_wconf 83' lang='grc' dir='ltr'>δένδρου</span> <span class='ocrx_word' id='word_1_677' title='bbox 3349 4295 3446 4349; x_wconf 80' lang='grc' dir='ltr'><strong>ἐπὶ</strong></span> <span class='ocrx_word' id='word_1_678' title='bbox 3477 4297 3577 4349; x_wconf 73' lang='grc' dir='ltr'>τὸν</span> <span class='ocrx_word' id='word_1_679' title='bbox 3613 4297 3749 4352; x_wconf 78' lang='grc' dir='ltr'>κατὰ</span> 
     </span>
    </p>
   </div>
   <div class='ocr_carea' id='block_1_82' title="bbox 2157 4374 3750 4459">
    <p class='ocr_par' dir='ltr' id='par_1_82' title="bbox 2157 4374 3750 4459">
     <span class='ocr_line' id='line_1_83' title="bbox 2157 4374 3750 4459; baseline 0.011 -32"><span class='ocrx_word' id='word_1_680' title='bbox 2157 4374 2480 4449; x_wconf 81' lang='grc' dir='ltr'>προαίρεσιν</span> <span class='ocrx_word' id='word_1_681' title='bbox 2526 4375 2833 4450; x_wconf 77' lang='grc' dir='ltr'>ἄνθρωπον,</span> <span class='ocrx_word' id='word_1_682' title='bbox 2874 4381 3068 4437; x_wconf 79' lang='grc' dir='ltr'>ἐαυτὸν</span> <span class='ocrx_word' id='word_1_683' title='bbox 3110 4383 3212 4455; x_wconf 81' lang='grc' dir='ltr'>τῆς</span> <span class='ocrx_word' id='word_1_684' title='bbox 3239 4385 3500 4459; x_wconf 83' lang='grc' dir='ltr'>τοιαύτης</span> <span class='ocrx_word' id='word_1_685' title='bbox 3545 4388 3750 4452; x_wconf 72' lang='grc' dir='ltr'>ἐννοίας</span> 
     </span>
    </p>
   </div>
   <div class='ocr_carea' id='block_1_83' title="bbox 2158 4465 3747 4555">
    <p class='ocr_par' dir='ltr' id='par_1_83' title="bbox 2158 4465 3747 4555">
     <span class='ocr_line' id='line_1_84' title="bbox 2158 4465 3747 4555; baseline 0.009 -33"><span class='ocrx_word' id='word_1_686' title='bbox 2158 4465 2536 4540; x_wconf 77' lang='grc' dir='ltr'>εὐνουχίζοντα</span> <span class='ocrx_word' id='word_1_687' title='bbox 2583 4469 2716 4543; x_wconf 88' lang='grc'>(99).</span> <span class='ocrx_word' id='word_1_688' title='bbox 2772 4490 2791 4524; x_wconf 78' lang='grc' dir='ltr'><strong>ι</strong></span> <span class='ocrx_word' id='word_1_689' title='bbox 2850 4474 2963 4527; x_wconf 69' lang='grc' dir='ltr'><strong>Καὶ</strong></span> <span class='ocrx_word' id='word_1_690' title='bbox 3014 4474 3100 4529; x_wconf 79' lang='grc' dir='ltr'>ἔτι</span> <span class='ocrx_word' id='word_1_691' title='bbox 3154 4477 3638 4551; x_wconf 75' lang='grc' dir='ltr'>ἐπαγωνιζόμενος</span> <span class='ocrx_word' id='word_1_692' title='bbox 3687 4486 3747 4555; x_wconf 78' lang='grc' dir='ltr'><strong>τῇ</strong></span> 
     </span>
    </p>
   </div>
   <div class='ocr_carea' id='block_1_84' title="bbox 2163 4560 3750 4646">
    <p class='ocr_par' dir='ltr' id='par_1_84' title="bbox 2163 4560 3750 4646">
     <span class='ocr_line' id='line_1_85' title="bbox 2163 4560 3750 4646; baseline 0.011 -32"><span class='ocrx_word' id='word_1_693' title='bbox 2163 4560 2315 4633; x_wconf 77' lang='grc' dir='ltr'><strong>ἀθέῳ</strong></span> <span class='ocrx_word' id='word_1_694' title='bbox 2345 4561 2493 4635; x_wconf 82' lang='grc' dir='ltr'>δόξῃ,</span> <span class='ocrx_word' id='word_1_695' title='bbox 2529 4564 2813 4637; x_wconf 81' lang='grc' dir='ltr'>ἐπιφέρει·</span> <span class='ocrx_word' id='word_1_696' title='bbox 2853 4587 2871 4620; x_wconf 74' lang='grc' dir='ltr'><strong>ι</strong></span> <span class='ocrx_word' id='word_1_697' title='bbox 2908 4567 3034 4633; x_wconf 85' lang='grc' dir='ltr'><strong>Πῶς</strong></span> <span class='ocrx_word' id='word_1_698' title='bbox 3070 4568 3127 4623; x_wconf 88' lang='grc' dir='ltr'>δὲ</span> <span class='ocrx_word' id='word_1_699' title='bbox 3157 4571 3257 4624; x_wconf 72' lang='grc' dir='ltr'>οὐκ</span> <span class='ocrx_word' id='word_1_700' title='bbox 3286 4571 3352 4627; x_wconf 80' lang='grc' dir='ltr'>ἂν</span> <span class='ocrx_word' id='word_1_701' title='bbox 3385 4576 3485 4628; x_wconf 77' lang='grc' dir='ltr'>καὶ</span> <span class='ocrx_word' id='word_1_702' title='bbox 3514 4576 3750 4646; x_wconf 75' lang='grc' dir='ltr'>εὐλόγως</span> 
     </span>
    </p>
   </div>
   <div class='ocr_carea' id='block_1_85' title="bbox 2158 4653 3749 4738">
    <p class='ocr_par' dir='ltr' id='par_1_85' title="bbox 2158 4653 3749 4738">
     <span class='ocr_line' id='line_1_86' title="bbox 2158 4653 3749 4738; baseline 0.006 -32"><span class='ocrx_word' id='word_1_703' title='bbox 2158 4670 2243 4718; x_wconf 84' lang='grc' dir='ltr'><strong>τις</strong></span> <span class='ocrx_word' id='word_1_704' title='bbox 2262 4653 2484 4726; x_wconf 77' lang='grc' dir='ltr'>αἰτιῷτο</span> <span class='ocrx_word' id='word_1_705' title='bbox 2509 4654 2600 4709; x_wconf 80' lang='grc' dir='ltr'>τὸν</span> <span class='ocrx_word' id='word_1_706' title='bbox 2630 4658 2886 4730; x_wconf 75' lang='grc' dir='ltr'>Σωτῆρα,</span> <span class='ocrx_word' id='word_1_707' title='bbox 2910 4663 2960 4714; x_wconf 83' lang='grc' dir='ltr'><strong>εί</strong></span> <span class='ocrx_word' id='word_1_708' title='bbox 2983 4661 3323 4732; x_wconf 83' lang='grc' dir='ltr'>μετὲπλασεν</span> <span class='ocrx_word' id='word_1_709' title='bbox 3345 4666 3519 4737; x_wconf 74' lang='grc' dir='ltr'>ἡμᾶς,</span> <span class='ocrx_word' id='word_1_710' title='bbox 3540 4671 3640 4723; x_wconf 77' lang='grc' dir='ltr'><strong>καὶ</strong></span> <span class='ocrx_word' id='word_1_711' title='bbox 3659 4670 3749 4738; x_wconf 73' lang='grc' dir='ltr'>τῆς</span> 
     </span>
    </p>
   </div>
   <div class='ocr_carea' id='block_1_86' title="bbox 475 4738 2049 4834">
    <p class='ocr_par' dir='ltr' id='par_1_86' title="bbox 475 4738 2049 4808">
     <span class='ocr_line' id='line_1_87' title="bbox 475 4738 2049 4808; baseline 0.002 -16"><span class='ocrx_word' id='word_1_712' title='bbox 475 4738 727 4794; x_wconf 88' lang='lat' dir='ltr'><strong>hcnderit</strong></span> <span class='ocrx_word' id='word_1_713' title='bbox 763 4739 1133 4806; x_wconf 79' lang='lat' dir='ltr'><strong>Servatorem,</strong></span> <span class='ocrx_word' id='word_1_714' title='bbox 1174 4738 1221 4795; x_wconf 90' lang='lat' dir='ltr'><strong>si</strong></span> <span class='ocrx_word' id='word_1_715' title='bbox 1267 4754 1371 4795; x_wconf 90' lang='lat' dir='ltr'><strong>nos</strong></span> <span class='ocrx_word' id='word_1_716' title='bbox 1413 4738 1849 4808; x_wconf 85' lang='lat' dir='ltr'><strong>transformavit,</strong></span> <span class='ocrx_word' id='word_1_717' title='bbox 1884 4751 1939 4795; x_wconf 91' lang='lat' dir='ltr'><strong>et</strong></span> <span class='ocrx_word' id='word_1_718' title='bbox 1980 4741 2049 4796; x_wconf 88' lang='lat' dir='ltr'><strong>ab</strong></span> 
     </span>
    </p>
   </div>
   <div class='ocr_carea' id='block_1_87' title="bbox 2155 4738 3750 4834">
    <p class='ocr_par' dir='ltr' id='par_1_87' title="bbox 2158 4746 3750 4834">
     <span class='ocr_line' id='line_1_88' title="bbox 2158 4746 3750 4834; baseline 0.009 -34"><span class='ocrx_word' id='word_1_719' title='bbox 2158 4746 2361 4820; x_wconf 84' lang='grc' dir='ltr'>πλάνης</span> <span class='ocrx_word' id='word_1_720' title='bbox 2390 4747 2688 4818; x_wconf 80' lang='grc' dir='ltr'>ἀπήλλαξε,</span> <span class='ocrx_word' id='word_1_721' title='bbox 2724 4752 2819 4805; x_wconf 77' lang='grc' dir='ltr'>καὶ</span> <span class='ocrx_word' id='word_1_722' title='bbox 2843 4752 2944 4823; x_wconf 81' lang='grc' dir='ltr'>τῆς</span> <span class='ocrx_word' id='word_1_723' title='bbox 2973 4755 3257 4821; x_wconf 83' lang='grc' dir='ltr'>κοινωνίας</span> <span class='ocrx_word' id='word_1_724' title='bbox 3276 4756 3388 4811; x_wconf 85' lang='grc' dir='ltr'><strong>τῶν</strong></span> <span class='ocrx_word' id='word_1_725' title='bbox 3415 4761 3634 4834; x_wconf 84' lang='grc' dir='ltr'>μορίων</span> <span class='ocrx_word' id='word_1_726' title='bbox 3661 4759 3750 4816; x_wconf 77' lang='grc' dir='ltr'>καὶ</span> 
     </span>
    </p>
   </div>
   <div class='ocr_carea' id='block_1_88' title="bbox 475 4806 2049 4927">
    <p class='ocr_par' dir='ltr' id='par_1_88' title="bbox 475 4830 2049 4904">
     <span class='ocr_line' id='line_1_89' title="bbox 475 4830 2049 4904; baseline 0.003 -19"><span class='ocrx_word' id='word_1_727' title='bbox 475 4845 663 4885; x_wconf 84' lang='lat' dir='ltr'><strong>errore</strong></span> <span class='ocrx_word' id='word_1_728' title='bbox 700 4830 975 4897; x_wconf 86' lang='lat' dir='ltr'><strong>liberavit,</strong></span> <span class='ocrx_word' id='word_1_729' title='bbox 1006 4838 1063 4886; x_wconf 87' lang='lat' dir='ltr'><strong>et</strong></span> <span class='ocrx_word' id='word_1_730' title='bbox 1091 4846 1122 4885; x_wconf 88' lang='lat' dir='ltr'><strong>a</strong></span> <span class='ocrx_word' id='word_1_731' title='bbox 1148 4831 1539 4904; x_wconf 86' lang='lat' dir='ltr'><strong>conjunctione</strong></span> <span class='ocrx_word' id='word_1_732' title='bbox 1569 4833 1966 4899; x_wconf 87' lang='lat' dir='ltr'><strong>membrorum,</strong></span> <span class='ocrx_word' id='word_1_733' title='bbox 1998 4842 2049 4890; x_wconf 87' lang='lat' dir='ltr'><strong>et</strong></span> 
     </span>
    </p>
   </div>
   <div class='ocr_carea' id='block_1_89' title="bbox 2155 4806 3750 4927">
    <p class='ocr_par' dir='ltr' id='par_1_89' title="bbox 2161 4806 3750 4927">
     <span class='ocr_line' id='line_1_90' title="bbox 2161 4806 3750 4927; baseline 0.009 -30"><span class='ocrx_word' id='word_1_734' title='bbox 2161 4806 2553 4915; x_wconf 72' lang='grc' dir='ltr'>προσθεμάτων</span> <span class='ocrx_word' id='word_1_735' title='bbox 2579 4806 2687 4897; x_wconf 40' lang='grc' dir='ltr'>καὶ,</span> <span class='ocrx_word' id='word_1_736' title='bbox 2707 4806 2954 4913; x_wconf 52' lang='grc' dir='ltr'>αἰδοίωνς</span> 
     </span>
    </p>
   </div>
   <div class='ocr_carea' id='block_1_90' title="bbox 475 4923 2050 4995">
    <p class='ocr_par' dir='ltr' id='par_1_90' title="bbox 475 4923 2050 4995">
     <span class='ocr_line' id='line_1_91' title="bbox 475 4923 2050 4995; baseline 0.004 -16"><span class='ocrx_word' id='word_1_737' title='bbox 475 4923 994 4989; x_wconf 86' lang='lat' dir='ltr'><strong>additamentorum,</strong></span> <span class='ocrx_word' id='word_1_738' title='bbox 1036 4934 1092 4980; x_wconf 92' lang='lat' dir='ltr'><strong>et</strong></span> <span class='ocrx_word' id='word_1_739' title='bbox 1118 4924 1539 4995; x_wconf 83' lang='lat' dir='ltr'><strong>pudendornm?</strong></span> <span class='ocrx_word' id='word_1_740' title='bbox 1576 4945 1595 4978; x_wconf 76' lang='grc' dir='ltr'><strong>ι</strong></span> <span class='ocrx_word' id='word_1_741' title='bbox 1632 4926 1689 4981; x_wconf 92' lang='lat' dir='ltr'><strong>in</strong></span> <span class='ocrx_word' id='word_1_742' title='bbox 1729 4927 1833 4984; x_wconf 87' lang='lat' dir='ltr'><strong>hoc</strong></span> <span class='ocrx_word' id='word_1_743' title='bbox 1859 4928 2050 4985; x_wconf 84' lang='lat' dir='ltr'><strong>eadem</strong></span> 
     </span>
    </p>
   </div>
   <div class='ocr_carea' id='block_1_91' title="bbox 475 5015 2050 5091">
    <p class='ocr_par' dir='ltr' id='par_1_91' title="bbox 475 5015 2050 5091">
     <span class='ocr_line' id='line_1_92' title="bbox 475 5015 2050 5091; baseline 0.004 -21"><span class='ocrx_word' id='word_1_744' title='bbox 475 5017 778 5073; x_wconf 82' lang='lat' dir='ltr'><strong>decernens</strong></span> <span class='ocrx_word' id='word_1_745' title='bbox 828 5033 953 5073; x_wconf 92' lang='lat' dir='ltr'><strong>cum</strong></span> <span class='ocrx_word' id='word_1_746' title='bbox 1006 5015 1238 5072; x_wconf 84' lang='lat' dir='ltr'><strong>Tatiano</strong></span> <span class='ocrx_word' id='word_1_747' title='bbox 1293 5037 1306 5073; x_wconf 89' lang='lat'><strong>:</strong></span> <span class='ocrx_word' id='word_1_748' title='bbox 1363 5018 1454 5074; x_wconf 89' lang='lat' dir='ltr'><strong>hic</strong></span> <span class='ocrx_word' id='word_1_749' title='bbox 1500 5029 1684 5074; x_wconf 90' lang='lat' dir='ltr'><strong>autem</strong></span> <span class='ocrx_word' id='word_1_750' title='bbox 1739 5021 1941 5091; x_wconf 89' lang='lat' dir='ltr'><strong>prodiit</strong></span> <span class='ocrx_word' id='word_1_751' title='bbox 1981 5037 2050 5077; x_wconf 81' lang='lat' dir='ltr'><strong>ex</strong></span> 
     </span>
    </p>
   </div>
   <div class='ocr_carea' id='block_1_92' title="bbox 477 5108 2046 5182">
    <p class='ocr_par' dir='ltr' id='par_1_92' title="bbox 477 5108 2046 5182">
     <span class='ocr_line' id='line_1_93' title="bbox 477 5108 2046 5182; baseline 0.003 -18"><span class='ocrx_word' id='word_1_752' title='bbox 477 5108 667 5165; x_wconf 87' lang='lat' dir='ltr'><strong>schola</strong></span> <span class='ocrx_word' id='word_1_753' title='bbox 684 5108 977 5167; x_wconf 79' lang='lat' dir='ltr'><strong>Valentini.</strong></span> <span class='ocrx_word' id='word_1_754' title='bbox 1009 5109 1305 5182; x_wconf 89' lang='lat' dir='ltr'><strong>Propterea</strong></span> <span class='ocrx_word' id='word_1_755' title='bbox 1331 5112 1465 5169; x_wconf 85' lang='lat' dir='ltr'><strong>dicit</strong></span> <span class='ocrx_word' id='word_1_756' title='bbox 1484 5111 1785 5171; x_wconf 88' lang='lat' dir='ltr'><strong>Cassianus</strong></span> <span class='ocrx_word' id='word_1_757' title='bbox 1817 5132 1833 5170; x_wconf 88' lang='lat'><strong>:</strong></span> <span class='ocrx_word' id='word_1_758' title='bbox 1861 5132 1881 5166; x_wconf 74' lang='grc' dir='ltr'><strong>ι</strong></span> <span class='ocrx_word' id='word_1_759' title='bbox 1911 5115 2046 5171; x_wconf 87' lang='lat' dir='ltr'><strong>Cum</strong></span> 
     </span>
    </p>
   </div>
   <div class='ocr_carea' id='block_1_93' title="bbox 475 5222 1677 5363">
    <p class='ocr_par' dir='ltr' id='par_1_93' title="bbox 475 5222 1677 5363">
     <span class='ocr_line' id='line_1_94' title="bbox 550 5222 1608 5291; baseline 0.005 -15"><span class='ocrx_word' id='word_1_760' title='bbox 550 5222 713 5279; x_wconf 75' lang='lat' dir='ltr'><strong>Ilsa.</strong></span> <span class='ocrx_word' id='word_1_761' title='bbox 756 5240 819 5289; x_wconf 77' lang='grc' dir='ltr'><strong>ι,</strong></span> <span class='ocrx_word' id='word_1_762' title='bbox 864 5226 916 5281; x_wconf 97' lang='grc'><strong>1.</strong></span> <span class='ocrx_word' id='word_1_763' title='bbox 988 5224 1225 5281; x_wconf 70' lang='grc' dir='ltr'><strong>1³ΙἸῚιιι.</strong></span> <span class='ocrx_word' id='word_1_764' title='bbox 1271 5227 1475 5291; x_wconf 73' lang='grc' dir='ltr'>ν,“14,</span> <span class='ocrx_word' id='word_1_765' title='bbox 1521 5227 1608 5282; x_wconf 83' lang='grc'>15.</span> 
     </span>
     <span class='ocr_line' id='line_1_95' title="bbox 475 5290 1677 5363; baseline 0.004 -13"><span class='ocrx_word' id='word_1_766' title='bbox 475 5290 590 5352; x_wconf 87' lang='grc' dir='ltr'>ΕΙ).</span> <span class='ocrx_word' id='word_1_767' title='bbox 640 5293 940 5362; x_wconf 78' lang='lat' dir='ltr'><strong>POTTER,</strong></span> <span class='ocrx_word' id='word_1_768' title='bbox 986 5296 1115 5363; x_wconf 76' lang='grc'>465,</span> <span class='ocrx_word' id='word_1_769' title='bbox 1142 5296 1248 5352; x_wconf 73' lang='grc'>466</span> <span class='ocrx_word' id='word_1_770' title='bbox 1300 5296 1408 5353; x_wconf 83' lang='grc' dir='ltr'>ΕΙ).</span> <span class='ocrx_word' id='word_1_771' title='bbox 1453 5296 1677 5355; x_wconf 74' lang='lat' dir='ltr'><strong>PARlS.</strong></span> 
     </span>
    </p>
   </div>
   <div class='ocr_carea' id='block_1_94' title="bbox 474 5480 1661 5554">
    <p class='ocr_par' dir='ltr' id='par_1_94' title="bbox 474 5480 1661 5554">
     <span class='ocr_line' id='line_1_96' title="bbox 474 5480 1661 5554; baseline 0.002 -18"><span class='ocrx_word' id='word_1_772' title='bbox 474 5480 550 5536; x_wconf 84' lang='lat' dir='ltr'><strong>ab</strong></span> <span class='ocrx_word' id='word_1_773' title='bbox 583 5481 952 5554; x_wconf 75' lang='grc' dir='ltr'>ᾁποδέχομαι;</span> <span class='ocrx_word' id='word_1_774' title='bbox 984 5480 1362 5554; x_wconf 51' lang='lat' dir='ltr'><strong>utsuperius,</strong></span> <span class='ocrx_word' id='word_1_775' title='bbox 1383 5480 1505 5554; x_wconf 75' lang='lat' dir='ltr'><strong>pag.</strong></span> <span class='ocrx_word' id='word_1_776' title='bbox 1537 5482 1661 5538; x_wconf 70' lang='grc'>546.</span> 
     </span>
    </p>
   </div>
   <div class='ocr_carea' id='block_1_95' title="bbox 550 5551 2052 5628">
    <p class='ocr_par' dir='ltr' id='par_1_95' title="bbox 550 5551 2052 5628">
     <span class='ocr_line' id='line_1_97' title="bbox 550 5551 2052 5628; baseline 0.003 -23"><span class='ocrx_word' id='word_1_777' title='bbox 550 5553 664 5628; x_wconf 71' lang='grc'>(97)</span> <span class='ocrx_word' id='word_1_778' title='bbox 722 5551 1242 5628; x_wconf 67' lang='grc' dir='ltr'>Σ-υγκεχωρῇσθαι.</span> <span class='ocrx_word' id='word_1_779' title='bbox 1323 5551 1471 5628; x_wconf 69' lang='grc' dir='ltr'><strong>Ε’ιριή</strong></span> <span class='ocrx_word' id='word_1_780' title='bbox 1539 5554 1706 5623; x_wconf 89' lang='lat' dir='ltr'><strong>edit.,</strong></span> <span class='ocrx_word' id='word_1_781' title='bbox 1769 5570 2052 5628; x_wconf 79' lang='grc' dir='ltr'>συγκεχω·</span> 
     </span>
    </p>
   </div>
   <div class='ocr_carea' id='block_1_96' title="bbox 480 5621 1662 5694">
    <p class='ocr_par' dir='ltr' id='par_1_96' title="bbox 480 5621 1662 5694">
     <span class='ocr_line' id='line_1_98' title="bbox 480 5621 1662 5694; baseline 0.006 -20"><span class='ocrx_word' id='word_1_782' title='bbox 480 5621 666 5694; x_wconf 59' lang='lat' dir='ltr'><strong>piabat</strong></span> <span class='ocrx_word' id='word_1_783' title='bbox 684 5664 701 5689; x_wconf 91' lang='lat'><strong>,</strong></span> <span class='ocrx_word' id='word_1_784' title='bbox 736 5621 926 5678; x_wconf 84' lang='lat' dir='ltr'><strong>errore</strong></span> <span class='ocrx_word' id='word_1_785' title='bbox 948 5621 1080 5679; x_wconf 81' lang='lat' dir='ltr'><strong>satis</strong></span> <span class='ocrx_word' id='word_1_786' title='bbox 1106 5625 1362 5694; x_wconf 82' lang='lat' dir='ltr'><strong>evidenti.</strong></span> <span class='ocrx_word' id='word_1_787' title='bbox 1394 5621 1662 5681; x_wconf 71' lang='lat' dir='ltr'><strong>Susum.</strong></span> 
     </span>
    </p>
   </div>
   <div class='ocr_carea' id='block_1_97' title="bbox 552 5693 1392 5764">
    <p class='ocr_par' dir='ltr' id='par_1_97' title="bbox 552 5693 1392 5764">
     <span class='ocr_line' id='line_1_99' title="bbox 552 5693 1392 5764; baseline 0.002 -16"><span class='ocrx_word' id='word_1_788' title='bbox 552 5693 663 5764; x_wconf 78' lang='lat'><strong>(98)</strong></span> <span class='ocrx_word' id='word_1_789' title='bbox 690 5696 1006 5762; x_wconf 76' lang='grc' dir='ltr'>Ἀκαρπον.</span> <span class='ocrx_word' id='word_1_790' title='bbox 1034 5694 1250 5764; x_wconf 74' lang='grc' dir='ltr'>Ξηρόν,</span> <span class='ocrx_word' id='word_1_791' title='bbox 1284 5693 1392 5750; x_wconf 88' lang='lat' dir='ltr'><strong>lsa.</strong></span> 
     </span>
    </p>
   </div>
   <div class='ocr_carea' id='block_1_98' title="bbox 552 5763 2055 5847">
    <p class='ocr_par' dir='ltr' id='par_1_98' title="bbox 552 5763 2055 5847">
     <span class='ocr_line' id='line_1_100' title="bbox 552 5763 2055 5847; baseline 0.007 -33"><span class='ocrx_word' id='word_1_792' title='bbox 552 5763 668 5847; x_wconf 59' lang='lat'><strong>199)</strong></span> <span class='ocrx_word' id='word_1_793' title='bbox 731 5764 974 5820; x_wconf 81' lang='grc' dir='ltr'>Ἑαυτὸν</span> <span class='ocrx_word' id='word_1_794' title='bbox 1018 5763 1128 5833; x_wconf 62' lang='grc' dir='ltr'>τῆς</span> <span class='ocrx_word' id='word_1_795' title='bbox 1170 5765 1444 5833; x_wconf 81' lang='grc' dir='ltr'>τοιαύτης</span> <span class='ocrx_word' id='word_1_796' title='bbox 1497 5765 1735 5834; x_wconf 78' lang='grc' dir='ltr'>ἐννοίας</span> <span class='ocrx_word' id='word_1_797' title='bbox 1777 5768 2055 5839; x_wconf 70' lang='grc' dir='ltr'>εὐνουχί-</span> 
     </span>
    </p>
   </div>
   <div class='ocr_carea' id='block_1_99' title="bbox 988 5224 2049 5306">
    <p class='ocr_par' dir='ltr' id='par_1_99' title="bbox 988 5224 2049 5306">
     <span class='ocr_line' id='line_1_101' title="bbox 988 5224 2049 5306; baseline 0.011 -34"><span class='ocrx_word' id='word_1_798' title='bbox 988 5224 1651 5306; x_wconf 35' lang='grc' dir='ltr'><strong>ξέ-ςΐὶῃιἎν-ίέδὲμξε,</strong></span> <span class='ocrx_word' id='word_1_799' title='bbox 1688 5239 1712 5269; x_wconf 78' lang='lat' dir='ltr'><strong>e</strong></span> <span class='ocrx_word' id='word_1_800' title='bbox 1758 5227 1973 5306; x_wconf 63' lang='lat' dir='ltr'><strong>l_:l‘im.</strong></span> <span class='ocrx_word' id='word_1_801' title='bbox 2021 5246 2049 5285; x_wconf 76' lang='grc' dir='ltr'>ι]</span> 
     </span>
    </p>
   </div>
   <div class='ocr_carea' id='block_1_100' title="bbox 2155 5224 2836 5306">
    <p class='ocr_par' dir='ltr' id='par_1_100' title="bbox 2155 5233 2836 5306">
     <span class='ocr_line' id='line_1_102' title="bbox 2155 5233 2836 5306; baseline 0.007 -19"><span class='ocrx_word' id='word_1_802' title='bbox 2155 5233 2235 5289; x_wconf 87' lang='grc'>15.</span> <span class='ocrx_word' id='word_1_803' title='bbox 2313 5234 2344 5274; x_wconf 75' lang='grc' dir='ltr'>ἀ</span> <span class='ocrx_word' id='word_1_804' title='bbox 2391 5233 2527 5291; x_wconf 89' lang='lat' dir='ltr'><strong>Luc.</strong></span> <span class='ocrx_word' id='word_1_805' title='bbox 2576 5252 2700 5306; x_wconf 75' lang='lat' dir='ltr'><strong>xw,</strong></span> <span class='ocrx_word' id='word_1_806' title='bbox 2745 5236 2836 5292; x_wconf 76' lang='lat'><strong>20.</strong></span> 
     </span>
    </p>
   </div>
   <div class='ocr_carea' id='block_1_101' title="bbox 1785 5298 2161 5369">
    <p class='ocr_par' dir='ltr' id='par_1_101' title="bbox 1785 5298 2161 5369">
     <span class='ocr_line' id='line_1_103' title="bbox 1785 5298 2161 5369; baseline 0.013 -16"><span class='ocrx_word' id='word_1_807' title='bbox 1785 5298 1807 5339; x_wconf 69' lang='grc' dir='ltr'><em>ι</em></span> <span class='ocrx_word' id='word_1_808' title='bbox 1825 5298 1932 5355; x_wconf 85' lang='lat' dir='ltr'><strong>lsa.</strong></span> <span class='ocrx_word' id='word_1_809' title='bbox 1963 5298 2161 5369; x_wconf 63' lang='lat'><strong>“1,5.</strong></span> 
     </span>
    </p>
   </div>
   <div class='ocr_carea' id='block_1_102' title="bbox 546 5408 2096 5491">
    <p class='ocr_par' dir='ltr' id='par_1_102' title="bbox 546 5408 2096 5491">
     <span class='ocr_line' id='line_1_104' title="bbox 546 5408 2096 5491; baseline 0.004 -29"><span class='ocrx_word' id='word_1_810' title='bbox 546 5409 663 5491; x_wconf 63' lang='grc'>(96)</span> <span class='ocrx_word' id='word_1_811' title='bbox 694 5408 1346 5491; x_wconf 39' lang='grc' dir='ltr'>Ἀποδεδειγμέναιηνει</span> <span class='ocrx_word' id='word_1_812' title='bbox 1376 5412 1567 5491; x_wconf 62' lang='lat' dir='ltr'><strong>potius</strong></span> <span class='ocrx_word' id='word_1_813' title='bbox 1584 5411 2048 5491; x_wconf 60' lang='grc' dir='ltr'>αποδεδεγμέναι,</span> <span class='ocrx_word' id='word_1_814' title='bbox 2090 5484 2096 5491; x_wconf 25' lang='grc' dir='ltr'><strong>Δ</strong></span> 
     </span>
    </p>
   </div>
   <div class='ocr_carea' id='block_1_103' title="bbox 2157 4932 3749 5015">
    <p class='ocr_par' dir='ltr' id='par_1_103' title="bbox 2157 4932 3749 5015">
     <span class='ocr_line' id='line_1_105' title="bbox 2157 4932 3749 5015; baseline 0.009 -29"><span class='ocrx_word' id='word_1_815' title='bbox 2157 4932 2326 5003; x_wconf 90' lang='grc' dir='ltr'>τιανῷ</span> <span class='ocrx_word' id='word_1_816' title='bbox 2358 4932 2502 4988; x_wconf 83' lang='grc' dir='ltr'>κατὰ</span> <span class='ocrx_word' id='word_1_817' title='bbox 2528 4933 2685 4988; x_wconf 82' lang='grc' dir='ltr'>τοῦτο</span> <span class='ocrx_word' id='word_1_818' title='bbox 2705 4934 3041 5009; x_wconf 79' lang='grc' dir='ltr'>δογματίζων</span> <span class='ocrx_word' id='word_1_819' title='bbox 3062 4956 3079 4971; x_wconf 69' lang='grc' dir='ltr'><strong>ι</strong></span> <span class='ocrx_word' id='word_1_820' title='bbox 3103 4942 3131 4993; x_wconf 90' lang='lat'><strong>6</strong></span> <span class='ocrx_word' id='word_1_821' title='bbox 3160 4940 3205 4994; x_wconf 82' lang='grc' dir='ltr'>δ’</span> <span class='ocrx_word' id='word_1_822' title='bbox 3229 4943 3294 4996; x_wconf 87' lang='grc' dir='ltr'><strong>ἐκ</strong></span> <span class='ocrx_word' id='word_1_823' title='bbox 3321 4941 3424 5015; x_wconf 77' lang='grc' dir='ltr'>τῆς</span> <span class='ocrx_word' id='word_1_824' title='bbox 3452 4945 3749 5000; x_wconf 70' lang='grc' dir='ltr'>Οὐαλεντίι</span> 
     </span>
    </p>
   </div>
   <div class='ocr_carea' id='block_1_104' title="bbox 2157 5025 3749 5103">
    <p class='ocr_par' dir='ltr' id='par_1_104' title="bbox 2157 5025 3749 5103">
     <span class='ocr_line' id='line_1_106' title="bbox 2157 5025 3749 5103; baseline 0.009 -23"><span class='ocrx_word' id='word_1_825' title='bbox 2157 5042 2249 5080; x_wconf 88' lang='grc' dir='ltr'><strong>νου</strong></span> <span class='ocrx_word' id='word_1_826' title='bbox 2281 5025 2595 5099; x_wconf 81' lang='grc' dir='ltr'>ἐξεφοίτησε</span> <span class='ocrx_word' id='word_1_827' title='bbox 2643 5028 2860 5100; x_wconf 81' lang='grc' dir='ltr'>σχολῆς.</span> <span class='ocrx_word' id='word_1_828' title='bbox 2892 5030 2994 5083; x_wconf 77' lang='grc' dir='ltr'><strong>Διὰ</strong></span> <span class='ocrx_word' id='word_1_829' title='bbox 3042 5033 3201 5088; x_wconf 75' lang='grc' dir='ltr'>τοῦτό</span> <span class='ocrx_word' id='word_1_830' title='bbox 3244 5052 3325 5089; x_wconf 87' lang='grc' dir='ltr'><strong>τοι</strong></span> <span class='ocrx_word' id='word_1_831' title='bbox 3354 5039 3384 5090; x_wconf 89' lang='lat'><strong>6</strong></span> <span class='ocrx_word' id='word_1_832' title='bbox 3431 5038 3749 5103; x_wconf 77' lang='grc' dir='ltr'>Κασσιανδς</span> 
     </span>
    </p>
   </div>
   <div class='ocr_carea' id='block_1_105' title="bbox 2159 5118 3751 5204">
    <p class='ocr_par' dir='ltr' id='par_1_105' title="bbox 2159 5118 3751 5204">
     <span class='ocr_line' id='line_1_107' title="bbox 2159 5118 3751 5204; baseline 0.011 -34"><span class='ocrx_word' id='word_1_833' title='bbox 2159 5134 2309 5189; x_wconf 80' lang='grc' dir='ltr'>φησι’</span> <span class='ocrx_word' id='word_1_834' title='bbox 2324 5137 2341 5169; x_wconf 77' lang='grc' dir='ltr'><strong>ι</strong></span> <span class='ocrx_word' id='word_1_835' title='bbox 2354 5118 2770 5192; x_wconf 82' lang='grc' dir='ltr'>Πυνθανομένης</span> <span class='ocrx_word' id='word_1_836' title='bbox 2784 5120 2859 5194; x_wconf 80' lang='grc'><strong>(1)</strong></span> <span class='ocrx_word' id='word_1_837' title='bbox 2873 5122 2973 5193; x_wconf 82' lang='grc' dir='ltr'>τῆς</span> <span class='ocrx_word' id='word_1_838' title='bbox 2986 5122 3271 5199; x_wconf 87' lang='grc' dir='ltr'>Σαλώμης,</span> <span class='ocrx_word' id='word_1_839' title='bbox 3290 5128 3421 5182; x_wconf 84' lang='grc' dir='ltr'>πότε</span> <span class='ocrx_word' id='word_1_840' title='bbox 3432 5130 3751 5204; x_wconf 73' lang='grc' dir='ltr'>γνωσθήσερ</span> 
     </span>
    </p>
   </div>
   <div class='ocr_carea' id='block_1_106' title="bbox 2919 5235 3749 5308">
    <p class='ocr_par' dir='ltr' id='par_1_106' title="bbox 2919 5235 3749 5308">
     <span class='ocr_line' id='line_1_108' title="bbox 2919 5235 3749 5308; baseline 0.014 -18"><span class='ocrx_word' id='word_1_841' title='bbox 2919 5249 2944 5277; x_wconf 75' lang='grc' dir='ltr'><strong>ο</strong></span> <span class='ocrx_word' id='word_1_842' title='bbox 2984 5235 3133 5294; x_wconf 89' lang='lat' dir='ltr'><strong>Psal.</strong></span> <span class='ocrx_word' id='word_1_843' title='bbox 3176 5254 3266 5308; x_wconf 85' lang='lat' dir='ltr'><strong>vr,</strong></span> <span class='ocrx_word' id='word_1_844' title='bbox 3316 5241 3370 5297; x_wconf 88' lang='lat'><strong>8.</strong></span> <span class='ocrx_word' id='word_1_845' title='bbox 3451 5248 3515 5307; x_wconf 59' lang='lat' dir='ltr'><strong>Es</strong></span> <span class='ocrx_word' id='word_1_846' title='bbox 3546 5243 3610 5300; x_wconf 86' lang='lat' dir='ltr'><strong>P.</strong></span> <span class='ocrx_word' id='word_1_847' title='bbox 3644 5245 3749 5301; x_wconf 77' lang='lat'><strong>553</strong></span> 
     </span>
    </p>
   </div>
   <div class='ocr_carea' id='block_1_107' title="bbox 2159 5416 3745 5493">
    <p class='ocr_par' dir='ltr' id='par_1_107' title="bbox 2159 5416 3745 5493">
     <span class='ocr_line' id='line_1_109' title="bbox 2159 5416 3745 5493; baseline 0.009 -21"><span class='ocrx_word' id='word_1_848' title='bbox 2159 5416 2527 5493; x_wconf 64' lang='lat' dir='ltr'><strong>(orta._)’ide</strong></span> <span class='ocrx_word' id='word_1_849' title='bbox 2567 5419 2803 5493; x_wconf 85' lang='lat' dir='ltr'><strong>similem</strong></span> <span class='ocrx_word' id='word_1_850' title='bbox 2848 5421 3075 5493; x_wconf 87' lang='lat' dir='ltr'><strong>phrasin</strong></span> <span class='ocrx_word' id='word_1_851' title='bbox 3110 5439 3167 5493; x_wconf 91' lang='lat' dir='ltr'><strong>p.</strong></span> <span class='ocrx_word' id='word_1_852' title='bbox 3213 5422 3316 5478; x_wconf 68' lang='grc'><strong>451</strong></span> <span class='ocrx_word' id='word_1_853' title='bbox 3363 5424 3501 5480; x_wconf 84' lang='lat' dir='ltr'><strong>edit.</strong></span> <span class='ocrx_word' id='word_1_854' title='bbox 3538 5422 3745 5486; x_wconf 59' lang='lat' dir='ltr'><strong>Paris.</strong></span> 
     </span>
    </p>
   </div>
   <div class='ocr_carea' id='block_1_108' title="bbox 2160 5436 3571 5565">
    <p class='ocr_par' dir='ltr' id='par_1_108' title="bbox 2160 5436 3571 5565">
     <span class='ocr_line' id='line_1_110' title="bbox 2160 5436 3571 5545; baseline 0.006 -73"><span class='ocrx_word' id='word_1_855' title='bbox 2160 5436 2354 5479; x_wconf 70' lang='grc' dir='ltr'>ιον-τα.</span> <span class='ocrx_word' id='word_1_856' title='bbox 2399 5436 2527 5475; x_wconf 78' lang='lat' dir='ltr'><strong>nae</strong></span> <span class='ocrx_word' id='word_1_857' title='bbox 2567 5436 2803 5476; x_wconf 77' lang='lat' dir='ltr'><strong>similem</strong></span> <span class='ocrx_word' id='word_1_858' title='bbox 2833 5436 3075 5545; x_wconf 50' lang='lat' dir='ltr'><strong>lmrasm</strong></span> <span class='ocrx_word' id='word_1_859' title='bbox 3110 5439 3167 5493; x_wconf 90' lang='lat' dir='ltr'><strong>p.</strong></span> <span class='ocrx_word' id='word_1_860' title='bbox 3213 5436 3316 5478; x_wconf 69' lang='grc'><strong>451</strong></span> <span class='ocrx_word' id='word_1_861' title='bbox 3363 5436 3501 5480; x_wconf 83' lang='lat' dir='ltr'><strong>edit.</strong></span> <span class='ocrx_word' id='word_1_862' title='bbox 3538 5436 3571 5481; x_wconf 59' lang='grc' dir='ltr'><strong>ιλ</strong></span> 
     </span>
     <span class='ocr_line' id='line_1_111' title="bbox 2160 5488 3571 5565; baseline 0.008 -24"><span class='ocrx_word' id='word_1_863' title='bbox 2160 5488 2543 5565; x_wconf 64' lang='grc' dir='ltr'>εὐνουχίζοντα</span> <span class='ocrx_word' id='word_1_864' title='bbox 2565 5491 2756 5565; x_wconf 83' lang='grc' dir='ltr'>ἑαυτὸν</span> <span class='ocrx_word' id='word_1_865' title='bbox 2790 5511 2831 5546; x_wconf 87' lang='grc' dir='ltr'><strong>π</strong></span> <span class='ocrx_word' id='word_1_866' title='bbox 2866 5508 2972 5565; x_wconf 67' lang='grc' dir='ltr'>9ης</span> <span class='ocrx_word' id='word_1_867' title='bbox 2998 5493 3312 5565; x_wconf 82' lang='grc' dir='ltr'>ἐπιθυμίας.</span> <span class='ocrx_word' id='word_1_868' title='bbox 3344 5492 3571 5552; x_wconf 72' lang='lat' dir='ltr'><strong>Lowra.</strong></span> 
     </span>
    </p>
   </div>
   <div class='ocr_carea' id='block_1_109' title="bbox 2230 5561 3742 5631">
    <p class='ocr_par' dir='ltr' id='par_1_109' title="bbox 2230 5561 3742 5631">
     <span class='ocr_line' id='line_1_112' title="bbox 2230 5561 3742 5631; baseline 0.004 -18"><span class='ocrx_word' id='word_1_869' title='bbox 2230 5561 2307 5630; x_wconf 86' lang='grc'><strong>(1)</strong></span> <span class='ocrx_word' id='word_1_870' title='bbox 2337 5561 2822 5631; x_wconf 75' lang='grc' dir='ltr'>Πυνθανομένης.</span> <span class='ocrx_word' id='word_1_871' title='bbox 2854 5561 3108 5620; x_wconf 83' lang='lat' dir='ltr'><strong>Clemens</strong></span> <span class='ocrx_word' id='word_1_872' title='bbox 3138 5561 3420 5623; x_wconf 74' lang='lat' dir='ltr'><strong>Romanus</strong></span> <span class='ocrx_word' id='word_1_873' title='bbox 3443 5570 3548 5622; x_wconf 89' lang='lat' dir='ltr'><strong>sub</strong></span> <span class='ocrx_word' id='word_1_874' title='bbox 3575 5569 3742 5623; x_wconf 79' lang='lat' dir='ltr'><strong>ﬁnem</strong></span> 
     </span>
    </p>
   </div>
   <div class='ocr_carea' id='block_1_110' title="bbox 2154 5631 3747 5711">
    <p class='ocr_par' dir='ltr' id='par_1_110' title="bbox 2154 5631 3747 5711">
     <span class='ocr_line' id='line_1_113' title="bbox 2154 5631 3747 5711; baseline 0.005 -26"><span class='ocrx_word' id='word_1_875' title='bbox 2154 5631 2479 5711; x_wconf 73' lang='lat' dir='ltr'><strong>posterioris</strong></span> <span class='ocrx_word' id='word_1_876' title='bbox 2638 5632 2955 5711; x_wconf 63' lang='lat' dir='ltr'><strong>tiorinthios</strong></span> <span class='ocrx_word' id='word_1_877' title='bbox 2990 5632 3249 5711; x_wconf 72' lang='lat' dir='ltr'><strong>Epistolas</strong></span> <span class='ocrx_word' id='word_1_878' title='bbox 3281 5654 3297 5691; x_wconf 89' lang='lat'><strong>:</strong></span> <span class='ocrx_word' id='word_1_879' title='bbox 3331 5635 3747 5711; x_wconf 58' lang='grc' dir='ltr'>ξξέπερωτηθεὶς</span> 
     </span>
    </p>
   </div>
   <div class='ocr_carea' id='block_1_111' title="bbox 2194 5700 3744 5781">
    <p class='ocr_par' dir='ltr' id='par_1_111' title="bbox 2194 5700 3744 5781">
     <span class='ocr_line' id='line_1_114' title="bbox 2194 5700 3744 5781; baseline 0.005 -26"><span class='ocrx_word' id='word_1_880' title='bbox 2194 5701 2266 5774; x_wconf 83' lang='grc' dir='ltr'>ὰρ</span> <span class='ocrx_word' id='word_1_881' title='bbox 2287 5700 2463 5781; x_wconf 42' lang='lat' dir='ltr'><strong>aia-16;</strong></span> <span class='ocrx_word' id='word_1_882' title='bbox 2489 5700 2522 5781; x_wconf 69' lang='grc' dir='ltr'><em>ῥ</em></span> <span class='ocrx_word' id='word_1_883' title='bbox 2569 5702 2775 5781; x_wconf 62' lang='grc' dir='ltr'>Κύριος</span> <span class='ocrx_word' id='word_1_884' title='bbox 2815 5704 2920 5781; x_wconf 67' lang='grc' dir='ltr'>ὑπό</span> <span class='ocrx_word' id='word_1_885' title='bbox 2950 5700 3281 5781; x_wconf 38' lang='grc' dir='ltr'>τινὸςητίότε</span> <span class='ocrx_word' id='word_1_886' title='bbox 3300 5705 3442 5781; x_wconf 36' lang='grc' dir='ltr'>Δῆξει</span> <span class='ocrx_word' id='word_1_887' title='bbox 3475 5700 3683 5781; x_wconf 35' lang='lat' dir='ltr'><strong>fatigor;</strong></span> <span class='ocrx_word' id='word_1_888' title='bbox 3708 5711 3744 5781; x_wconf 71' lang='grc' dir='ltr'><strong>ἠ</strong></span> 
     </span>
    </p>
   </div>
   <div class='ocr_carea' id='block_1_112' title="bbox 2155 5717 3747 5847">
    <p class='ocr_par' dir='ltr' id='par_1_112' title="bbox 2155 5717 3747 5847">
     <span class='ocr_line' id='line_1_115' title="bbox 2194 5717 3744 5781; baseline 0.005 -26"><span class='ocrx_word' id='word_1_889' title='bbox 2194 5717 2266 5774; x_wconf 87' lang='grc' dir='ltr'><strong>αρ</strong></span> <span class='ocrx_word' id='word_1_890' title='bbox 2297 5717 2463 5766; x_wconf 86' lang='grc' dir='ltr'>αυτος</span> <span class='ocrx_word' id='word_1_891' title='bbox 2490 5717 2522 5754; x_wconf 90' lang='lat' dir='ltr'><strong>o</strong></span> <span class='ocrx_word' id='word_1_892' title='bbox 2569 5717 2775 5775; x_wconf 64' lang='lat' dir='ltr'><strong>nupta;</strong></span> <span class='ocrx_word' id='word_1_893' title='bbox 2815 5717 2920 5757; x_wconf 79' lang='grc' dir='ltr'><strong>ύπο</strong></span> <span class='ocrx_word' id='word_1_894' title='bbox 2950 5722 3116 5770; x_wconf 85' lang='grc' dir='ltr'>τινος,</span> <span class='ocrx_word' id='word_1_895' title='bbox 3150 5717 3281 5760; x_wconf 80' lang='grc' dir='ltr'>ποτε</span> <span class='ocrx_word' id='word_1_896' title='bbox 3324 5717 3442 5778; x_wconf 66' lang='grc' dir='ltr'>ἡξει</span> <span class='ocrx_word' id='word_1_897' title='bbox 3489 5717 3661 5764; x_wconf 62' lang='grc' dir='ltr'>αὑτοῦ</span> <span class='ocrx_word' id='word_1_898' title='bbox 3708 5717 3744 5781; x_wconf 64' lang='grc' dir='ltr'><strong>ἡ</strong></span> 
     </span>
     <span class='ocr_line' id='line_1_116' title="bbox 2155 5717 3747 5847; baseline 0.006 -22"><span class='ocrx_word' id='word_1_899' title='bbox 2155 5717 2427 5844; x_wconf 50' lang='lat' dir='ltr'><strong>Emathia,</strong></span> <span class='ocrx_word' id='word_1_900' title='bbox 2460 5767 2644 5827; x_wconf 73' lang='grc' dir='ltr'>εἶπεν·</span> <span class='ocrx_word' id='word_1_901' title='bbox 2685 5774 2853 5831; x_wconf 85' lang='grc' dir='ltr'>Ὅταν</span> <span class='ocrx_word' id='word_1_902' title='bbox 2882 5773 3039 5830; x_wconf 71' lang='grc' dir='ltr'>ἔσται</span> <span class='ocrx_word' id='word_1_903' title='bbox 3079 5776 3151 5831; x_wconf 78' lang='grc' dir='ltr'>τὰ</span> <span class='ocrx_word' id='word_1_904' title='bbox 3176 5775 3271 5835; x_wconf 79' lang='grc' dir='ltr'><strong>δύο</strong></span> <span class='ocrx_word' id='word_1_905' title='bbox 3299 5776 3378 5845; x_wconf 79' lang='grc' dir='ltr'>ἓν,</span> <span class='ocrx_word' id='word_1_906' title='bbox 3408 5779 3502 5833; x_wconf 80' lang='grc' dir='ltr'>καὶ</span> <span class='ocrx_word' id='word_1_907' title='bbox 3537 5778 3605 5836; x_wconf 71' lang='grc' dir='ltr'>τὸ</span> <span class='ocrx_word' id='word_1_908' title='bbox 3638 5780 3747 5847; x_wconf 71' lang='grc' dir='ltr'><strong>ἔξω</strong></span> 
     </span>
    </p>
   </div>
  </div>
