3878 6320
272 374 293 428 ί
303 372 410 432 205

1505 369 1932 446 sraonarun
1973 389 2096 444 ue.
2141 387 2232 444 nu

3370 359 3512 444 {eos

263 493 530 597 "31.99)
569 501 1007 597 στεφανούμενοι.
1053 499 1129 578 ᾜ
1171 508 1235 579 δή
1267 527 1413 573 τινες
1457 509 1569 582 (50)
1605 513 1698 564 καὶ
1740 512 1816 582 rip

1937 519 2117 566 autem
2163 519 2222 565 ut
2254 507 2713 597 incorruptibilem
2744 520 2770 548 ι
2795 547 2810 572 ,
2855 526 2876 561 ι
2920 506 2976 561 in
3011 507 3152 561 lucta
3186 507 3466 560 vincentes
3488 544 3505 567 .

259 586 534 656 παρθένου
573 592 672 661 τὴν
697 593 866 664 χήραν
885 596 966 658 είς
991 597 1315 668 ἐγκράτειαν
1344 598 1703 669 προτείνουσι,
1735 615 1832 651 κα-

257 679 890 754 ταμεγαλοφρονήσασαν
919 683 988 759 ἧς
1020 689 1346 759 πεπείραται
1366 689 1578 763 ἡδονῆς.

1940 616 2050 656 non
2080 609 2263 656 autem
2295 599 2414 654 sine
2443 593 2664 668 pulvere
2704 613 2962 653 coronam
2994 597 3338 668 accipientes.
3385 593 3504 650 Jam

1939 694 2186 750 nonnulli
2209 707 2427 764 quoque
2453 689 2749 761 pratferunt
2776 689 2995 744 viduam
3026 689 3242 760 virgini,
3273 699 3333 742 ut
3362 703 3504 757 quae,

1940 801 2104 856 quam
2134 792 2356 854 experta
2389 791 2507 849 est,
2555 780 2886 852 voluptatem
2933 795 3129 852 magno
3165 780 3348 835 animo
3378 795 3508 834 con-

1939 875 2240 946 tempserit.

1669 995 1897 1051 CAPUT
1935 993 2098 1048 XVII.

257 1096 364 1162 Qui
396 1101 608 1170 nuptias
634 1113 683 1157 et
709 1109 1092 1175 generationem
1124 1111 1295 1164 malas
1331 1121 1604 1179 asserunt,
1640 1112 1680 1165 ii
1710 1122 1761 1166 et
1797 1109 1892 1164 Dei
1926 1111 2244 1165 creationem
2273 1119 2322 1162 et
2354 1111 2523 1176 ipsam
2569 1105 2841 1177 Evangelii
2885 1101 3317 1172 dispensationem
3359 1100 3504 1153 uitu-

1795 1191 2000 1252 perant.

324 1288 516 1360 Είδὲὴ
549 1291 760 1358 γένεσις
796 1293 984 1359 κακὸν,
1031 1297 1088 1349 ὲν
1128 1297 1284 1369 κακῷ
1313 1298 1578 1367 λεγόντων
1621 1300 1670 1352 οί
1713 1299 1832 1370 βλά-

251 1394 462 1462 σφημοι
495 1381 583 1434 τὸν
629 1383 892 1452 γενέσεως
932 1386 1288 1459 μετειληφότα
1321 1390 1548 1462 Κύριον,
1584 1393 1642 1444 ὲν
1678 1390 1832 1462 κακῷ

249 1455 351 1541 τῆν
380 1473 716 1544 γεννήσασαν
761 1455 1053 1548 Παρθένον.
1093 1455 1253 1551 Οίμοι
1318 1455 1427 1535 τῶν
1459 1483 1676 1537 κακῶνί
1705 1455 1831 1554 βλαί-

251 1562 529 1631 σφημοῦσι
566 1564 626 1616 τὸ
669 1564 913 1638 βούλημα
945 1568 1038 1621 τοῦ
1085 1568 1242 1634 Θεοῦ,
1285 1573 1378 1626 καὶ
1429 1574 1490 1626 τὸ
1533 1575 1830 1646 μυστήριον

246 1653 350 1719 τῆς
371 1653 618 1720 κτίσεως,
666 1656 764 1728 τὴν
788 1658 1000 1727 γένεσιν
1039 1660 1425 1728 διαϐάλλοντες.
1456 1666 1555 1718 Διὰ
1591 1665 1760 1719 ταῦτα
1793 1669 1826 1737 ἡ

252 1741 537 1814 «δόκησις»
574 1747 866 1818 Κασσιανῷ
884 1748 1019 1822 (51)·
1059 1750 1148 1804 διὰ
1188 1753 1359 1806 ταῦτα
1392 1755 1484 1807 xui.
1522 1755 1828 1826 Μαρκίωνι,

246 1831 342 1884 ναὶ
378 1831 483 1904 μὴν
516 1835 610 1887 καὶ
660 1836 997 1909 Οὐαλεντίνῳ
1034 1840 1096 1893 τὸ
1129 1839 1287 1912 σῶμα
1331 1842 1392 1895 τὸ
1428 1842 1685 1914 ψυχικόν·
1725 1845 1826 1908 δτι,

245 1928 435 1991 φασιν,
475 1926 504 1978 6
548 1925 834 1998 ἄνθρωπος
873 1947 892 1980 ι
927 1929 1298 2004 παρωμοιώθη
1343 1935 1454 1996 τοῖς
1495 1935 1765 2004 κτήνεσιν,
1804 1953 1822 1985 ι

2010 1296 2104 1352 Sin
2122 1305 2302 1351 autem
2327 1295 2531 1349 malum
2550 1301 2632 1349 est
2655 1290 2952 1363 generatio,
2971 1289 3027 1344 in
3043 1287 3187 1343 malo
3203 1283 3501 1355 blasphemi

1935 1388 2120 1445 dicant
2139 1387 2310 1444 fuisse
2335 1386 2624 1441 Dominum
2649 1383 2745 1454 qui
2769 1383 2873 1438 fuit
2912 1381 3183 1453 particeps
3202 1375 3505 1449 generatio-

1934 1483 2042 1546 nis,
2066 1481 2120 1535 in
2146 1481 2291 1535 malo
2317 1479 2592 1550 Virginem
2621 1494 2742 1549 quae
2767 1472 3076 1548 genuitJlei
3107 1472 3237 1526 mihi
3257 1472 3272 1525 !
3296 1478 3430 1541 quot
3448 1481 3502 1524 et

1934 1583 2139 1645 quanta
2192 1573 2367 1627 mala!
2423 1571 2517 1627 Dei
2574 1572 2907 1627 voluntatem
2964 1562 3269 1619 maledictis
3324 1563 3503 1616 inces-

1934 1675 2093 1732 sunt,
2133 1675 2186 1720 et
2225 1666 2544 1737 mysterium
2604 1661 2896 1718 creationis
2923 1699 2939 1726 ,
2997 1659 3127 1713 dum
3171 1656 3503 1711 invehuntur

1933 1760 1986 1814 in
2018 1759 2443 1830 generationem.
2463 1757 2528 1813 Et
2553 1758 2679 1812 hinc
2698 1753 2988 1810 «Doccsini
3011 1751 3163 1822 fingit
3182 1748 3501 1814 Cassianus;

1934 1853 2059 1907 hinc
2074 1852 2236 1906 etiam
2261 1850 2547 1912 Marcioui,
2575 1859 2627 1904 et
2649 1846 2935 1903 Valentino
2961 1857 3178 1917 quoque
3202 1849 3287 1896 est
3302 1855 3503 1910 corpus

1932 1941 2195 2007 animale;
2236 1940 2496 2010 quoniam
2549 1939 2746 2004 homo,
2778 1935 3063 2005 inquiunt,
3105 1947 3325 2002 operam
3364 1931 3504 1987 dans

242 2018 327 2080 εἰς
379 2018 713 2091 συνδυασμὸν
775 2022 1184 2094 ἀφικνούμενος.
1249 2025 1386 2079 Ἀλλ’
1438 2026 1564 2080 ὅταν
1613 2027 1816 2081 ἐπιϐαί-

1929 2033 2152 2097 veneri,
2187 2052 2204 2084 ι
2239 2032 2574 2087 assimilatas
2604 2043 2688 2085 est
2722 2029 2982 2100 jumentis
3001 2028 3047 2081 δ.
3085 2044 3104 2078 ι
3130 2024 3292 2094 Atqui
3322 2022 3502 2093 profe-

241 2123 359 2160 νειν
412 2106 667 2181 ἀλλοτρίᾳ
717 2111 874 2185 κοίτῃ
900 2151 914 2174 ,
959 2114 1199 2184 όργήσας
1250 2115 1326 2178 ὡς
1372 2115 1604 2186 ἀληθῶς,
1668 2117 1825 2189 θελή-

242 2212 338 2270 σῃ,
367 2197 489 2252 τότε
522 2198 599 2270 τῷ
643 2199 756 2254 ὄντι
799 2203 826 2254 6
869 2201 1106 2266 τοιοῦτος
1154 2203 1534 2276 ὲκθηριοῦται·
1576 2227 1593 2259 ι
1636 2207 1819 2261 ’Ἱπποι

241 2287 575 2362 θηλυμανείς
627 2292 985 2363 ἐγενήθησαν,
1047 2295 1276 2362 ἕκαστος
1319 2299 1412 2350 ἐπὶ
1448 2298 1546 2370 τὴν
1587 2303 1823 2367 γυναῖκα

240 2378 340 2433 τοῦ
373 2381 598 2453 πλησίον
633 2383 744 2455 (52)
773 2386 1139 2457 ἐχρεμέτιζον.
1180 2407 1198 2440 ›
1269 2389 1388 2442 Κᾶν
1419 2389 1527 2442 ἀπὸ
1559 2389 1665 2442 τῶν
1699 2391 1822 2444 ἁλό-

242 2488 360 2540 γων
393 2470 546 2536 ζώων
594 2473 693 2544 τὴν
747 2477 1089 2549 ἐπιτήδευσιν
1130 2481 1228 2557 τῆς
1263 2480 1594 2551 ωμόουλίας
1625 2485 1652 2536 6
1699 2483 1820 2551 ὄφις

244 2563 504 2636 εἰληφὼς,
560 2567 654 2620 καὶ
712 2570 1060 2641 παραπείσας
1114 2574 1179 2643 τῇ
1224 2572 1477 2644 κοινωνίᾳ
1529 2573 1626 2643 τῆς
1676 2572 1818 2638 Εὔας

245 2657 687 2724 συγκαταθέσθαι
733 2661 823 2714 τὸν
866 2660 1076 2734 Ἀδὰμ,
1131 2662 1284 2734 λέγῃ,
1320 2663 1394 2727 ὼς
1429 2664 1493 2718 ἂν
1529 2663 1603 2735 μὴ
1657 2664 1816 2732 φύσει

241 2746 416 2819 ταύτῃ
466 2747 817 2821 κεχρημένων
854 2753 962 2808 τῶν
1004 2755 1462 2824 πρωτοπλάο-των,
1499 2738 1817 2820 ὼς-ἁξιοῦσί

238 2841 474 2911 τινες·ή
517 2843 692 2906 κτίσις
736 2842 899 2898 πάλιν
935 2844 1358 2918 βλασφημεῖται,
1398 2847 1816 2918 ἀσθενεστέρους

237 2931 368 2994 τοὺς
405 2931 722 3003 ἀνθρώπους
772 2937 871 3006 τῆς
918 2936 1028 2990 τῶν
1080 2939 1289 3017 ἀλόγων
1335 2939 1560 3008 φύσεως
1590 2957 1816 3012 πεποιη-

238 3026 408 3088 κυία,
460 3021 542 3088 οἷς
597 3025 1072 3100 κατηκολούθησαν
1138 3031 1186 3082 oi
1252 3032 1665 3103 πρωτόπλαστοι
1721 3031 1813 3084 τοῦ

237 3117 400 3172 Θεοῦ.
427 3119 491 3172 Ei
520 3119 578 3172 δὲ
616 3122 649 3191 ἡ
695 3119 796 3191 μὲν
827 3121 989 3191 φύσις
1035 3117 1170 3194 ἦγεν
1204 3123 1433 3188 αὐτοὺς,
1486 3123 1562 3187 ὡς
1607 3125 1700 3177 καὶ
1747 3123 1814 3177 τὰ

235 3211 432 3279 ἄλογα,
484 3211 623 3282 πρὸς
676 3212 1016 3267 παιδοποιίαν
1039 3255 1054 3279 ,
1091 3215 1419 3288 ἐκινήθησαν
1451 3217 1507 3270 δὲ
1552 3216 1744 3270 θᾶττον
1778 3217 1811 3288 ἢ

237 3302 516 3373 προσῆκον
541 3298 629 3373 ἦν,
665 3303 746 3356 ἔτι
782 3304 893 3358 νέοι
933 3306 1256 3374 πεφυκότες,
1283 3307 1468 3380 ἀπάτῃ
1509 3307 1815 3379 παραχθέν-

1927 2134 2035 2191 ειο,
2066 2139 2189 2180 cum
2218 2123 2440 2178 libidine
2461 2138 2585 2177 vere
2616 2121 2914 2184 insaniens,
2939 2118 3115 2172 aliena
3145 2115 3284 2170 inire
3310 2114 3500 2168 volue-

1927 2218 2017 2282 rit,
2051 2220 2110 2278 >I<
2142 2222 2272 2269 tunc
2301 2229 2510 2280 revera,
2543 2212 2638 2283 qui
2669 2211 2790 2266 talis
2829 2219 2933 2276 est,
2964 2208 3221 2262 efferatur
3259 2222 3271 2257 :
3311 2225 3328 2256 ι
3359 2203 3500 2274 Equi

1927 2307 1980 2362 in
2029 2306 2260 2360 feminas
2302 2305 2545 2359 furentes
2592 2302 2721 2356 facti
2759 2308 2904 2365 sunt,
2954 2296 3332 2366 unusquisque
3374 2294 3500 2348 lliu-

1924 2399 2108 2453 niebat
2153 2397 2219 2452 ad
2265 2410 2490 2451 uxorem
2538 2393 2771 2465 proximi
2820 2393 2973 2447 suic.
3004 2410 3021 2442 ι
3069 2388 3225 2459 Quod
3271 2387 3318 2442 si
3355 2386 3502 2442 dicat

1924 2499 2253 2561 serpentem,
2305 2505 2333 2544 a
2381 2488 2557 2543 brutis
2602 2485 2972 2542 animantibus
3023 2490 3241 2551 accepta
3283 2480 3499 2535 consilii

1889 2586 2008 2641 ,sui
2043 2584 2272 2649 ratione,
2306 2584 2514 2638 Adamo
2556 2577 2894 2652 persuasisse
2933 2575 3093 2645 202
3125 2583 3185 2628 ut
3227 2588 3350 2628 cum
3387 2569 3501 2625 Eva

1922 2677 2068 2732 coire
2101 2674 2454 2737 consentiret,
2488 2681 2748 2740 tanquam
2781 2667 3007 2736 alioqui,
3048 2673 3109 2719 ut
3137 2662 3359 2733 quidam
3385 2660 3500 2715 exi-

1921 2769 2168 2832 stimant,
2194 2764 2514 2838 protoplasti
2546 2763 2648 2817 bac
2675 2768 2874 2815 natura
2899 2757 3054 2813 usuri
3088 2772 3194 2812 non
3221 2754 3455 2810 fuissent
3480 2772 3493 2808 :

1920 2875 2115 2917 rursus
2148 2859 2482 2928 vituperatur
2519 2854 2744 2918 creatio,
2793 2861 2852 2906 ut
2883 2866 3004 2920 quae
3041 2849 3271 2904 rationis
3307 2863 3500 2918 exper-

1907 2952 2055 3006 'tium
2092 2947 2449 3004 animantium
2496 2953 2690 2998 natura
2735 2941 2983 2996 homines
3024 2937 3212 2993 fecerit
3252 2937 3498 2992 imbecil-

1919 3036 2104 3102 liores,
2147 3024 2380 3105 quOrum
2414 3030 2663 3099 exempla
2693 3027 2970 3084 consecuti
3005 3037 3153 3089 sunt,
3188 3025 3281 3096 qui
3321 3041 3350 3080 a
3385 3025 3497 3079 Deo

1919 3126 2081 3197 primi
2111 3122 2330 3179 formati
2368 3121 2537 3176 fuere.
2570 3119 2666 3174 Sin
2703 3127 2885 3173 autem
2920 3127 3116 3172 natura
3153 3115 3370 3187 quidem
3398 3132 3496 3171 eos

1919 3219 2060 3274 sicut
2122 3217 2280 3272 bruta
2333 3213 2557 3269 deduxit
2605 3212 2672 3267 ad
2732 3211 2969 3265 ﬁliorum
3031 3207 3491 3280 procreationem;

1919 3306 2053 3362 moti
2086 3317 2266 3360 autem
2309 3313 2436 3360 sunt
2480 3303 2643 3358 citius
2681 3315 2846 3372 quam
2876 3299 3136 3371 oportuit,
3177 3299 3368 3355 fraude
3410 3300 3495 3354 in-

233 3370 361 3453 ter
394 3370 592 3446 δικαίαμ
611 3393 710 3463 μὲν
735 3393 768 3463 ή
797 3393 975 3465 κρίσις
998 3370 1092 3448 τοῦ
1122 3395 1254 3448 Θεοῦ
1289 3398 1381 3449 ἐπὶ
1407 3370 1531 3460 τοὺς
1560 3370 1816 3450 οίικηάνα-

1925 3400 2092 3467 ducti,
2130 3414 2254 3455 cum
2290 3397 2469 3452 adhuc
2503 3403 2689 3452 essent
2724 3395 2985 3466 juvenes;
3015 3394 3227 3465 justum
3271 3393 3492 3464 quidem

236 3481 532 3550 μείναντας
572 3484 634 3537 τὸ
675 3484 938 3557 βούλημα·
978 3489 1108 3556 ἁγία
1151 3489 1206 3541 δὲ
1247 3491 1280 3559 ἡ
1336 3489 1564 3556 γένεσις,
1595 3490 1662 3543 δι’
1696 3491 1760 3561 ἣν
1786 3492 1815 3542 6

233 3570 444 3643 κόσμος
475 3573 802 3644 συνέστηκεν
825 3615 839 3639 ,
887 3575 956 3629 δι’
998 3579 1062 3647 ἢν
1095 3579 1150 3630 ai
1182 3578 1379 3642 οὐσίαι,
1407 3580 1475 3632 δι’
1505 3581 1571 3649 ἢν
1618 3581 1676 3634 αἱ
1715 3580 1813 3649 φύ-

234 3678 376 3728 σεις,
425 3663 492 3716 δι’
519 3665 584 3736 ἢν
627 3667 868 3735 ἄγγελοι,
912 3669 980 3722 δι’
1011 3671 1076 3740 ἢν
1104 3670 1381 3741 δυνάμεις,
1429 3671 1494 3724 δι’
1525 3672 1590 3741 ἣν
1619 3672 1808 3743 ψυχαὶ,

231 3754 302 3806 δι’
341 3756 410 3826 ἢν
435 3757 664 3820 ἐντολαὶ,
694 3758 763 3811 δι’
797 3760 864 3830 ἥν
912 3761 1096 3832 νόμος,
1129 3763 1204 3820 ,δι’
1251 3764 1316 3835 ἠν
1348 3763 1819 3843 ἰδ’-,Ερέςγέλιον,

229 3845 300 3898 δι’
333 3847 397 3917 ἢν
427 3849 460 3918 ἡ
493 3849 702 3917 γνῶσις
721 3851 815 3904 τοῦ
843 3853 1002 3907 Θεοῦ.
1057 3873 1074 3906 ‹
1109 3855 1219 3908 Καὶ
1244 3832 1807 3929 magna,

234 3939 328 3991 καὶ
361 3941 513 3994 πᾶσα
555 3941 680 4009 δόξα
725 3941 1012 4016 ἀνθρώπου
1059 3947 1134 4010 ὼς
1181 3946 1341 4012 ἄνθος
1389 3948 1609 4022 χόρτουσ
1639 3950 1732 4002 καὶ
1782 3951 1810 4002 6

235 4033 340 4103 μὲν
363 4031 474 4104 (53)
499 4034 688 4107 χόρτος
714 4036 1047 4110 ξηραίνεται,
1073 4040 1134 4093 τὸ
1165 4040 1222 4094 δὲ
1251 4040 1410 4104 ἄνθος
1443 4043 1806 4095 καταπίπτει·

309 4173 370 4232 ’Β
398 4168 462 4226 Ρ.
496 4172 599 4229 559
616 4172 725 4230 ED.
747 4173 1042 4245 POTTER,
1075 4177 1180 4232 470
1207 4177 1313 4232 ED.
1345 4179 1570 4236 PARIS.
1650 4193 1676 4222 ο
1705 4180 1724 4234 1
1779 4181 1816 4236 C

1943 4197 2021 4246 ιι,
2052 4179 2144 4244 27,
2176 4179 2266 4234 25.
2327 4179 2354 4219 δ
2381 4177 2526 4234 Psal.
2559 4194 2745 4240 xtvm,
2778 4178 2846 4233 l3
2872 4178 2974 4237 21..

231 4306 416 4391 πάντα
439 4311 830 4391 ἐγκρατειξεται
852 4353 868 4379 ,
898 4316 976 4391 οὐ-
993 4315 1207 4370 πάντων
1238 4318 1594 4391 ἀπεχόμενος.
1625 4318 1810 4390 Neque

232 4382 746 4461 tamerrrejicienda
778 4395 860 4440 est
878 4386 1104 4461 vulgata
1149 4382 1378 4454 versio,"
1405 4382 1427 4440 ἰ
1454 4391 1523 4444 ab
1555 4382 1811 4461 omnibus

230 4463 290 4530 se
317 4448 553 4530 abstinet
573 4469 631 4530 ;_i
657 4469 821 4522 quam
841 4448 1452 4530 vides'Cltrysostomum
1472 4460 1809 4530 exprimere;

227 4527 289 4600 et
313 4519 704 4600 advertendum
735 4534 838 4592 est,
865 4519 1168 4600 haereticos,
1199 4519 1814 4600 quibuscum-disputat

227 4586 800 4671 Clemensnabstinere
820 4586 850 4648 ἐι
872 4596 1030 4671 cibis,
1049 4586 1188 4671 quos
1206 4586 1346 4671 Deus
1367 4600 1604 4666 creavit;
1631 4586 1807 4671 ipsum

231 4667 414 4738 autem
445 4661 602 4729 velle,
642 4672 700 4718 ut
728 4680 837 4738 non
877 4661 1097 4734 penitus
1129 4668 1524 4736 abstineamus,
1550 4661 1808 4726 sed'con-

231 4735 472 4783 tinenter
499 4741 740 4807 utamur,
773 4735 826 4789 id
849 4744 959 4807 est,
1000 4751 1124 4790 cum
1157 4735 1529 4795 moderatione
1563 4749 1805 4807 utamur,

229 4814 532 4923 ElLlll'lLEOpllS
560 4803 690 4870 erit;
725 4814 779 4860 et
813 4805 1349 4874 abstineamus,cum
1368 4825 1507 4880 opus
1539 4825 1647 4866 non
1681 4803 1804 4866 erit.

418 4886 504 4923 cr.

276 4883 504 4924 υιιεςτ.

305 4939 420 5011 (49)
463 4941 745 5012 Ἀκονητι.
787 4942 1144 5002 Scribendum
1179 4948 1359 5019 potius
1394 4950 1623 5018 ἀκονιτξ,
1657 4967 1686 5006 a
1720 4952 1810 5005 κό-

231 5025 334 5072 νις.

306 5079 419 5152 (50)
455 5075 528 5160 ᾟ
544 5081 618 5151 δή
643 5100 835 5160 τινεςζ
846 5085 990 5141 Flor.
1012 5088 1291 5160 εᾱίιηγῆδη
1317 5089 1483 5156 τινές,
1512 5111 1529 5142 ι
1565 5090 1670 5158 iam
1695 5094 1813 5160 qui-

230 5151 774 5234 damgminusapte.
803 5151 1487 5234 Srtnuno.—Vtilt'auc_t_or
1516 5151 1812 5234 nonnullos

232 5221 698 5306 vidua‘mnyirgiln'i
749 5229 1027 5294 praeferre,
1076 5245 1143 5284 eo
1186 5230 1653 5306 quod‘_diflicilius
1681 5235 1812 5289 sita

231 5294 601 5373 voluptatibus
633 5303 954 5364 temperare,
985 5294 1615 5373 quaseipertil‘uimus,
1648 5319 1811 5373 quam

233 5362 302 5440 ab
335 5362 465 5427 illis,
514 5380 654 5434 quas
685 5362 964 5440 nunquam
1000 5362 1302 5440 sensimus.
1349 5362 1612 5427 Clemens
1644 5362 1808 5440 infra,

233 5432 436 5514 Strom.
475 5432 547 5514 vti
569 5476 583 5500 ,
628 5451 751 5507 pag.
785 5432 929 5514 .744_
950 5439 1080 5493 edit.
1102 5440 1593 5514 _Paris.:Méytcrov
1619 5443 1729 5514 γὰρ
1756 5432 1818 5496 ὲν

231 5502 734 5584 πείρα-γενόμενον,
758 5502 877 5560 εἶτα
895 5510 1242 5584 Δἀποσχέσθαι
1261 5527 1273 5540 '
1291 5502 1478 5584 'tiya'p
1514 5502 1679 5584 μέγα,
1695 5502 1814 5568 sit

235 5574 310 5644 μὴ
329 5555 486 5655 οἶδέν.
504 5555 607 5638 τις,
622 5555 1022 5655 ἔγκρατεύοιτο
1039 5555 1085 5644 ;Λ
1104 5599 1122 5631 ι
1163 5581 1256 5655 Est
1281 5555 1812 5655 eniﬁi‘ie‘é'zinﬁ'im;

233 5660 359 5698 cum
398 5645 522 5713 quis
550 5645 882 5715 voluptatem
910 5657 1165 5718 expertus
1197 5650 1381 5718 fuerit,
1415 5653 1673 5720 deinceps
1711 5655 1812 5707 ab-

234 5715 459 5790 stinere.
515 5713 655 5782 Quid
707 5718 852 5790 enim
896 5735 1186 5790 magnum,
1216 5721 1261 5774 si
1299 5724 1422 5790 quis
1455 5738 1513 5776 se
1542 5725 1816 5779 contineat

235 5761 396 5866 an;
413 5761 1435 5866 'tiua'é'ric'm$3351‘2“L“§§Jt$"aﬁté§"é:
1453 5761 1816 5866 ἤϋς’τὸᾙέτῖ

236 5852 576 5927 ἰπιθυμῆσας
598 5895 612 5922 ,
643 5856 734 5912 καὶ
779 5859 1059 5932 κατασχὼν
1085 5860 1276 5918 ἑαυτοῦ
1292 5904 1308 5934 ,
1325 5852 1596 5936 ’καθάπερ
1619 5866 1651 5936 ἡ
1750 5852 1817 5935 ρὰ

1920 3503 2005 3550 est
2037 3492 2128 3547 Dei
2152 3490 2421 3562 judicium
2454 3489 2509 3543 in
2541 3503 2636 3544 eos
2693 3488 2788 3557 qui
2821 3503 2931 3541 non
2956 3496 3340 3556 exspectaram
3374 3485 3493 3556 ejus

1918 3585 2251 3640 voluntatem
2285 3601 2298 3636 :
2325 3592 2514 3637 sancta
2540 3590 2625 3636 est
2657 3589 2838 3636 autem
2869 3581 3166 3652 generatio,
3203 3595 3298 3649 per
3327 3595 3492 3650 quam

1919 3676 2154 3732 mundus
2181 3673 2454 3738 consistit,
2483 3688 2578 3743 per
2603 3687 2766 3742 quam
2799 3672 3071 3736 essentiaz,
3094 3687 3189 3742 per
3213 3687 3377 3742 quam
3403 3685 3495 3725 na-

1916 3775 2073 3833 turae,
2118 3781 2215 3836 per
2252 3780 2416 3836 quam
2457 3763 2654 3834 angeli,
2699 3777 2792 3832 per
2835 3779 2999 3834 quam
3042 3772 3355 3834 potestates,
3397 3779 3492 3833 per

1915 3875 2081 3932 quam
2115 3859 2333 3922 animae,
2379 3873 2472 3927 per
2514 3873 2680 3926 quam
2724 3865 3010 3928 praecepta,
3051 3873 3144 3928 per
3179 3873 3343 3928 quam
3383 3858 3490 3923 lex,

1919 3969 2013 4023 per
2035 3967 2210 4023 quam
2240 3949 2614 4020 Evangelium,
2647 3965 2739 4018 per
2769 3965 2931 4022 quam
2965 3949 3056 4005 Dei
3076 3950 3334 4020 cognitio.
3377 3968 3394 4000 ι
3426 3949 3493 4004 Et

1923 4043 2105 4098 omnis
2137 4057 2265 4097 caro
2307 4040 2513 4107 fenum,
2554 4051 2607 4096 et
2642 4041 2820 4096 omnis
2860 4040 3032 4112 gloria
3053 4040 3171 4111 ejus
3206 4041 3362 4112 quasi
3392 4040 3494 4096 llos

3055 4189 3078 4218 ε
3121 4177 3322 4235 Jcrem.
3355 4196 3404 4245 v,
3435 4178 3488 4235 8.

1914 4320 2004 4374 διὰ
2033 4321 2385 4389 σωφροσύνης
2410 4313 2564 4380 αὖθις
2594 4317 2880 4389 παρθένος*
2921 4334 2940 4367 ι
2971 4315 3074 4382 Qui
3107 4317 3250 4389 enim
3286 4329 3490 4368 concu-

1917 4392 2054 4461 pivit
2101 4385 2167 4444 εἴ
2196 4385 2381 4461 postea
2409 4403 2468 4443 se
2497 4385 2798 4461 continuit,
2817 4387 2993 4461 instar
3027 4393 3109 4439 est
3129 4385 3346 4461 viduae,
3366 4399 3489 4451 qua:

1918 4452 2013 4531 per
2059 4452 2706 4531 tentp'erantiant_rursus
2751 4458 2928 4531 virgo_
2952 4456 3043 4510 sit.
3069 4473 3090 4506 ι
3129 4452 3490 4531 Tertullianus

1921 4523 2024 4590 sub
2053 4523 2213 4584 finem
2244 4529 2336 4584 lib.
2371 4545 2386 4582 ι
2423 4527 2500 4581 Ad
2543 4543 2791 4585 uxorem:
2837 4523 3002 4581 (Non
3033 4534 3242 4579 tantum
3269 4523 3489 4592 virgini-

1847 4589 1891 4644 Ι)
1915 4602 2018 4657 bus
2047 4603 2232 4654 datum
2262 4599 2474 4668 opinor.
2508 4597 2656 4652 Licet
2686 4597 2738 4650 in
2772 4597 2877 4650 illis
2907 4595 3189 4668 integritas
3217 4589 3409 4668 solida,
3437 4604 3490 4647 et

1911 4682 2021 4726 tota
2052 4663 2314 4724 sanctitas
2349 4670 2416 4724 de
2451 4669 2700 4739 proximo
2729 4668 2912 4739 visura
2936 4663 3230 4739 sit'facien]
3261 4663 3376 4739 Dei,
3406 4673 3490 4716 ta»

1912 4758 2034 4796 men
2069 4741 2231 4794 vidua
2264 4740 2426 4795 habet
2453 4734 2661 4807 aliquid
2686 4738 3010 4809 operosius;
3039 4734 3166 4808 quia
3207 4734 3367 4790 facile
3399 4744 3486 4790 est

1911 4828 2020 4866 non
2051 4820 2302 4880 appetere
2343 4811 2486 4880 quod
2519 4810 2752 4880 nescias,
2794 4819 2848 4863 et
2875 4809 3116 4880 aversari
3159 4809 3305 4880 quod
3342 4809 3488 4862 desi-

1911 4878 2188 4936 deraveris
2249 4878 2552 4949 nunquam.
2606 4879 2909 4935 Gloriosior
2963 4878 3318 4949 continentia,
3366 4895 3488 4947 quae

1907 4953 2001 5021 jus
2050 4966 2208 5007 suum
2259 4947 2443 5016 sentit,
2475 4966 2594 5018 quae
2647 4952 2794 5020 quod
2825 4950 3020 5021 viderit
3065 4947 3488 5021 novitr‘Poterit

1911 5019 2065 5090 virgo
2091 5021 2309 5077 felicior.
2332 5023 2552 5086 haberi;
2582 5029 2636 5074 at
2668 5019 2827 5076 vidua
2849 5019 3192 5086 laboriosior;
3225 5019 3315 5090 illa
3343 5021 3484 5086 quod

1912 5089 2117 5148 bonum
2161 5106 2374 5160 semper
2422 5091 2628 5154 habuit,
2662 5091 2763 5146 ista
2797 5090 2939 5159 quod
2970 5091 3174 5160 bonum
3208 5089 3308 5143 sibi
3338 5093 3488 5145 inve-

1914 5164 2013 5218 nit.
2051 5181 2084 5214 ι.
2103 5157 2406 5233 Cyprianus
2428 5161 2514 5216 De.
2532 5162 2663 5233 bona
2694 5157 3049 5233 patientiw:_¢
3076 5157 3284 5233 Tuetur
3307 5161 3360 5233 i_n
3384 5162 3489 5213 vir-

1913 5231 2391 5304 ginibus‘beatam
2428 5232 2813 5304 integritatem,
2859 5233 2912 5285 in
2943 5231 3121 5304 viduis
3158 5231 3486 5304 laboriosam

1915 5300 2242 5359 castitatem.
2269 5322 2287 5353 ι
2308 5300 2671 5373 Hieronymus
2687 5303 2932 5372 epist._ad
2953 5301 3268 5373 Gerontiam
3291 5320 3302 5354 :
3329 5319 3346 5351 ι
3374 5300 3489 5355 Vir-

1915 5375 2116 5444 ginitas
2138 5375 2193 5427 in
2224 5388 2287 5444 eo
2320 5371 2533 5428 facilior
2557 5381 2660 5439 est,
2687 5373 2834 5444 quod
2863 5373 3044 5427 carnis
3072 5371 3344 5444 incentiva
3379 5388 3485 5444 non

1915 5442 2098 5510 novit;
2140 5453 2193 5497 et
2223 5443 2459 5498 viduitas
2488 5443 2540 5496 in
2577 5458 2642 5496 eo
2678 5443 2984 5510 sollicitior,
3017 5443 3156 5512 quod
3185 5442 3490 5511 prazteritas

1916 5515 2099 5568 animo
2123 5515 2312 5567 recolit
2343 5518 2661 5583 voluptates.
2694 5532 2713 5565 ι

1987 5584 2098 5655 (51)
2138 5582 2488 5650 Κασσιανῷξ
2531 5586 2626 5655 llle
2660 5585 2911 5654 superius
2951 5583 3149 5639 dicitur
3189 5582 3289 5653 τῆς
3321 5583 3490 5655 Aeni):

1917 5651 2054 5780 ἷῧεὲίς
2079 5651 2287 5778 ξρχιυν,
2323 5673 2340 5705 ι
2371 5665 2533 5712 secta:
2551 5651 2871 5711 Docetarum
2902 5656 3204 5725 princeps,»
3239 5651 3361 5725 pag.
3386 5651 3490 5708 465

1933 5743 1946 5760 ·
1988 5743 2000 5779 l
2033 5765 2046 5778 .
2123 5741 2252 5780 arts.

1933 5734 2046 5780 :dil.
2079 5734 2252 5780 Paris.

1989 5795 2102 5864 (59.)
2136 5797 2427 5863 Πλησίον.
2457 5797 2689 5867 Πλησίον
2715 5795 2901 5859 αὑτοῦ,
2937 5795 3136 5867 Jercm.

1991 5863 2108 5937 (53)
2135 5867 2244 5923 Kal
2283 5871 2314 5923 ό
2339 5886 2405 5938 μ.
2437 5863 2676 5927 Ιδείδω
2706 5866 3030 5944 ⁸Ἑξηράνθη
3069 5871 3097 5921 6
3137 5866 3360 5938 χόρτος,
3400 5863 3492 5917 καὶ
