3956 6318
433 337 460 392 1
473 335 574 391 207

1579 338 1968 396 CLEMENTIS
2020 342 2486 402 ALEXANDRINI

3542 344 3680 402 1208

428 458 570 526 feni;
607 469 661 516 et
687 459 868 515 fenum
904 459 1124 531 quidem
1161 460 1490 528 exsiccatur,
1525 459 1626 517 ﬂos
1655 472 1834 517 autem
1868 459 2010 519 deci-

2125 465 2247 519 ὶλλά
2281 465 2342 518 τὸ
2395 467 2544 537 ῥῆμα
2577 466 2670 519 τοῦ
2727 465 2930 537 Κυρίου
2969 464 3135 536 μένει,
3187 484 3205 516 ι
3251 464 3309 518 τὸ
3361 468 3553 537 χρῖσαν
3582 467 3682 538 τὴν

429 556 527 615 dit.
558 555 652 610 sed
683 555 907 608 verbum
937 549 1152 609 Domini
1185 565 1435 618 manctﬂ,
1467 573 1485 606 ι
1518 555 1663 624 quod
1699 557 1854 611 unxit
1884 557 2006 610 ani-

429 660 574 698 mam
604 654 655 700 et
695 645 834 700 uniit
862 646 1098 715 spiritui.
1132 644 1416 712 Quomodo
1441 655 1644 709 autem,
1684 662 1804 716 quae
1839 656 1924 702 est
1951 649 2007 701 in

365 777 371 786 .
431 732 672 789 Ecclesia
719 745 928 802 nostra,
967 737 1274 792 oeconomia
1325 737 1392 792 ad
1437 737 1596 793 linem
1643 735 1870 809 perduci
1908 755 2007 810 po-

430 826 626 880 tuisset
667 827 871 896 absque
913 842 1164 898 corpore,
1215 843 1344 882 cum
1395 830 1557 883 etiam
1604 830 1741 899 ipse,
1789 831 1880 900 qui
1927 845 2010 888 est

431 911 594 985 caput
625 915 900 980 Ecclesiae,
935 921 988 971 in
1020 933 1184 972 carne
1215 918 1432 987 quidem
1468 917 1717 975 informis
1745 929 1798 975 et
1830 924 2008 991 specie

431 1021 624 1060 carens
663 1005 827 1058 vitam
874 1006 1108 1072 transiit,
1154 1017 1213 1060 ut
1245 1007 1466 1063 doceret
1504 1023 1605 1066 nos
1643 1013 1910 1080 respicere
1941 1013 2008 1067 ad

436 1109 688 1153 naturam
731 1098 930 1152 divina:
964 1113 1143 1152 causae
1172 1097 1460 1152 informem
1504 1109 1558 1153 et
1598 1100 2010 1171 incorpoream?

440 1208 460 1246 ι
491 1190 668 1244 Arbor
685 1191 830 1244 enim
859 1190 1003 1255 vitae,
1043 1208 1061 1240 ι
1098 1189 1277 1259 inquit
1304 1191 1584 1260 propheta,
1624 1211 1642 1242 ι
1676 1203 1758 1248 est
1781 1194 1834 1247 in
1863 1195 2009 1251 bono

431 1280 704 1338 desiderio
723 1281 774 1346 ι),
806 1301 827 1332 ι
858 1281 1059 1336 docens
1091 1281 1231 1335 bona
1255 1291 1307 1336 et
1339 1283 1543 1336 munda
1573 1283 2010 1356 desideria,qute

435 1383 565 1429 sunt
597 1371 649 1426 in
679 1372 908 1426 Domino
944 1373 1178 1427 vivente.
1216 1371 1334 1427 Jam
1366 1389 1497 1428 vero
1539 1374 1724 1428 volunt
1752 1376 1854 1429 viri
1884 1393 2006 1431 cum

432 1479 605 1518 uxore
628 1463 682 1516 in
715 1462 1065 1518 matrimonio
1093 1465 1570 1532 consuetudinem,
1599 1482 1721 1536 qua:
1751 1465 1895 1519 dicta
1926 1474 2011 1520 est

439 1575 459 1612 ι
490 1555 749 1625 cognitio,
790 1575 808 1607 ›
847 1570 968 1611 esse
997 1565 1278 1625 peccatum
1313 1576 1324 1610 :
1357 1572 1477 1610 eam
1517 1559 1716 1628 quippe
1773 1557 2006 1612 indicari

433 1664 501 1708 cx
524 1663 620 1703 esu
654 1665 673 1699 ι
720 1646 852 1716 ligni
882 1647 1009 1701 boui
1041 1656 1094 1702 et
1124 1649 1254 1702 mali
1291 1659 1338 1714 ιτ,
1378 1667 1396 1699 ι
1438 1663 1532 1717 per
1555 1649 2007 1720 signiﬁcationem

435 1741 599 1811 hujus
627 1740 877 1800 vocabuli
911 1759 928 1791 ι
960 1741 1219 1809 cognovit
1247 1739 1303 1806 ἀ,
1345 1761 1363 1791 ι
1403 1757 1524 1811 quae
1552 1743 1795 1797 mandati
1830 1751 2009 1798 trans-

2111 556 2286 628 ψυχὴν
2331 559 2424 611 καὶ
2472 556 2682 611 ὲνῶσαν
2721 555 2798 628 τῷ
2841 555 3130 626 πνεύματι.
3182 553 3306 620 Πῶς
3361 555 3404 609 δ’
3426 556 3556 610 ἄνευ
3584 555 3682 610 τοῦ

2115 646 2364 717 σώματος
2397 648 2429 718 ἠ
2469 646 2608 701 κατά
2651 645 2748 716 τὴν
2785 643 3106 715 Ἐκκλησίαν
3135 643 3255 697 καθ’
3287 646 3438 715 ἡμᾶς
3474 647 3685 698 οἰκονο-

2114 739 2212 808 μία
2254 738 2402 801 τέλος
2427 737 2748 808 ἐλάμϐανεν,
2781 738 2914 790 ὅπου
2955 754 3017 802 γε
3057 737 3150 789 καὶ
3194 737 3356 800 αὐτὸς
3394 739 3428 809 ἡ
3467 736 3683 809 κεφαλὴ

2109 830 2208 899 τῆς
2243 829 2564 900 Ἐκκλησίας
2595 831 2650 882 ὲν
2683 829 2846 900 σαρκὶ
2888 831 2986 899 μὲν
3021 830 3190 902 ἀηδὴς
3225 829 3335 901 (54)
3368 828 3684 900 διελήλυθεν

2113 919 2206 971 καὶ
2231 917 2496 988 ἄμορφος,
2526 919 2606 980 είς
2644 917 2705 969 τὸ
2749 918 2925 981 ἀειδὲς
2958 921 3050 972 καὶ
3083 919 3370 990 ἀσώματον
3397 920 3495 990 τῆς
3529 919 3686 984 θείας

2111 1010 2289 1073 αἰτίας
2333 1009 2660 1062 ἀποϐλέπειν
2698 1010 2847 1080 ἡμᾶς
2895 1009 3192 1076 διδάσκων;
3239 1031 3259 1061 ‹
3298 1011 3523 1083 Δένδρον
3570 1013 3684 1084 γὰρ

2111 1099 2276 1171 ζωῆς,
2326 1120 2344 1150 ι
2407 1101 2570 1170 φησιν
2621 1103 2649 1153 ὁ
2697 1102 2982 1173 προφήτης
3032 1101 3178 1172 (55),
3239 1120 3258 1152 ι
3317 1103 3372 1154 ὲν
3415 1102 3686 1176 ἐπιθυμίᾳ

2111 1191 2286 1263 ἀγαθῇ
2326 1193 2565 1260 γίνεται,
2602 1211 2620 1243 ›
2655 1191 2919 1245 διδάσκων
2966 1191 3262 1263 ἐπιθυμίας
3305 1194 3556 1257 ἀστείους
3588 1195 3686 1247 καὶ

2110 1283 2357 1354 καθαρὰς
2393 1283 2490 1346 τὰς
2523 1284 2579 1336 ὲν
2619 1282 2696 1354 τῷ
2723 1282 2885 1348 ζῶντι
2925 1284 3133 1355 Κυρίῳ.
3169 1283 3310 1354 Ἤδη
3347 1283 3404 1336 δὲ
3439 1283 3686 1339 ἐθέλουσι

2108 1376 2206 1446 τὴν
2261 1373 2451 1446 ἀνδρὸς
2525 1375 2665 1428 κατὰ
2729 1375 2904 1446 γάμον
2970 1375 3107 1448 πρὸς
3153 1378 3384 1443 γυναῖκα
3435 1375 3686 1446 ὁμιλίαν,

2115 1485 2134 1518 ι
2172 1467 2372 1535 γνῶσιν
2405 1487 2424 1519 ι
2471 1468 2788 1539 εἰρημένην,
2823 1468 3095 1541 ἁμαρτίαν
3122 1464 3261 1522 εἶναι
3283 1486 3295 1498 ·
3338 1467 3542 1540 ταύτην
3572 1469 3688 1540 γὰρ

2111 1559 2214 1612 ὑπὸ
2241 1560 2341 1630 τῆς
2375 1558 2628 1632 βρώσεως
2674 1559 2969 1631 μηνύεσθαι
3001 1580 3019 1612 ι
3059 1561 3151 1614 τοῦ
3192 1561 3348 1628 ξύλου
3381 1561 3473 1615 τοῦ
3514 1559 3687 1616 καλοῦ

2109 1653 2201 1706 καὶ
2234 1652 2492 1724 πονηροῦ,
2530 1671 2548 1704 ι
2576 1651 2664 1706 διὰ
2697 1653 2794 1722 τῆς
2825 1652 2918 1706 τοῦ
2955 1671 2972 1703 ι
3018 1651 3160 1720 ἔγνω
3201 1671 3220 1703 ι
3269 1653 3546 1723 σημασίας
3579 1669 3692 1705 πα-

2113 1743 2341 1818 ράϐασιν
2373 1743 2589 1816 ἐντολῆς
2615 1744 2991 1800 διδάσκουσαν.
3021 1744 3084 1797 Εί
3115 1744 3171 1797 δὲ
3199 1744 3377 1808 τοῦτο,
3410 1745 3506 1797 καὶ
3529 1747 3562 1813 ἡ
3584 1744 3692 1813 τῆς

434 1833 772 1904 gressionem
809 1840 979 1890 notat.
1016 1831 1076 1886 Si
1125 1842 1305 1887 autem
1338 1833 1444 1888 hoc
1490 1834 1564 1887 ita
1614 1842 1731 1900 est,
1763 1834 2006 1890 veritatis

2125 1837 2368 1908 Ξιληθείας
2399 1815 2599 1906 γνῶσις
2645 1834 2847 1908 βρῶσίς
2893 1836 3008 1888 ἐστι
3049 1835 3142 1889 τοῦ
3173 1835 3329 1900 ξύλου
3375 1837 3473 1907 τῆς
3513 1835 3689 1904 ζωῆς.

436 1943 654 1998 quoque
685 1926 925 1996 cognitio
951 1967 967 1993 ,
1001 1933 1084 1980 est
1143 1941 1270 1980 esus
1319 1925 1453 1995 ligni
1477 1926 1617 1980 vitae.
1647 1924 1832 1980 Potest
1877 1941 2007 1996 ergo

435 2018 724 2083 honestum
759 2030 822 2069 ac
863 2015 1203 2070 moderatum
1239 2015 1649 2070 matrimonium
1687 2015 1834 2069 illius
1866 2030 2003 2084 quo-

435 2124 543 2178 quc
571 2107 704 2177 ligni
737 2121 860 2162 esse
895 2106 1188 2176 particeps.
1217 2102 1388 2160 Nobis
1424 2109 1782 2176 autem‘prius
1802 2107 2007 2162 dictum

434 2208 538 2265 est,
563 2199 707 2270 quod
738 2197 864 2253 licet
885 2197 1022 2259 bene
1049 2207 1103 2254 et
1132 2197 1275 2252 male
1297 2198 1374 2251 uti
1405 2198 1794 2266 matrimonio;
1827 2207 1880 2253 et
1906 2199 2010 2254 hoc

436 2301 520 2352 est
543 2293 753 2362 lignum
787 2310 805 2348 ι
838 2291 1190 2361 cognitionis,
1236 2309 1254 2342 ι
1289 2291 1336 2346 si
1393 2305 1501 2344 non
1546 2290 2011 2362 transgrediamur

436 2385 583 2456 leges
607 2383 962 2440 matrimonii.
991 2381 1130 2448 Quid
1163 2383 1336 2437 vero?
1373 2399 1554 2437 annon
1599 2383 1858 2438 Senator
1906 2398 2041 2448 no-,

437 2485 570 2539 ster,
600 2474 741 2530 sicut
764 2473 1026 2536 animam,
1061 2472 1134 2527 ita
1159 2473 1322 2526 etiam
1347 2487 1546 2541 corpus
1565 2471 1778 2528 curavit
1800 2471 1868 2526 ab
1890 2471 2013 2529 alica

437 2566 749 2626 ctionibus?
776 2563 963 2633 Neque
985 2578 1116 2618 vero
1147 2563 1192 2618 si
1219 2573 1366 2618 esset
1391 2578 1520 2619 caro
1541 2563 1764 2618 inimica
1789 2564 2008 2630 animae,

440 2660 719 2716 inimicam
761 2673 856 2727 per
905 2654 1154 2712 sanitatis
1186 2656 1592 2712 restitutionem
1627 2656 1892 2712 adversus
1927 2657 2010 2728 ip—

439 2768 556 2810 sam
583 2749 888 2805 muniisset.
931 2766 951 2802 ι
989 2744 1105 2802 Hoc
1156 2756 1338 2802 autem
1394 2747 1553 2814 dico,
1588 2747 1788 2806 fratres
1813 2788 1828 2811 ,
1864 2749 2010 2818 quod

445 2848 504 2908 ες
533 2859 663 2898 caro
688 2852 742 2897 et
766 2837 988 2908 sanguis
1009 2853 1240 2909 regnum
1275 2837 1368 2896 Dei
1408 2855 1517 2894 non
1561 2849 1797 2910 possunt
1834 2839 2009 2909 possi-

439 2937 590 3000 dere,
619 2953 795 3007 neque
817 2936 1098 3006 corruptio
1127 2933 1368 3004 possidet
1413 2931 1879 3001 incorruptionem
1909 2942 1956 2986 ο.
1988 2949 2006 2983 ι

441 3025 731 3095 Peccatum
764 3027 935 3093 enim,
963 3042 1088 3082 cum
1119 3025 1192 3081 sit
1217 3043 1237 3079 ι
1271 3023 1552 3092 corruptio
1577 3065 1592 3088 ,
1637 3042 1656 3074 ι
1695 3038 1804 3077 non
1833 3029 2016 3092 potest

2113 1929 2295 1981 Ἔστιν
2335 1924 2427 1982 οὖν
2460 1929 2714 1982 κάκείνου
2751 1928 2841 1982 τοῦ
2891 1929 3047 1995 ξύλου
3106 1928 3424 1998 μεταλαϐεῖν
3453 1927 3545 1980 τὸν
3575 1925 3692 1978 σώ-

2110 2038 2280 2091 φρονα
2300 2021 2495 2092 γάμον.
2550 2022 2880 2099 Προείρηται
2903 2021 2959 2076 δὲ
2982 2024 3110 2094 ἡμῖν
3140 2022 3216 2087 ὠς
3241 2022 3332 2076 καὶ
3365 2021 3546 2084 καλῶς
3590 2021 3692 2073 καὶ

2109 2113 2294 2177 κακῶς
2333 2113 2446 2166 ἔστι
2478 2113 2787 2186 χρήσασθαι
2824 2113 2903 2184 τῷ
2931 2114 3124 2185 γάμῳ⁹
3161 2115 3255 2168 καὶ
3291 2111 3438 2166 τοῦτ’
3465 2111 3581 2164 ἐστι
3626 2111 3694 2164 τὺ

2111 2204 2264 2272 ξύλον
2302 2225 2320 2256 ι
2357 2205 2456 2276 τῆς
2493 2205 2766 2274 γνώσεως,
2813 2225 2831 2258 ι
2864 2204 2959 2258 ἐὰν
3003 2205 3077 2277 μὴ
3121 2205 3527 2276 παρανομῶμεν
3595 2200 3693 2256 τὸν

2115 2299 2310 2368 γάμον.
2339 2299 2403 2350 Τί
2435 2298 2526 2363 δέ;
2553 2300 2674 2370 οὐχὶ
2699 2300 2728 2350 ὁ
2756 2299 2969 2370 Σωτὴρ,
3009 2298 3197 2369 ὥσπερ
3221 2295 3318 2368 τὴν
3364 2295 3564 2367 ψυχὴν,
3598 2293 3696 2350 οὓ-

2109 2408 2188 2444 τω
2226 2391 2282 2444 δὲ
2322 2393 2418 2444 καὶ
2443 2391 2502 2444 τὸ
2535 2392 2694 2463 σῶμα
2725 2393 2839 2445 ἰᾶτο
2864 2391 2973 2446 τῶν
3001 2390 3216 2454 παθῶν;
3254 2389 3364 2442 Οὐκ
3409 2388 3473 2442 ἂν
3514 2389 3592 2454 δὲ,
3639 2387 3693 2443 ιι

2112 2482 2280 2556 ἐχθρὰ
2317 2486 2350 2555 ή
2399 2483 2535 2555 σὰρξ
2572 2480 2639 2556 ἦν
2671 2486 2771 2556 τῆς
2811 2486 3010 2556 ψυχῆς,
3045 2482 3374 2554 ἐπετείχιζεν
3413 2483 3552 2553 αὐτῇ
3589 2479 3696 2554 τὴν

2114 2573 2313 2645 ἐχθρὰν
2343 2575 2408 2627 δι’
2435 2576 2644 2643 ὑγιείας
2663 2575 2999 2640 ὲπισκιάζων
3023 2573 3154 2647 (56).
3189 2594 3206 2626 ι
3238 2573 3408 2627 Τοῦτο
3435 2572 3496 2626 δέ
3523 2589 3693 2642 φημι,

2114 2665 2350 2736 ἀδελφοὶ,
2390 2667 2470 2720 ὅτι
2503 2665 2639 2738 σὰρξ
2678 2667 2771 2721 καὶ
2804 2661 2940 2738 αἷμα
2972 2665 3248 2736 βασιλείαν
3269 2663 3402 2718 Θεοῦ
3432 2663 3699 2734 κληρονο-

2116 2758 2285 2832 μῆσαι
2311 2758 2373 2810 ού
2399 2757 2618 2812 δύναται
2643 2759 2753 2829 (57)
2774 2775 2786 2788 ·
2828 2758 2949 2810 οὐδὲ
2980 2760 3013 2828 ἡ
3047 2755 3221 2830 φθορὰ
3247 2756 3346 2827 τὴν
3378 2755 3697 2825 ἀφθαρσίαν

2116 2849 2497 2921 κληρονομεῖ»
2539 2852 2572 2922 ἡ
2602 2850 2711 2924 γὰρ
2743 2850 3009 2922 ἁμαρτία,
3037 2847 3268 2919 «φθορὰ»
3305 2843 3459 2910 οὖσα,
3494 2845 3557 2898 οὐ
3597 2842 3696 2896 δύ-

2115 2926 2274 3000 ναται
2307 2945 2587 2999 κοινωνίαν
2617 2942 2760 3014 ἔχειν
2809 2940 2943 3013 μετὰ
2986 2941 3084 3011 τῆς
3139 2939 3528 3010 ιάφθαρσίαςμ
3568 2938 3696 3008 ἥτις

2115 3038 2234 3090 ἐστὶ
2270 3035 2601 3107 δικαιοσύνη.
2629 3055 2664 3086 ι.
2685 3035 2869 3099 Οὕτως
2900 3036 3136 3106 ἀνόητοι.
3177 3053 3194 3084 ι
3240 3033 3424 3102 φησιν,
3474 3049 3494 3081 ι
3523 3026 3696 3094 to“;

445 3119 644 3172 habere
677 3118 994 3174 societatem
1025 3133 1152 3172 cum
1193 3135 1212 3168 ι
1247 3115 1680 3184 incorruptione,
1723 3132 1742 3165 ι
1779 3129 1902 3183 quae
1932 3121 2013 3181 est

2125 3126 2466 3212 ἐναρξάμενοι
2501 3125 2790 3198 πνεύματι,
2829 3124 2923 3179 νῦν
2952 3124 3115 3197 σαριι)⁸
3152 3120 3443 3178 ὲπιτελεῖτε
3476 3119 3620 3190 (58);
3668 3135 3691 3168 ι

440 3207 675 3274 iustitia.
711 3227 733 3260 ι
764 3209 916 3264 Adeo
946 3209 1125 3274 stulti,
1169 3226 1187 3258 ι
1223 3207 1421 3276 inquit,
1464 3224 1483 3257 ι
1521 3206 1691 3260 estis?
1733 3221 1858 3261 cum
1896 3205 2011 3275 spi-
2052 3205 2084 3220 τ’

443 3299 550 3354 ritu
587 3293 882 3371 emperitis,
910 3315 1056 3368 nunc
1088 3314 1252 3368 carne
1281 3298 1738 3368 consummamiui
1782 3297 1802 3336 ί
1830 3297 1853 3349 ?
1882 3316 1900 3349 ι

1845 3479 2072 3536 CAPUT
2105 3479 2292 3542 XVI“.

446 3619 594 3688 Duas
621 3632 883 3678 extremas
925 3626 1194 3700 opiniones
1233 3639 1343 3700 esse
1364 3622 1614 3700 pitandas
1637 3639 1660 3700 ἦ
1688 3624 1917 3692 primam
1963 3623 2190 3700 illorum
2221 3622 2311 3700 qui
2332 3620 2786 3700 βτααιοιςξεράίο.
2810 3638 2860 3700 a_
2890 3620 3092 3700 nuptiis
3133 3619 3432 3679 abstinent;
3460 3617 3698 3673 alterum

958 3689 1175 3749 illorum
1202 3694 1292 3761 qui
1322 3694 1444 3746 hinc
1487 3689 1816 3748 occasionem
1860 3695 2121 3762 arripiunt
2170 3689 2391 3762 nefariis
2429 3690 2739 3745 libidinibus
2767 3689 3096 3762 indulgendi.

515 3826 793 3882 Justitiam
818 3845 952 3901 ergo
979 3840 1033 3884 et
1059 3832 1250 3886 salutis
1279 3831 1644 3896 harmoniam,
1668 3846 1789 3900 qua:
1815 3838 1900 3885 est
1921 3845 2016 3884 ve-

445 3919 688 3974 neranda
723 3919 1009 3990 firmaque,
1043 3921 1132 3974 alii
1165 3923 1408 3992 quidem,
1437 3931 1493 3976 ut
1517 3922 1859 3977 ostendimus
1881 3960 1894 3984 ,
1936 3921 2019 3975 ni-

446 4011 616 4063 mium
663 4011 1009 4068 intenderunt
1038 4054 1052 4076 ,
1107 4013 1420 4084 blaspheme
1471 4031 1536 4069 ac
1586 4014 1846 4068 maledice
1893 4028 2016 4067 cum

444 4104 640 4171 quavis
681 4104 956 4173 impietate
1004 4107 1363 4176 suscipientes
1407 4105 1837 4171 continentiam;
1892 4103 2017 4159 cuin

445 4194 531 4281 pie
554 4195 740 4250 liceret
766 4197 1101 4262 castitatem,
1137 4215 1261 4268 quae
1285 4199 1586 4255 secundum
1628 4213 1819 4254 sanam
1857 4213 2016 4268 regu-

443 4290 552 4352 lam
579 4288 902 4357 instituitur,
920 4291 1152 4360 eligere;
1177 4291 1382 4361 gratias
1409 4290 1630 4360 quidem
1657 4287 1868 4358 agendo
1893 4303 2018 4357 pro-

448 4388 567 4459 pter
589 4379 769 4435 datam
796 4381 928 4452 ipsis
943 4384 1197 4452 gratiam,
1224 4398 1330 4438 non
1370 4379 1623 4435 habendo
1658 4390 1840 4434 autem
1889 4378 2016 4434 odio

445 4479 773 4538 creaturam,
804 4489 982 4544 neque
1012 4490 1108 4532 eos
1131 4473 1510 4545 aspernando,
1550 4473 1645 4543 qui
1679 4472 1856 4543 juncti
1890 4481 2022 4524 sunt

449 4565 832 4632 matrimonio;
865 4577 950 4622 est
973 4567 1120 4621 enim
1149 4575 1368 4624 creatus
1401 4564 1674 4631 mundus,
1722 4573 1903 4620 creata
1935 4574 2022 4616 est

2189 3831 2300 3901 Τὴν
2325 3829 2668 3900 δικαιοσύνην
2699 3827 2877 3884 τοίνυν
2914 3828 3008 3882 καὶ
3032 3827 3132 3898 τὴν
3160 3824 3425 3898 ἁρμονίαν
3452 3821 3547 3875 τοῦ
3579 3837 3699 3874 σω-

2119 3921 2329 3991 τηρίου,
2365 3919 2566 3990 σεμνὴν
2593 3915 2758 3971 οὖσαν
2789 3918 2880 3970 καὶ
2909 3916 3147 3988 βεϐαίαν,
3178 3916 3225 3967 0i
3260 3913 3358 3983 μὲν
3382 3912 3695 3971 ὲπέτειναν,

2121 4009 2196 4074 ὡς
2227 4004 2576 4080 ἐπεδείξαμεν
2616 4007 2748 4079 (59),
2782 4007 3113 4078 βλασφήμως
3159 4003 3498 4074 ἐκδεχόμενοι
3547 3998 3697 4070 μετὰ

2123 4101 2304 4171 πάσης
2345 4099 2631 4169 ἀθεότητος
2663 4099 2764 4170 τὴν
2786 4096 3111 4168 ἐγκράτειαν
3134 4112 3148 4126 ο
3183 4093 3300 4162 ἐξὸν
3346 4091 3560 4146 ἑλέσθαι
3586 4090 3695 4160 τὴν

2121 4190 2410 4260 εὐνουχίαν
2460 4189 2600 4252 κατὰ
2653 4189 2744 4243 τὸν
2795 4189 2925 4259 ὑγιῆ
2962 4187 3164 4242 κανόνα
3212 4187 3330 4257 μετ’
3365 4181 3692 4246 εὐσεϐείας-

2121 4281 2545 4354 εὐχαριστοῦντα
2594 4281 2704 4353 (60)
2761 4281 2858 4351 μὲν
2886 4282 2978 4334 ἐπὶ
3016 4283 3080 4351 τῇ
3124 4277 3339 4350 δοθείσῃ
3381 4277 3584 4347 χάριτι,
3628 4275 3696 4327 οὐ

2126 4374 2386 4445 μισοῦντα
2414 4373 2471 4428 δὲ
2503 4373 2600 4445 τὴν
2629 4374 2824 4438 κτίσιν,
2866 4373 2984 4426 οὐδὲ
3033 4369 3413 4436 ὲξουθενοῦντα
3445 4369 3569 4431 τοὺς
3597 4383 3699 4435 γε-

2120 4467 2470 4539 γαμηκότας’
2535 4467 2750 4530 κτιστδς
2799 4464 2910 4537 γὰρ
2955 4468 2984 4519 ὁ
3027 4465 3248 4534 κόσμος,
3289 4461 3482 4530 κτιστὴ
3513 4461 3607 4512 καὶ
3659 4461 3698 4530 ἡ

2129 4559 2411 4629 εύνουχία·
2453 4559 2618 4630 ἄμφω
2659 4558 2716 4612 δὲ
2753 4556 3212 4629 εὐχαριστούντων
3253 4557 3310 4608 ὲν
3348 4548 3429 4617 οἷς
3457 4549 3697 4622 ἐτάχθη-

523 4727 582 4784 νχς
617 4719 678 4776 P.
715 4720 820 4776 sco
847 4719 1256 4784 emoneo,
1287 4722 1381 4775 ιῖι
1423 4695 1530 4775 ian.
1563 4718 1786 4773 PARIS.
1846 4729 1870 4758 α
1907 4716 2008 4772 lsa.

2125 4717 2209 4780 .6,
2236 4715 2288 4778 7,
2328 4714 2381 4769 8.
2459 4714 2486 4754 δ
2517 4714 2678 4785 Prov.
2707 4731 2827 4779 xui,
2861 4713 2946 4768 12.
3023 4724 3046 4752 ε
3076 4712 3210 4770 Gen.
3244 4728 3327 4779 nt,
3363 4710 3414 4766 5.
3495 4706 3524 4748 ά
3552 4705 3694 4763 Gen.

447 4805 522 4856 tv,
558 4793 608 4845 1.
689 4802 715 4833 ο
738 4791 759 4845 l
784 4793 911 4846 Cor.
946 4809 1034 4858 xv,
1071 4793 1158 4855 50,
1199 4794 1250 4847 1.
1299 4791 1318 4830 ί
1351 4791 1527 4846 Galat.
1558 4807 1640 4856 ιιι,
1667 4791 1721 4844 5.

447 4950 509 5002 τὸ
536 4949 692 5022 ἄνθος
725 4949 976 5018 ἐξέπεσε,
1005 4952 1066 5003 τὸ
1093 4949 1151 5004 δὲ
1183 4948 1334 5022 ῥῆμα
1369 4947 1463 5015 τοῦ
1502 4943 1825 5022 Θεοκλήμῶν
1865 4942 2013 5012 μένει

2125 4940 2268 5010 quod
2296 4937 2559 5022 llerfettis
2583 4939 2748 4993 etiam
2775 4937 2827 4991 in
2847 4935 3128 5022 versionis
3176 4950 3299 5022 sine
3315 4933 3563 5002 margine
3595 4932 3696 4986 ad-

450 5022 532 5083 είς
557 5021 650 5073 τὸν
675 5022 867 5075 αἰῶνα.

523 5089 633 5164 (54)
673 5091 897 5164 Ἀηδὴς.
925 5089 1236 5164 Haud_scio,
1267 5105 1335 5144 an
1370 5087 1552 5164 verius
1575 5085 1779 5156 ἀειδής,
1810 5093 1869 5138 ιιι
1893 5098 2020 5164 mox

452 5157 722 5228 seuuitur,
752 5157 818 5214 ’τὸ
841 5157 1036 5225 ἁειδές.
1072 5159 1432 5228 Svnnuao._——
1460 5157 1644 5228 Recte,
1683 5171 1806 5228 nam
1843 5157 2018 5228 respif-

451 5225 738 5284 cit'auctor
789 5231 892 5285 lsa.
948 5248 1078 5294 Llll,
1116 5233 1187 5286 ὃς
1225 5231 1296 5282 Τὸ
1320 5225 1459 5291 εἶδος
1484 5227 1646 5281 αὐτοῦ
1697 5227 1889 5295 ἄτιμον
1928 5225 2022 5282 καὶ

453 5301 701 5374 ἐκλεῖπον
730 5302 878 5374 παρὰ
902 5303 1028 5374 τοὺς
1052 5303 1200 5363 υἱοὺς
1225 5302 1342 5374 τῶν.
1363 5298 1682 5374 άνθρώτςων.
1701 5297 1833 5374 Qui};
1857 5297 2018 5350 verba

452 5373 519 5424 de
553 5371 771 5425 Christo
801 5366 1054 5442 explicat,
1084 5387 1208 5426 cum
1255 5371 1378 5424 aliis
1422 5366 1675 5442 Pati-ibus
1702 5405 1718 5429 ,
1767 5366 2020 5442 Clemens

452 5443 616 5523 etiam
665 5435 1113 5523 nosterLfgdog.
1158 5443 1380 5523 libum,
1441 5440 1543 5495 sub
1600 5439 1761 5494 linem
1814 5451 1933 5506 cap.
1966 5435 2018 5500 1,

451 5509 650 5583 Ssrom.
678 5529 740 5580 ιι,
782 5529 832 5583 ρ.
867 5512 970 5566 568
986 5509 1121 5583 edit.
1155 5511 1330 5565 Paris.

523 5582 634 5651 (55)
669 5577 1004 5653 Προρήτης.
1027 5581 1376 5653 Salomonem
1401 5580 1666 5653 designat,
1685 5579 1842 5647 cujus
1861 5577 2022 5630 verba

447 5648 581 5706 sum
606 5648 771 5708 Prov.
790 5648 1047 5717 'xm,‘12.
1077 5648 1346 5706 Eumdcnt
1374 5648 1695 5720 prophetam
1717 5659 1874 5702 vocat
1899 5663 2019 5718 pag.

447 5721 563 5794 471
584 5734 636 5794 et
662 5740 714 5794 p.
739 5725 844 5778 674
869 5725 996 5794 edit.
1018 5721 1458 5794 ,Parts.r_LovV'rn._

527 5788 679 5864 (36f
730 5793 1126 5865 Ἐπισκιάζων.
1161 5864 1172 5868 _
1206 5791 1564 5846 Scribendum
1626 5788 2020 5861 ἐπισκευάζων,

2127 5005 2354 5065 notavit.
2393 5008 2600 5064 Sensus
2628 5017 2749 5064 est:
2787 5027 2806 5058 ι
2844 5007 3121 5064 Christum
3156 5005 3395 5060 noluisse
3441 5018 3693 5069 carnem,

2127 5082 2378 5136 restituta
2406 5080 2458 5134 ei
2483 5079 2738 5145 sanitate,
2760 5078 3078 5132 validiorem
3102 5075 3314 5144 fecisse,
3337 5076 3381 5130 si
3411 5089 3477 5128 ea
3493 5073 3698 5128 anima

2127 5152 2300 5205 hostis
2332 5160 2496 5204 esset.
2549 5168 2568 5202 ι

2200 5220 2621 5344 (5ῖῖιΔέν-αται.
2649 5216 2988 5284 Δύνανται,κι
3023 5216 3148 5273 Cor.
3183 5232 3273 5283 xv,
3299 5214 3389 5279 50,
3421 5213 3571 5285 quod
3618 5211 3690 5268 Δ.

2200 5307 2284 5344 wn
2337 5333 2350 5344 .
2428 5306 2540 5344 rw.

2125 5293 2350 5347 mavult.
2386 5293 2540 5349 SvLe.

2199 5362 2311 5430 (58)
2353 5360 2725 5415 Ἐπιτελεῐτε.
2747 5357 2904 5427 Vulg.
2924 5356 3061 5424 Bibl.
3079 5355 3196 5415 Gal.
3224 5369 3310 5420 ιιι,
3327 5351 3692 5420 ἐπιτελεῖσθε,

2127 5431 2297 5504 forma
2324 5430 2964 5504 deponenti.SanuaG._
3074 5498 3138 5504 __
3204 5497 3218 5504 _
3283 5494 3295 5504 .
3586 5493 3598 5504 _

2198 5503 2310 5571 (59)
2348 5493 2442 5568 ·Ω”ς
2479 5501 2888 5570 ἐπεδείξαμεν.
2927 5497 3166 5568 Respicit
3203 5494 3433 5566 hujusce
3473 5493 3601 5549 libri
3633 5507 3692 5564 p.

2127 5573 2232 5644 ita
2262 5572 2391 5644 edit.
2423 5571 2596 5628 Paris.
2709 5641 2731 5644 _
2922 5636 2958 5644 ,
3068 5636 3132 5644 __
3418 5636 3432 5644 _
3615 5633 3651 5644 ..

2198 5643 2310 5712 (60)
2355 5641 2866 5712 Εὐχαριστοῦντα.
2921 5636 3162 5712 Respicit
3215 5635 3346 5712 illud
3404 5633 3692 5712 qusjoli}

2126 5703 2242 5766 Πάν
2272 5703 2480 5784 κτίσμᾶ
2507 5703 2690 5768 καλὸν.
2722 5753 2733 5766 .
2775 5751 2788 5766 .
2825 5751 2836 5764 .
2873 5710 2987 5780 μετ’
3028 5703 3374 5780 εὐχαριστίας
3416 5703 3692 5774 λαμϐανὸ-

2128 5800 2305 5864 μενον.
