3956 6318
545 363 680 419 1215

1707 359 2092 417 CLEMENTlS
2129 358 2592 416 ALEXANDRIN.‘

3589 369 3700 428 1216

544 483 767 540 temina.
797 482 865 537 Et
893 497 1017 538 cum
1047 498 1170 553 qua:
1195 482 1452 552 deinceps
1479 493 1801 552 sequuntur,
1831 492 1884 538 ct
1912 483 1979 537 de
2011 483 2114 537 fide

2228 499 2274 535 ιε
2303 481 2536 544 πίστεως
2549 479 2656 551 (79)
2690 479 2781 533 καὶ
2805 480 2934 551 περὶ
2959 478 3049 533 τοῦ
3081 479 3278 552 ζητεῖν,
3300 485 3702 560 προσαποπληρώ-

543 581 596 624 et
621 573 686 628 de
706 572 1081 642 inquisitione,
1107 573 1527 639 absolverimus,
1550 588 1727 643 genus
1752 573 2110 644 symbolicum

545 665 916 730 adducemus;
946 674 1003 718 ut
1028 681 1152 720 cum
1179 665 1480 721 orationem
1504 707 1518 731 ,
1545 681 1669 735 quae
1694 666 1760 718 ad
1786 681 1965 720 mores
1993 682 2114 735 pero

548 757 714 822 tinet,
752 757 960 812 cursim
997 756 1469 822 concluserimus,
1515 757 1834 811 summatim
1868 757 2116 812 ostenda-

548 863 706 914 mus,
749 857 952 917 quanta
998 849 1205 904 utilitas
1256 849 1421 904 allata
1472 849 1542 904 sit
1581 848 1784 904 Graecis
1818 865 1846 903 a
1882 849 2114 904 barbara

548 937 916 1008 philosophia.
950 937 1124 1004 Quam
1156 939 1374 1007 quidem
1411 948 1702 1008 postquam
1736 940 1909 994 oculis
1935 939 2117 1009 subje—

549 1045 676 1086 cero
697 1071 714 1095 ,
747 1039 802 1084 et
829 1031 1100 1086 adversus
1133 1030 1350 1086 Grmcos
1381 1041 1434 1086 et
1463 1033 1727 1088 adversus
1756 1031 1974 1088 Iudaeos
2004 1043 2115 1088 tra-

551 1121 711 1184 detur
736 1124 1119 1192 compendiosa
1146 1123 1550 1194 Scripturarum
1584 1125 1873 1194 expositio,
1897 1133 1949 1180 et
1973 1141 2116 1195 qua:-

550 1228 766 1281 cunque
808 1213 861 1266 in
909 1213 1061 1268 libris
1112 1203 1581 1283 praecedentibus,
1627 1231 1748 1283 qua:
1796 1215 2016 1284 quidem
2062 1216 2118 1270 in

552 1305 803 1372 prooemii
850 1304 1096 1374 ingressu
1145 1320 1255 1359 uno
1303 1306 1695 1360 commentario
1736 1306 2120 1362 statuissemus

555 1397 871 1463 absolvere,
916 1398 1010 1451 sed
1055 1407 1274 1466 propter
1315 1413 1498 1452 rerum
1541 1399 1982 1466 multitudinem,
2030 1402 2120 1455 cui

552 1487 867 1541 necessario
894 1489 1238 1543 serviendum
1273 1490 1375 1544 fuit
1398 1531 1412 1551 ,
1440 1507 1546 1544 non
1585 1491 1735 1544 licuit
1767 1490 2123 1559 comprehen-

554 1576 700 1631 dere.
736 1576 865 1631 Post
891 1578 1005 1633 hate
1035 1593 1062 1632 a
1091 1580 1280 1647 nobis,
1315 1582 1494 1650 quoad
1537 1581 1654 1635 ﬁeri
1685 1591 1893 1651 potest,
1939 1572 2121 1635 rerum

556 1669 960 1737 pmpositarum
996 1669 1216 1739 impleta
1247 1672 1635 1736 declaratione,
1664 1688 1785 1742 quae
1810 1673 1880 1732 de
1905 1681 2124 1727 natura-

557 1759 699 1813 libus
744 1758 1024 1828 principiis
1064 1769 1118 1815 et
1157 1776 1188 1814 a
1239 1759 1441 1815 Graecis
1473 1770 1523 1814 et
1556 1761 1623 1815 ab
1665 1761 1786 1816 aliis
1834 1760 2120 1825 barbaris,

2213 591 2424 639 σαντες,
2461 574 2520 627 τὸ
2547 571 2868 644 συμϐολικὸν
2892 569 3030 636 εἶδος
3061 571 3164 644 (80)
3191 573 3601 646 παραθησόμεθα·
3631 581 3698 647 ἶν’,

2211 665 2287 728 ὡς
2332 667 2389 718 ὲν
2437 665 2702 736 ἐπιδρομῇ
2735 665 2826 718 τὸν
2875 664 3060 733 ἠθικὸν
3095 666 3537 737 συμπερανάμενθι
3561 668 3701 740 λόγον,

2213 756 2594 826 κεφαλαιωδῶς
2624 759 3056 830 παραστήσωμεν
3077 756 3173 829 τὴν
3203 761 3278 822 είς
3298 759 3537 831 Ἕλληνας
3560 763 3612 816 ὲκ
3626 766 3704 835 τῆς

2217 848 2492 930 βαρϐάρου
2519 849 2830 919 φιλοσοφίας
2856 848 3181 903 διαδοθεῖσαν
3227 850 3491 920 ὠφέλειαν.
3523 855 3632 908 Μεθ’
3654 858 3704 928 ἦν

2216 940 2560 994 ὑποτύπωσιν
2587 942 2622 1012 ἦ
2646 958 2706 994 τε
2734 939 2869 1012 πρὸς
2892 941 3016 1006 τοὺς
3041 941 3296 1012 Ἕλληνας
3315 943 3451 1013 καὶὴ
3474 945 3586 1014 πρὸς
3610 947 3705 1012 τοὺς

2228 1031 2508 1096 Ἰουδαίους
2537 1034 2658 1086 κατ’
2688 1033 2950 1103 ἐπιτομὴν
2983 1031 3089 1085 τῶν
3109 1033 3332 1103 Γραφῶν
3355 1032 3548 1098 ἐκθεσις
3574 1054 3708 1108 παρα-

2216 1123 2526 1194 δοθήσεται,
2555 1124 2647 1178 καὶ
2676 1123 2774 1176 ὅσα
2802 1123 2859 1175 ἐν
2883 1125 2994 1187 τοῖς
3026 1122 3133 1193 πρὸ
3173 1122 3353 1175 τούτου
3386 1125 3706 1196 Στρωματεῦσι

2219 1214 2358 1269 κατά
2399 1215 2500 1286 τὴν
2544 1213 2636 1267 τοῦ
2675 1213 2958 1288 προοιμίου
3005 1213 3248 1286 εἰσϐολὴν
3295 1216 3349 1267 ἐν
3385 1216 3458 1268 ἐν).
3496 1217 3710 1288 πρώεμὲο

2218 1321 2339 1367 νους
2379 1302 2486 1375 (81)
2529 1301 2834 1356 τελειώσειν
2875 1303 3258 1374 ὑπομνήματι,
3306 1302 3379 1373 τῷ
3425 1305 3591 1375 πλήθει
3629 1307 3709 1359 τῶν

2219 1393 2557 1465 πραγμάτων
2589 1394 2900 1462 ἀναγκαίως
2948 1393 3283 1457 δουλεύσασι,
3325 1395 3602 1467 περιλαϐεῖν
3637 1398 3711 1451 οὐκ

2222 1482 2514 1552 ἐξεγένετο.
2555 1483 2676 1535 Ἐπὶ
2699 1481 2906 1546 τούτοις
2937 1482 3180 1555 ὕστερον,
3207 1483 3555 1557 πληρωθείσης
3580 1486 3711 1550 ὡςὲνι

2225 1572 2453 1644 μάλιστα
2480 1573 2578 1645 τῆς
2607 1573 2746 1627 κατά
2766 1573 2835 1626 τὰ
2855 1574 3190 1646 προκείμενα
3209 1577 3334 1646 ἡμῖν
3362 1575 3711 1643 ύποτυπώσεως,

2223 1666 2289 1719 τά
2321 1666 2447 1736 περὶ
2475 1665 2657 1737 ἀρχῶν
2697 1665 3151 1737 φυσιολογηθέντα
3182 1671 3292 1731 τοῖς
3320 1686 3375 1721 τε
3405 1669 3599 1740 Ἕλλησι
3633 1673 3713 1734 τοῖς

2222 1775 2282 1810 τε
2312 1757 2487 1820 ἄλλοις
2522 1756 2815 1829 βαρϐάροις
2837 1796 2852 1820 ,
2895 1759 3018 1810 ὅσον
3048 1754 3183 1830 ἧκον
3222 1761 3300 1822 είς
3338 1761 3472 1831 ἡμᾶς
3509 1761 3557 1814 αἱ
3588 1760 3714 1828 δόξαι,

557 1858 714 1918 prout
747 1851 811 1904 ad
841 1867 939 1904 nos
976 1860 1344 1920 pervenerunt
1372 1852 1692 1920 opiniones,
1728 1851 1925 1906 tradita
1961 1859 2118 1916 sunt,

2228 1849 2611 1922 ἐξιστορητέον,
2647 1850 2739 1903 καὶ
2770 1850 2908 1921 πρὸς
2939 1849 3005 1903 τὰ
3028 1851 3335 1922 κυριώτατα
3361 1853 3460 1905 τῶν
3489 1856 3583 1916 τοίς
3608 1853 3718 1922 φιλο-

559 1951 772 2010 oportet
810 1957 1137 2008 recensere;
1175 1953 1226 1997 et
1269 1943 1531 1997 adversus
1578 1943 1850 2013 praecipua
1897 1959 2117 2006 eorum,

559 2050 678 2101 quae
707 2041 834 2086 sunt
887 2034 1194 2102 excogitata
1241 2049 1273 2087 a
1321 2034 1693 2104 philosophis,
1733 2034 2120 2104 argumentari.

564 2124 778 2190 Quibus
825 2124 987 2179 fuerit
1044 2141 1388 2195 consequens
1416 2168 1430 2193 ,
1478 2135 1537 2180 ut
1578 2139 1864 2195 p05tquam
1919 2125 2126 2179 theolo-

560 2218 702 2287 giam
735 2219 940 2272 cursim
979 2219 1442 2288 percurrerimus,
1472 2234 1566 2283 ea,
1599 2235 1720 2287 quze
1751 2219 1816 2272 de
1844 2217 2122 2287 prophetia

562 2309 756 2363 tradita
788 2319 947 2372 sunt,
978 2317 1309 2371 tractemus;
1340 2317 1399 2362 ut
1425 2325 1547 2364 cum
1583 2309 1745 2363 etiam
1775 2308 2085 2378 Scripturas
2106 2349 2121 2374 ,

561 2402 762 2472 quibus
791 2401 1157 2466 credidimus,
1193 2402 1399 2456 validas
1431 2417 1495 2455 ac
1530 2410 1678 2456 ratas
1718 2416 1839 2456 esse
1879 2401 2127 2471 omnipo-

561 2493 695 2548 tenti
723 2490 1054 2546 auctoritate
1081 2491 1516 2560 ostenderimus,
1547 2489 1690 2545 serie
1723 2492 1999 2560 possimus
2028 2504 2125 2565 per

563 2584 712 2653 ipsas
745 2583 1030 2653 progredi,
1065 2592 1118 2636 et
1148 2582 1276 2636 hinc
1319 2583 1578 2636 omnibus
1615 2582 1915 2636 ha-resibus
1959 2597 2127 2636 unum

564 2674 734 2728 Deum
765 2675 1067 2739 ostendere“,
1097 2683 1151 2728 et
1181 2674 1470 2728 Dominum
1498 2673 1660 2744 204
1683 2673 2127 2744 omnipotentem,

564 2767 660 2836 qui
689 2781 784 2836 per
818 2767 985 2835 legem
1018 2775 1074 2821 et
1104 2768 1400 2837 prophetas
1429 2777 1483 2820 et
1516 2769 1736 2822 beatum
1765 2768 1926 2822 etiam
1955 2766 2132 2821 Evan-

565 2860 765 2930 gelium
811 2858 913 2913 fuit
956 2859 1167 2914 sincere
1211 2860 1554 2928 prmdicatus.
1601 2859 1764 2913 Multa
1819 2870 1996 2914 autem
2045 2875 2132 2915 se-

565 2966 811 3020 quuntur
867 2949 1025 3004 nobis
1076 2949 1304 3004 dicenda
1357 2951 1620 3007 adversus
1667 2967 1804 3017 eos,
1860 2953 1952 3021 qui
2004 2960 2133 3006 sunt

565 3042 793 3097 diversa:
836 3042 1108 3112 opinionis
1132 3082 1147 3107 ,
1187 3041 1512 3097 conantibus
1548 3058 1610 3097 ea
1650 3043 1705 3097 in
1763 3043 1980 3112 scriptis
2013 3043 2129 3097 dis-

2225 1943 2407 2010 σόφοις
2444 1941 2870 2012 ἐπινενοημένων
2913 1943 3275 2014 ἐγχειρητέον.
3309 1937 3400 2007 Οἷς
3429 1943 3650 2013 ἑπόμενον
3670 1943 3718 1997 ἄν

2223 2032 2329 2103 εἴη,
2351 2030 2484 2102 μετὰ
2515 2031 2611 2102 τὴν
2641 2030 2936 2102 ἐπιδρομὴν
2961 2032 3059 2101 τῆς
3085 2032 3377 2100 θεολογίας,
3407 2033 3469 2086 τὰ
3491 2035 3596 2104 περί
3621 2051 3718 2100 προ-

2225 2121 2448 2193 φητείας
2498 2119 2906 2192 παραδεδομένα
2947 2121 3222 2175 διαλαϐεῖν
3267 2122 3406 2194 (82)⁶
3437 2122 3505 2187 ὡς
3539 2123 3616 2176 καὶ
3645 2121 3716 2187 τὰς

2223 2213 2465 2284 Γραφάς,
2503 2208 2588 2276 αἷς
2617 2213 3077 2285 πεπιστεύκαμεν,
3099 2214 3296 2286 κυρίας
3322 2213 3475 2278 οὔσας
3500 2215 3550 2280 ἐξ
3576 2214 3717 2266 αὐθεν-

2223 2305 2344 2368 τίας
2371 2305 2869 2378 παντοκρατορικῆς
2899 2304 3302 2371 ἐπιδείξαντας,
3337 2306 3560 2376 προϊέναι
3586 2304 3638 2357 δι’
3653 2303 3720 2357 αύ-

2225 2397 2331 2450 τῶν
2361 2397 2536 2469 εἱρμῴ
2561 2398 2837 2476 δύνασθαι,
2862 2400 2954 2451 καὶ
2981 2399 3223 2462 ἁπάσαις
3243 2399 3476 2452 ἐντεῦθεν
3491 2401 3590 2462 ταῖς
3610 2399 3721 2469 αἱρέ-

2230 2505 2395 2554 σεσιν,
2414 2490 2507 2543 ἕνα
2537 2480 2804 2543 δεικνύναι
2833 2489 2984 2554 Θεὸν,
3015 2491 3112 2544 καὶ
3135 2491 3336 2562 Κύριον
3365 2489 3722 2560 παντοκράτορα,

2227 2581 2319 2634 τὸν
2351 2579 2438 2633 διὰ
2472 2581 2637 2652 νόμου
2670 2583 2764 2635 καὶ
2797 2580 3108 2653 προφητῶν,
3149 2582 3283 2655 πρὸς
3307 2582 3361 2634 δὲ
3386 2583 3469 2634 καὶ
3497 2581 3575 2634 τοῦ
3600 2597 3724 2651 μακι-

2233 2673 2345 2743 ρίου
2391 2672 2720 2742 Εύαγγελίου
2762 2674 3000 2744 γνησίως
3032 2674 3454 2746 κεκηρυγμένον.
3494 2671 3654 2725 Πολλαὶ
3683 2671 3723 2723 δὲ

2229 2765 2375 2835 ἡμᾶς
2402 2767 2456 2816 αἱ
2490 2764 2627 2835 πρὸς
2659 2765 2784 2828 τοὺς
2814 2765 3157 2839 ἑτεροδόξους
3182 2767 3508 2838 ἀντιρρήσεις
3535 2765 3723 2834 ἐκδέχον-

2229 2872 2338 2920 ται,
2379 2856 2746 2928 πειρωμένους
2793 2857 2862 2910 τά
2903 2873 2960 2911 τε
3006 2857 3097 2910 ὑπ’
3151 2858 3328 2910 αὐτῶν
3361 2855 3724 2932 προκομιζόμενα

2231 2948 2520 3021 ἐγγράφως
2540 2948 2868 3014 διαλύεσθαι,
2894 2949 3095 3005 πείθειν
3111 2968 3175 3004 τε
3207 2953 3398 3014 αὐτοὺς
3428 2953 3510 3005 καὶ
3530 2950 3722 3010 ἄκοντας,

2232 3041 2298 3094 δι’
2313 3041 2490 3095 αὐτῶν
2522 3041 2838 3113 ἐλέγχοντας
2861 3043 2966 3098 τῶν
2989 3045 3242 3116 Γραφῶν.
3273 3043 3621 3115 Τελειωθείσης
3644 3040 3723 3094 τοί·

565 3134 805 3199 soivere,
837 3149 959 3203 qua:
987 3134 1055 3188 ab
1085 3134 1217 3204 ipsis
1246 3133 1568 3198 all‘eruutur,
1595 3142 1650 3188 et
1679 3134 1762 3188 vel
1791 3134 1974 3190 invitis
2006 3149 2129 3204 per-

2231 3151 2322 3188 νυν
2351 3134 2450 3205 τῆς
2485 3134 2788 3206 προθέσεως
2821 3137 2950 3208 ἡμῖν
2983 3137 3236 3208 ἁπάσης,
3277 3140 3332 3192 ἐν
3363 3132 3439 3201 οἷς
3471 3137 3554 3190 ἐὰν
3576 3134 3722 3204 θελήσῃ

567 3226 824 3291 suadere,
878 3241 973 3295 per
1023 3225 1168 3294 ipsas
1216 3225 1592 3281 convincenda
1633 3224 1963 3296 Scripturas.
2007 3224 2130 3280 Per-

568 3311 710 3367 fecto
764 3312 950 3382 itaque
1003 3313 1161 3366 nobis
1211 3313 1467 3368 universo
1516 3315 1827 3385 proposito,
1863 3331 1984 3370 cum
2013 3315 2128 3385 jam

569 3407 1001 3462 commentarios
1024 3447 1039 3471 ,
1068 3407 1260 3477 quales
1285 3407 1518 3462 voluerit
1559 3407 1830 3478 Spiritus,
1865 3409 1933 3464 ad
1972 3425 2128 3465 usum

569 3501 866 3554 instantem
916 3498 1412 3554 ministraverimus
1468 3499 1760 3569 (quaedam
1813 3502 1959 3556 enim
2007 3510 2134 3558 ante

569 3589 851 3643 veritatem
892 3588 1117 3643 omnino
1157 3589 1370 3658 pra3l'ari
1389 3605 1610 3646 necesse
1652 3593 1810 3663 est),
1849 3601 1980 3651 tunc
2008 3611 2133 3652 vere

572 3674 876 3750 gnosticain
912 3690 1122 3737 natura:
1163 3682 1540 3752 aggrediemur
1581 3687 2092 3757 contemplationem
2115 3729 2131 3755 ,

570 3773 751 3841 parvis
781 3781 908 3826 ante
941 3789 1136 3844 magna
1167 3773 1366 3829 initiati
1404 3776 1663 3847 mysteria
1684 3819 1700 3843 ,
1733 3787 1793 3832 ut
1816 3794 1942 3835 vere
1987 3780 2133 3836 divi-

573 3879 657 3917 nae
685 3878 970 3918 sacrorum
999 3865 1437 3934 interpretationi
1464 3869 1599 3922 nihil
1628 3870 1699 3924 sit
1725 3870 2131 3940 impedimento,

574 3951 727 4020 prius
765 3953 1076 4022 expurgatis
1106 3963 1269 4023 atque
1296 3953 1604 4012 inl‘ormatis
1632 3956 1732 4021 iis,
1759 3972 1881 4027 qua:
1923 3966 2136 4028 oportet

569 4052 694 4097 ante
740 4043 870 4097 sciri
913 4053 966 4098 et
1007 4044 1168 4098 tradi.
1206 4046 1288 4101 Ac
1319 4055 1530 4102 natura:
1570 4048 1790 4118 quidem
1835 4049 2134 4104 secundum

573 4133 819 4189 veritatis
851 4135 1094 4205 regulam
1127 4136 1450 4205 disciplina,
1485 4151 1580 4192 seu
1614 4139 1883 4207 inspectio
1914 4140 2132 4209 potius,

571 4241 697 4294 quae
724 4241 818 4294 per
843 4226 1144 4296 gnosticam
1177 4228 1517 4283 traditionem
1547 4229 1868 4299 acquiritur,
1896 4230 2039 4286 facto
2066 4231 2136 4287 ab

571 4326 696 4371 ortu
729 4316 921 4371 mundi
953 4317 1141 4384 initio,
1175 4319 1302 4374 inde
1335 4318 1404 4374 ad
1449 4335 1633 4375 rerum
1664 4322 1971 4377 divinarum
2004 4338 2136 4378 con-

571 4409 980 4478 templationem
1001 4411 1265 4465 ascendit.
1283 4408 1436 4467 Unde
1459 4427 1646 4468 eorum
1665 4454 1680 4481 ,
1697 4429 1818 4484 qua:
1833 4415 2131 4481 tradentur,

2229 3225 2290 3278 τὸ
2314 3225 2537 3298 Πνεῦμα
2556 3227 2908 3298 ὑπομνήμασι
2951 3229 3088 3303 πρὸς
3105 3230 3208 3303 τὴν
3236 3231 3624 3299 κατεπείγουσαν
3646 3225 3727 3292 ὲξν-

2229 3318 2620 3391 πηρετούμενοι
2685 3321 2875 3393 χρείαν
2921 3320 3108 3394 (πολλὴ
3152 3323 3262 3395 γὰρ
3307 3325 3339 3394 ἡ
3379 3322 3479 3375 τῶν
3523 3319 3726 3390 προλεγο-

2232 3409 2407 3481 μένων
2453 3411 2759 3480 ὀφείλεσθαι
2793 3413 2894 3483 τῆς
2938 3414 3198 3485 ἀληθείας
3237 3415 3345 3487 (85)
3384 3412 3618 3483 ἀνάγκη),
3639 3409 3727 3463 τότε

2229 3503 2293 3575 δὴ
2314 3504 2413 3575 τὴν
2442 3503 2519 3575 τῷ
2543 3505 2654 3559 ϐντι
2679 3506 2983 3578 γνωστικὴν
3009 3509 3358 3578 φυσιολογίαν
3381 3507 3604 3580 μέτειμεν
3629 3500 3726 3574 (84).

2227 3595 2298 3648 τὰ
2334 3595 2502 3666 μικρά
2533 3596 2640 3667 πρὸ
2681 3597 2790 3650 τῶν
2835 3597 3083 3668 μεγάλων
3117 3599 3232 3670 (85)
3270 3598 3547 3671 μυηθέντες
3576 3607 3729 3666 pum,-

2237 3686 2386 3758 ρίων,
2405 3685 2479 3749 ὡς
2505 3685 2668 3756 μηδὲν
2697 3687 2944 3758 ἐμποδὼν
2967 3692 3032 3760 τῇ
3055 3689 3178 3762 θείᾳ
3200 3689 3366 3754 ϐντως
3392 3684 3654 3760 ίεροφαντίᾳ
3671 3681 3731 3750 γί-

2231 3775 2413 3830 νεσθαι
2435 3816 2451 3842 ,
2495 3778 3026 3850 προκεκαθαρμένων
3070 3781 3169 3834 καὶ
3217 3774 3731 3853 προδιατετυπωμένων

2231 3867 2340 3923 τῶν
2389 3868 2983 3942 σιτροῖστορινιθῆναιρκα)¹
3029 3871 3497 3943 προπαραδοθῆναι
3538 3867 3728 3920 δεόντων.

2246 3957 2310 4012 Ἦ
2350 3959 2480 4028 γοῦν
2523 3959 2664 4013 κατά
2694 3960 2784 4014 τὸν
2829 3961 2929 4033 τῆς
2975 3961 3232 4034 ἀληθείας
3270 3961 3460 4015 κανόνα
3491 3953 3732 4029 γνωπικῆς

2208 4050 2586 4122 ,παραδόσεως
2609 4052 2942 4122 φυσιολογία,
2973 4052 3180 4125 ⁴μᾶλλον
3205 4054 3262 4108 δὲ
3289 4052 3559 4115 ἐποπτεία,
3591 4052 3642 4125 ἐκ
3663 4042 3731 4098 τοῦ

2237 4141 2364 4211 περὶ
2407 4141 2762 4212 κοσμογονίας
2797 4143 3027 4215 ἤρτηται
3075 4143 3236 4213 λόγου
3266 4184 3280 4207 ,
3331 4140 3524 4196 ἐνθένδε
3557 4130 3732 4191 ἀναϐαίο

2235 4249 2399 4287 νουσα
2438 4234 2530 4288 ἐπὶ
2566 4235 2628 4288 τὸ
2672 4234 2974 4306 θεολογικδν
3023 4233 3184 4301 εἶδος.
3241 4235 3398 4290 Ὅθεν
3439 4233 3631 4294 εἰκότως
3661 4225 3733 4294 τὴν

2236 4324 2411 4397 ἀρχὴν
2458 4327 2558 4398 τῆς
2608 4327 2984 4400 παραδόσεως,
3035 4328 3164 4382 ἀπὸ
3203 4329 3303 4401 τῆς
3343 4319 3732 4399 προφητευθείσης

2238 4417 2577 4488 ποιησόμεθα
2603 4420 2884 4488 γενέσεως,
2911 4423 2968 4474 ἐν
3002 4421 3159 4493 μέρει
3191 4421 3286 4476 καὶ
3317 4419 3383 4474 τὰ
3415 4418 3514 4472 τῶν
3543 4409 3732 4484 ἑτερθδόο

572 4500 899 4569 principium
942 4516 972 4555 a
1002 4503 1275 4556 creatione
1296 4544 1311 4568 ,
1342 4519 1465 4572 quae
1494 4519 1526 4559 a
1563 4507 1837 4576 prophetis
1863 4507 2130 4578 descripta

2238 4508 2342 4574 ξων
2373 4512 2826 4584 παρατιθέμενοι,
2858 4514 2948 4568 καὶ
2983 4515 3059 4578 ὼς
3091 4509 3204 4568 οἷόν
3235 4531 3294 4567 τε
3339 4513 3460 4583 ἡμῖν
3489 4500 3732 4563 διαλύεσθαι

569 4599 688 4654 εδι,
732 4592 1030 4658 ducemus,
1083 4595 1524 4652 intermiscentes
1572 4614 1963 4669 nonnunquam
2014 4615 2135 4670 quae

571 4684 640 4737 ab
678 4684 780 4751 iis,
809 4686 902 4755 qui
935 4685 1151 4742 diversa
1187 4689 1461 4756 sentiunt,
1497 4689 1774 4756 dicuntur,
1814 4699 1900 4757 et,
1952 4693 2135 4762 quoad

571 4787 602 4826 λ
633 4773 794 4828 nobis
825 4774 944 4829 tlcri
978 4777 1208 4846 poterit,
1233 4778 1613 4833 dissolventcs.
1642 4778 1746 4834 Sed
1772 4781 1888 4836 haec
1914 4782 2134 4850 quidem

571 4878 700 4918 mox
737 4866 1068 4935 scribentur,
1108 4868 1155 4922 si
1187 4866 1330 4922 Deus
1362 4869 1524 4936 velit,
1567 4878 1621 4924 et
1668 4870 2134 4941 quemadmodum

2240 4602 2588 4676 πειρώμενοι.
2627 4605 2783 4659 Ἀλλά
2801 4605 2978 4678 γὰρτὸ
3005 4610 3104 4678 μὲν
3130 4607 3474 4679 γεγράψεται,
3494 4603 3550 4674 ἦν
3568 4597 3673 4659 Θεός
3687 4607 3732 4660 τε

2239 4689 2395 4766 ἐθέλῃ
2421 4734 2436 4758 ,
2492 4696 2585 4750 καὶ¹
2631 4697 2778 4761 ὅπως
2807 4696 2873 4752 ἂν
2911 4699 3119 4772 ἐμπνέῃ
3141 4717 3153 4729 ⁸
3200 4699 3317 4752 νυνὶ
3348 4698 3401 4750 δὲ
3439 4693 3521 4748 ἐπὶ
3551 4691 3602 4744 τὸ
3636 4700 3733 4756 προο

2240 4785 2491 4856 κείμενον
2539 4789 2810 4859 μετιτέον,
2853 4790 2948 4846 καὶ
2994 4791 3086 4844 τὸν
3141 4791 3330 4861 ἠθικὸν
3384 4776 3734 4854 ἀποπληρωτέον

2241 4876 2416 4947 λόγον.

572 4959 662 5014 ille
694 4961 1081 5032 inspiraverit:
1118 4980 1265 5020 nunc
1290 4973 1473 5020 autem
1499 4965 1922 5036 aggrediendum
1944 4977 2029 5024 est
2075 4969 2128 5025 id
2160 5010 2178 5039 ,
2217 4975 2361 5045 quod
2411 4973 2517 5031 fuit
2553 4976 2890 5047 propositum
2911 5018 2927 5046 ,
2965 4985 3020 5035 et
3075 4976 3400 5034 absolvenda
3431 4989 3490 5029 ea
3510 5013 3524 5039 ,
3559 4979 3657 5039 qut
3683 4957 3730 5014 ad

571 5068 750 5110 mores
777 5059 1041 5126 pertinet,
1075 5060 1270 5114 oratio.

643 5155 703 5212 Et
747 5150 809 5204 P.
850 5152 1093 5209 563-564
1128 5153 1236 5210 ΕΙ).
1278 5153 1588 5221 POTTER,
1626 5156 1868 5212 474-475
1906 5156 2015 5214 ΕΙ).
2053 5158 2274 5216 PARIS.

641 5246 931 5374 (ἕθέἓζῖερί
952 5267 1016 5334 τε
1039 5254 1314 5334 πὶσςτεως.
1360 5251 1521 5308 (ῖοιιῖ.
1552 5269 1608 5324 p.
1636 5253 1739 5309 497
1757 5295 1774 5322 ,
1799 5253 1926 5322 500,
1959 5254 2056 5311 521
2083 5266 2138 5312 et

641 5358 642 5365 η
683 5359 697 5374 .
839 5360 854 5374 .
882 5323 1009 5374 edit.
1034 5321 1205 5374 Paris.
1232 5322 1488 5374 GRABIUS.

570 5315 697 5382 525,
729 5315 1009 5384 527,'edit.
1034 5321 1205 5378 Paris.
1232 5315 1488 5378 Caunus.

646 5391 755 5462 (80)
798 5389 866 5444 Τὸ
897 5391 1268 5460 συμϐολικὸν
1297 5389 1476 5459 εἶδος.
1504 5391 1622 5447 Lib.
1651 5410 1704 5448 v.
1750 5392 1916 5450 CMB.

644 5463 1813 5544 (81)Προθειςένριςς.,ιὶοουεκπροθεμένρυς
1837 5465 1936 5544 (sc.
1965 5466 2137 5538 ἡμᾶς)

570 5535 778 5616 regitur
815 5547 846 5586 a
879 5532 1043 5616 verbo
1066 5532 1266 5586 inlinit.
1300 5532 1636 5616 περιλαϐεἴῇ
1670 5533 1772 5589 Ubi
1797 5532 1960 5616 etiam
1985 5532 2134 5604 iiota,

572 5603 813 5658 medium
857 5613 912 5658 et
939 5611 1245 5658 extremum
1293 5603 1560 5674 cujusque
1597 5605 1970 5677 Στρωματέως
2023 5603 2132 5660 non

529 5705 538 5713 -
573 5685 791 5743 seraper
803 5674 1188 5744 propositioni,
1203 5689 1299 5730 seu
1329 5675 1593 5744 prommio
1605 5677 1954 5744 respondere.
1971 5673 2126 5732 San.

643 5742 760 5812 (82)
817 5742 893 5798 Τὰ
915 5743 1050 5814 περὶ
1077 5742 1440 5814 προφητείας
1485 5760 1548 5798 π.
1592 5743 1647 5798 δ.
1682 5742 1762 5803 Ᾱη
1795 5746 1919 5804 hinc
1960 5746 2141 5804 Ἐκλο-

577 5815 672 5882 γαὶ
721 5814 782 5866 ἐκ
805 5829 916 5868 των
944 5813 1326 5887 προφητικῶν;
1357 5814 1610 5872 GBABlUS.

2313 5256 2426 5327 (85)
2470 5255 2592 5312 Τῶν
2641 5257 3089 5327 προλεγομένων
3115 5255 3483 5327 ί-ὀφείλεονθαιέ
3519 5245 3612 5327 τῆς

2242 5312 2439 5382 Procul
2491 5327 2657 5398 dubio
2679 5312 3024 5398 ilegeirdum,
3067 5312 3543 5396 τῶν’προλέγεσθαι

2246 5399 2423 5468 μένων
2450 5398 2551 5468 τῆς
2581 5392 2855 5468 ἀληθείας,
2887 5415 2906 5448 ι
2939 5411 3148 5463 eorum,
3182 5392 3304 5465 qua:
3341 5392 3460 5468 ante
3505 5392 3728 5468 veritatem

2241 5453 2351 5522 dici
2379 5453 2595 5530 debent,
2621 5485 2640 5518 ι
2669 5453 3007 5536 utinterpres
3035 5453 3468 5536 quoqtie_ve_rtit:
3496 5478 3513 5512 ι
3535 5453 3730 5536 quatiant

2237 5537 2381 5592 enim
2418 5545 2543 5592 ante
2575 5537 2854 5592 veritatem
2882 5530 3111 5592 omnino
3137 5530 3350 5606 praefari
3379 5541 3582 5588 necesse
3598 5530 3680 5578 est.
3715 5534 3728 5566 ι

2244 5608 2759 5748 δῖ(ἕξει(Ιῇιὲιτειέιεν.
2787 5674 2945 5731 Conf.
2980 5673 3145 5730 Index
3175 5672 3403 5728 Gnaeus.

2318 5679 2432 5818 (85;
2473 5747 2547 5818 Τὰ
2568 5747 2751 5816 μικρά
2792 5744 3146 5818 «pexi-Ere:
3179 5739 3403 5818 Cani-.5

2318 5739 2430 5816 (85)
2473 5747 2547 5816 Τὰ
2568 5739 2751 5816 μίκρὰ
2792 5745 2909 5815 πρὸ
2939 5744 3055 5816 τῷν
3070 5763 3136 5815 μ.
3179 5739 3556 5816 Ορηίεδινοηι..
3576 5747 3611 5794 t.

2247 5804 2374 5888 277,
2405 5804 2458 5874 et
2485 5804 2686 5873 Str'om:
2713 5832 2787 5884 vr,
2918 5815 3040 5882 582,
3066 5804 3195 5872 edit.
3233 5812 3398 5870 Paris.
3436 5818 3483 5866 et
3500 5804 3732 5860 adnotata.
