3956 6318
465 296 606 352 1225
1593 295 1982 354 CLEMENTIS
2021 332 2030 350 ι

2135 290 2495 352 EXANDRINI
3580 290 3722 346 {29,5

461 421 744 477 versatur,
792 421 846 470 et
899 415 1072 471 tendit
1121 410 1190 470 ad
1222 426 1457 482 terram;
1507 418 1689 473 anima
1737 427 1917 474 autem
1966 418 2030 474 ad

2136 417 2299 488 φόϐον
2341 416 2639 488 ἐδείξαμεν.
2691 416 2755 469 El
2804 415 2914 487 γὰρ
2973 431 2994 466 ι
3062 412 3151 469 διὰ
3208 410 3725 484 νόμου’ἐπίγνωσις

464 503 632 560 Deum
664 506 978 574 extollitur;
1031 523 1152 578 qum
1200 508 1420 579 quidem
1465 523 1561 579 per
1595 525 1778 564 veram
1821 510 2030 564 erudita

2137 510 2430 584 ἁμαρτίας,
2479 526 2500 561 ›
2539 509 2614 574 ὡς
2647 509 2696 562 οἱ
2741 505 3170 579 κατατρέχοντες
3212 504 3303 558 τοῦ
3349 502 3517 574 νόμου
3563 503 3722 572 φασὶ,

459 598 864 668 philosophiam
891 639 906 664 ,
939 601 1218 656 contendit
1240 601 1307 655 ad
1339 616 1468 655 suos
1488 641 1504 667 ,
1538 603 1632 670 qui
1675 616 1837 670 supra
1883 610 2032 667 sunt,

459 703 742 758 cognatos,
771 691 998 746 liberata
1026 693 1272 763 corporis
1298 691 1708 762 cupiditatibus,
1733 701 1788 747 et
1812 701 2036 761 praeter-

459 799 522 837 ea
567 782 752 840 labore
799 794 853 839 et
877 795 1060 849 metu;
1089 800 1403 854 quanquam
1440 783 1507 838 ad
1537 785 1738 839 bonum
1764 784 2036 855 pertinere

459 885 514 930 et
546 877 892 932 tolerantiam
925 885 980 932 et
1002 887 1208 933 metum
1235 877 1593 932 ostendimus.
1630 875 1689 931 Si
1713 877 1858 931 enim
1892 897 1911 929 ι
1939 893 2035 946 per

457 970 631 1042 legem
665 979 749 1026 est
771 970 977 1040 agnitio
1011 970 1213 1040 peccati
1245 981 1303 1035 α,
1356 987 1375 1021 ι
1416 978 1475 1023 ιιι
1513 969 1701 1024 dicunt
1729 969 1821 1038 qui
1860 954 2032 1040 legem

459 1063 826 1128 insectantur,
857 1072 912 1117 et
949 1081 969 1114 ι
1006 1078 1180 1132 usque
1211 1061 1278 1115 ad
1305 1062 1474 1132 legem
1503 1071 1787 1131 peccatum
1833 1061 1935 1118 fuit
1975 1062 2033 1118 in

459 1157 666 1210 mundo
703 1155 762 1210 δε
809 1174 828 1206 ι
867 1155 961 1210 sed
1005 1175 1025 1207 ‹
1068 1157 1187 1211 sine
1246 1155 1361 1223 lege
1415 1163 1692 1208 mortuum
1725 1151 1809 1209 εει
1841 1170 2034 1225 pecca-

458 1259 574 1304 tum
603 1261 624 1289 ε
644 1292 658 1315 ,
690 1268 708 1301 ι
743 1264 844 1304 nos
875 1243 955 1304 eis
977 1256 1169 1302 contra
1224 1246 1559 1302 occinamus.
1607 1245 1666 1300 Si
1698 1247 1844 1300 enim
1873 1246 2034 1301 timo-

457 1343 536 1400 ris
573 1358 796 1398 causam
825 1348 1108 1410 peccatum
1165 1338 1494 1403 abstuleris,
1551 1338 1823 1394 abstulisti
1869 1339 2030 1392 etiam

461 1437 740 1500 timorem;
772 1433 946 1487 multo
971 1440 1155 1486 autem
1199 1430 1373 1502 magis
1414 1430 1768 1500 supplicium,
1808 1446 1934 1486 cum
1981 1432 2032 1486 id

459 1526 715 1592 abfuerit,
763 1541 933 1594 aquo
973 1525 1105 1580 oriri
1137 1525 1274 1579 solet
1300 1523 1764 1593 concupiscentia.
1812 1542 1831 1575 ι
1873 1523 2032 1579 Justo

457 1622 640 1688 enim,
691 1639 709 1671 )
745 1618 1027 1688 Scriptura
1061 1623 1118 1680 >3
1156 1616 1367 1684 inquit,
1411 1633 1430 1666 ι
1482 1615 1564 1669 lex
1615 1630 1724 1669 non
1764 1624 1848 1686 est
1887 1616 2032 1685 posi-

457 1725 513 1770 ta
547 1713 597 1769 ἀ.
641 1734 660 1767 ι
722 1712 958 1768 Pulchre
1000 1726 1129 1780 ergo
1189 1707 1533 1764 Heraclitus:
1580 1726 1599 1758 ι
1646 1707 1909 1773 Justitiae,
1951 1707 2033 1762 in—

459 1810 598 1876 quit,
653 1822 850 1861 nomen
915 1821 1026 1859 non
1067 1803 1368 1867 novissent,
1400 1801 1446 1857 si
1479 1801 1593 1856 haec
1621 1816 1730 1854 non
1763 1808 1966 1856 essent.
2002 1819 2024 1854 ι

460 1900 715 1957 Socrates
749 1908 928 1954 autem
975 1897 1131 1952 dicit:
1181 1915 1201 1946 ι
1233 1894 1431 1965 Legem
1472 1910 1581 1949 non
1618 1893 1788 1949 fuisse
1831 1893 2029 1949 factam

458 2003 682 2068 propter
706 1993 902 2047 bonos.
940 2008 958 2041 ι
994 1988 1100 2043 Sed
1135 2001 1313 2055 neque
1343 1987 1446 2041 hoc
1474 1992 1844 2055 cognoverunt
1867 2000 2030 2040 accu-

458 2084 846 2152 satores,quod
863 2082 993 2138 dicit
1010 2079 1324 2150 Apostolus,
1350 2079 1494 2147 quod
1519 2076 2028 2147 «Quipropinquum

460 2196 619 2235 suum
665 2177 877 2247 diligit,
927 2173 1132 2229 malum
1184 2187 1294 2225 non
1323 2179 1598 2240 operatur.
1636 2189 1654 2221 ι
1688 2169 1823 2223 lllud
1851 2169 2027 2223 enim:

465 2292 483 2324 ι
507 2271 622 2327 Non
649 2270 882 2334 occides,
914 2282 1023 2321 non
1052 2262 1434 2328 mmehaberis,
1462 2277 1570 2315 non
1595 2261 1798 2315 furtum
1830 2260 2028 2326 facies;

455 2374 509 2420 et
550 2366 597 2420 si
638 2363 782 2434 quod
817 2361 889 2416 sit
933 2357 1081 2413 aliud
1115 2363 1466 2426 praeceptum,
1511 2354 1565 2408 in
1614 2354 1716 2408 hoc
1762 2354 1879 2409 solo
1913 2368 2031 2408 ser-

457 2469 620 2510 mone
662 2454 715 2508 in
760 2465 926 2505 unam
962 2447 1124 2502 veluti
1175 2459 1445 2500 summam
1491 2443 1790 2513 redigitur.
1833 2443 2032 2512 Diliges

457 2551 766 2621 proximum
791 2557 943 2602 tuum
981 2547 1120 2601 sicut
1154 2544 1388 2614 teipsum
1426 2552 1472 2596 ε.
1510 2559 1528 2592 ι
1566 2539 1678 2596 [lac
1715 2540 1902 2610 utique
1939 2555 2032 2594 ra-

459 2645 628 2707 tione,
685 2661 702 2694 ι
737 2641 976 2711 Diliges,
1045 2637 1248 2707 inquit,
1323 2634 1612 2691 Dominum
1675 2631 1843 2686 Deum
1877 2639 2031 2686 tuum

462 2752 529 2791 ex
559 2744 673 2791 tolo
700 2731 864 2789 corde
893 2740 1010 2794 tuo,
1043 2738 1097 2786 et
1127 2729 1320 2799 diliges
1352 2728 1664 2798 proximum
1709 2735 1860 2779 tuum
1894 2723 2036 2778 sicut

459 2828 716 2898 teipsum.
764 2842 785 2878 ι
812 2823 966 2890 Quod
1007 2823 1052 2878 si
1084 2822 1176 2890 qui
1206 2840 1225 2873 ι
1260 2821 1572 2892 proximum
1603 2817 1797 2889 diligit,
1828 2816 2032 2870 malum

455 2936 569 2976 non
602 2917 741 2990 agit:
772 2924 826 2971 et
852 2930 1014 2970 omne
1041 2922 1371 2985 praeceptum
1401 2912 1455 2966 in
1484 2912 1590 2967 hoc
1610 2909 1778 2965 veluti
1801 2909 1855 2963 in
1883 2922 2033 2964 com-
2058 2916 2071 2929 °

455 3009 713 3082 pendium
749 3005 1046 3075 redigitur,
1087 3023 1106 3056 ι
1146 3019 1341 3074 nempe
1377 3022 1395 3054 ‹
1452 3001 1508 3056 in
1547 3000 1819 3071 diligendo
1849 2997 2034 3069 proxi-

2135 601 2230 657 καὶ
2282 621 2301 654 ι
2354 601 2482 674 ἄχρι
2521 600 2684 671 νόμου
2735 597 2976 671 ἁμαρτία
3024 592 3090 668 ἦν
3129 597 3186 649 ἐν
3229 594 3448 665 κόσμῳ·
3504 611 3524 644 ι
3587 592 3725 646 ἀλλά

2140 711 2160 746 ι
2205 694 2376 765 χωρὶς
2433 693 2600 764 νόμου
2646 690 2890 762 ἁμαρτία
2931 687 3122 760 νεκρὰ,
3181 705 3201 739 ι
3255 685 3557 756 ἀντᾴδομεν
3610 683 3723 753 (10)

2133 787 2349 850 αὐτοῖς·
2386 787 2514 841 ὅταν
2553 785 2664 856 γὰρ
2699 783 2906 854 ἀφέλῃς
2948 782 3009 835 τὸ
3053 780 3225 834 αἴτιον
3271 775 3367 831 τοῦ
3414 775 3583 846 φόὸου
3625 776 3724 846 τὴν

2133 878 2427 950 ἁμαρτίαν,
2466 877 2684 946 ἀφεῖλες
2710 874 2799 928 τὸν
2833 872 2998 944 φόϐον
3018 890 3032 903 ·
3065 870 3198 925 πολὺ
3229 869 3284 922 δὲ
3315 868 3396 921 ἐτι
3421 867 3534 937 (11)
3570 865 3727 920 κόλα-

2135 987 2240 1034 σιν,
2265 973 2394 1050 ὃταν
2421 973 2534 1041 ἀπῇ
2565 970 2626 1023 τὸ
2654 968 2895 1038 πεφυκὸς
2916 965 3224 1036 ἐπιθυμεῖν.
3252 980 3271 1012 ι
3303 958 3506 1029 Δικαίῳ
3524 958 3637 1028 γὰρ
3662 958 3723 1010 οὐ

2133 1067 2307 1116 κεῖται
2338 1062 2520 1133 νόμος,
2574 1080 2594 1113 ι
2629 1063 2661 1132 ἡ
2697 1059 2888 1132 Γραφὴ
2934 1075 3118 1129 φησιν.
3167 1053 3365 1118 Καλῶς
3414 1049 3509 1106 οῦν
3564 1051 3726 1123 Ἦρα-

2134 1155 2364 1218 κλειτος,
2401 1172 2419 1204 ι
2467 1151 2632 1222 Δίκης
2665 1152 2871 1222 ὄνομα,
2908 1151 3096 1221 φησὶν,
3130 1149 3230 1201 οὐκ
3260 1147 3326 1201 ἂν
3352 1146 3552 1217 ⁴ᾔδεσαν
3584 1143 3723 1214 (12).

2133 1247 2182 1298 εἰ
2223 1245 2396 1298 ταῦτα
2432 1243 2506 1314 μὴ
2540 1238 2661 1312 ἦν’»
2701 1239 3003 1310 Σωκράτης
3039 1238 3119 1301 δὲ,
3161 1238 3363 1307 «νόμον
3399 1236 3564 1288 ἕνεκα
3596 1235 3727 1301 ἀγα-

2134 1335 2241 1388 θῶν
2289 1335 2390 1388 οὐκ
2430 1333 2496 1387 ἂν
2533 1332 2836 1402 γενέσθαι.»
2859 1329 2996 1384 Ἀλλ’
3032 1329 3154 1383 ούδέ
3195 1328 3354 1381 τοῦτο
3389 1326 3641 1396 ἔγνωσαν
3675 1328 3722 1378 οξ

2133 1428 2338 1498 κατήγο
2347 1426 2572 1498 ροι,ὡςξὸ
2587 1423 2908 1487 Ἀπόστολός
2921 1438 3108 1492 φησιν,
3123 1423 3227 1486 ὅτι,
3239 1439 3257 1472 ι
3283 1421 3339 1473 '0
3355 1419 3594 1488 ἀγαπῶν
3608 1419 3723 1485 (15)

2131 1521 2223 1575 τὸν
2253 1519 2502 1590 πλησίον,
2531 1516 2700 1571 κακὸν
2747 1515 2848 1568 οὐκ
2876 1511 3169 1586 ἐργάζεται
3189 1529 3201 1541 ·
3243 1529 3262 1555 ι
3300 1511 3362 1563 τὸ
3396 1509 3541 1579 γὰρ,
3587 1527 3608 1559 ‹
3649 1510 3721 1562 Ού

2133 1611 2432 1682 φονεύσεις,
2471 1611 2532 1662 ού
2595 1605 2922 1680 μοιχεύσεις,
2976 1605 3037 1658 ού
3090 1602 3330 1673 κλέψεις,
3384 1602 3481 1654 καὶ
3540 1600 3600 1652 εἷ
3641 1616 3723 1662 τις

2133 1703 2295 1773 ἐτέρα
2322 1700 2528 1771 ἐντολὴ,
2559 1701 2616 1752 ἐν
2637 1697 2812 1769 τούτῳ
2846 1697 2993 1768 μόνῳ
3011 1691 3505 1761 ἀνακεφαλαιοῦται
3529 1688 3615 1758 τῷ
3640 1688 3725 1742 λό-

2129 1812 2231 1864 γῳ,
2257 1793 2335 1864 τῷ
2361 1833 2377 1859 ,
2416 1791 2751 1862 Ἀγαπήσεις
2777 1789 2870 1842 τὸν
2913 1786 3140 1856 πλησίον
3177 1802 3270 1838 σου
3299 1783 3374 1847 ὡς
3400 1781 3657 1835 σεαυτόν.
3699 1799 3718 1831 ι

2130 1884 2315 1957 Ταύτῃ
2360 1900 2485 1949 που,
2528 1900 2547 1934 ι
2601 1881 2935 1951 Ἀγαπήσεις
2964 1877 3168 1950 Κύριον
3194 1876 3285 1928 τὸν
3316 1875 3448 1928 Θεόν
3475 1891 3598 1934 σου,
3630 1889 3731 1942 φης-

2132 1979 2237 2041 σὶν,
2291 1973 2352 2041 ἐξ
2392 1975 2519 2046 ὅλης
2560 1973 2788 2046 καρδίας
2829 1969 2941 2040 (14)
2985 1985 3110 2022 σου·
3157 1967 3252 2020 κα)⁹
3291 1966 3608 2036 ἀγαπήσεις
3635 1963 3724 2015 τὸν

2129 2067 2356 2138 πλησίον
2394 2084 2486 2120 σου
2524 2064 2600 2129 ὡς
2648 2063 2889 2118 σεαυτόν.
2951 2080 2970 2113 ι
3014 2061 3078 2113 El
3105 2058 3171 2130 δὴ
3223 2077 3242 2110 ι
3289 2059 3320 2110 6
3351 2057 3443 2110 τὸν
3490 2056 3725 2125 πλησίον

2127 2157 2360 2227 ἀγαπῶν
2387 2156 2560 2212 κακὸν
2594 2156 2695 2208 οὐκ
2727 2153 3050 2226 ἐργάζεται,
3099 2170 3117 2202 ι
3162 2148 3258 2203 καὶ
3287 2166 3306 2200 ι
3344 2149 3499 2202 πᾶσα
3528 2146 3725 2218 ἐντολὴ

2130 2250 2189 2302 ἐν
2227 2248 2401 2320 τούτῳ
2447 2243 2959 2316 ἀνακεφαλαιοῦται,
3014 2240 3114 2312 τῷ,
3183 2240 3404 2309 ἀγαπᾷν
3445 2237 3542 2289 τὸν
3588 2234 3729 2306 πλη-

2133 2341 2267 2404 σίον,
2314 2360 2332 2392 ι
2370 2342 2424 2393 αἱ
2457 2339 2549 2392 τὸν
2579 2337 2741 2408 φόϐον
2769 2333 3085 2408 ἐπαρτῶσαι
3121 2332 3333 2388 ἐντολαὶ
3363 2327 3619 2398 ἀγάπην,
3663 2326 3727 2380 οὐ

2135 2436 2288 2505 μῖσος
2299 2430 2782 2494 κατασκευάζουσιο
2797 2427 2990 2482 οὔκουν
3006 2423 3174 2488 πάθος
3189 2421 3304 2487 τοῦ(
3311 2422 3335 2476 1
3345 2421 3398 2491 5)
3415 2418 3590 2490 φόϐου
3604 2435 3729 2486 γεν-

2133 2526 2349 2600 νητικὸς
2390 2527 2418 2579 6
2442 2525 2624 2596 νόμος.
2660 2522 2852 2574 ιὭστε
2877 2521 2906 2574 ὁ
2939 2519 3103 2590 νόμος
3138 2516 3319 2585 ἆγιοςι
3359 2512 3453 2567 καὶ
3485 2510 3570 2582 τῷ
3611 2510 3728 2563 ὄντι

2139 2640 2158 2672 ι
2195 2617 2558 2690 πνευματικός
2587 2617 2722 2680 ἐστι,
2749 2635 2768 2667 ι
2812 2613 2956 2669 κατά
2981 2612 3072 2667 τὸν
3115 2607 3459 2663 Ἀπόστολον.
3501 2607 3601 2659 Δεῖ
3634 2604 3722 2675 δὴ.

2132 2712 2208 2776 ὼς
2233 2711 2398 2774 ἔοικε,
2425 2712 2523 2781 τήν
2558 2726 2622 2778 γε
2650 2706 2743 2761 τοῦ
2780 2705 3031 2778 σώματος
3055 2702 3235 2773 φύσιν,
3280 2700 3373 2754 καὶ
3407 2699 3513 2768 τῆς
3539 2695 3725 2767 ψυχῆς

2132 2805 2320 2860 ούσίαν
2347 2799 3014 2874 πολυπραγμονήσαντας,
3044 2795 3106 2848 τὸ
3142 2791 3404 2863 ἐκατέρου
3435 2789 3597 2852 τέλος
3627 2803 3726 2840 κα-

2131 2894 2483 2959 ταλαϐέσθαι,
2536 2893 2632 2947 καὶ
2677 2890 2752 2964 μὴ
2798 2888 2891 2944 τὸν
2937 2887 3166 2942 θάνατον
3219 2882 3470 2955 ἡγεῖσθαι
3522 2877 3724 2933 κακόν.

2140 3009 2160 3043 ι
2203 2990 2330 3043 Ὅτε
2369 2986 2478 3059 γάρ
2507 2985 2684 3040 δοῦλοι
2719 2979 2819 3054 ἦτε
2843 2982 2942 3053 τῆς
2971 2976 3298 3051 άμαρτίας,ι
3322 2973 3492 3045 φησὶν
3515 2969 3728 3027 613:6-

454 3059 607 3157 ;num
645 3099 690 3163 ί,
729 3117 747 3148 ι
787 3059 1077 3167 praecepta,
1110 3109 1230 3162 quae
1260 3059 1462 3168 metum
1494 3059 1768 3159 injiciunt,
1796 3059 2030 3142 dilectio-

2136 3081 2339 3145 στολος,
2367 3099 2385 3131 ι
2409 3077 2681 3150 ἐλεύθεροι
2715 3071 2812 3147 ἦτε
2833 3076 2899 3145 τῇ
2927 3069 3258 3142 δικαιοσύνῃ.
3301 3066 3436 3119 Τίνα
3460 3059 3559 3118 οῦν
3591 3081 3728 3134 καρ-

2180 3175 2188 3177 μ
2292 3172 2313 3177 --
2507 3170 2517 3177 .
2634 3171 2646 3177 -
2699 3169 2713 3177 ι
2764 3162 2792 3177 ν
2877 3165 2900 3175 ο
2964 3165 2977 3177 α
3179 3160 3190 3174 ο
3295 3159 3381 3177 n,-
3419 3156 3470 3177 _\
3505 3154 3697 3177 --3.__l

456 3208 582 3248 nem
611 3189 850 3262 pariunt,
882 3202 991 3242 non
1024 3185 1204 3240 odium
1235 3183 1462 3238 :vitium
1491 3196 1618 3252 ergo
1650 3195 1758 3234 non
1795 3186 1878 3233 est
1918 3177 2026 3238 lex,

455 3300 522 3341 eo
569 3282 716 3352 quod
759 3281 1010 3336 timorem
1040 3283 1314 3348 procreet.
1372 3292 1392 3326 ι
1436 3272 1615 3340 Quare
1646 3270 1733 3324 lex
1779 3277 1864 3323 est
1905 3283 2031 3321 san-

455 3386 564 3441 cta,
611 3394 629 3425 ι
661 3383 715 3428 et
763 3386 950 3427 revera
982 3388 1001 3421 ι
1037 3368 1298 3440 spiritalis
1334 3368 1390 3428 8,
1448 3383 1476 3416 ι
1499 3378 1566 3417 ex
1595 3360 1861 3417 sententia
1889 3359 2031 3429 Apo-

451 3467 602 3523 stoli.
642 3466 865 3535 Oportet
893 3469 1097 3526 autem,
1127 3467 1186 3514 ut
1213 3467 1298 3513 est
1328 3463 1756 3512 consentaneum
1775 3445 1950 3517 ,‘cum
1979 3457 2033 3504 et

453 3561 701 3631 corporis
743 3566 1028 3620 naturam,
1059 3561 1116 3608 et
1155 3551 1352 3606 anima:
1398 3547 1690 3604 essentiam
1741 3545 2031 3616 diligenter

454 3651 891 3724 inquisierimus,
938 3647 1229 3714 utriusque
1258 3643 1419 3696 ﬁnem
1449 3635 1879 3709 deprehendere,
1929 3647 2031 3687 nec

455 3722 684 3800 mortem
715 3741 918 3795 malum
969 3751 1090 3792 esse
1115 3742 1326 3804 putare.
1366 3749 1385 3782 ι
1439 3728 1668 3796 Quando
1709 3725 1850 3780 enim
1885 3722 2028 3777 servi

452 3839 622 3894 eratis
663 3833 910 3906 peccati,
949 3851 968 3883 ι
1002 3829 1179 3900 inquit
1205 3824 1526 3896 Apostolus,
1578 3839 1597 3872 ι
1645 3819 1802 3874 liberi
1849 3814 2029 3872 fuistis

448 3928 697 4002 justitim.
729 3925 900 3992 Quem
942 3936 1072 3992 ergo
1117 3919 1352 3973 fructum
1384 3924 1515 3970 tunc
1546 3910 1811 3966 habuistis
1838 3924 1900 3964 ex
1936 3907 2025 3970 iis,

452 4000 674 4093 propter
707 4031 829 4088 quze
875 4028 1022 4068 nunc
1059 4007 1414 4067 erubescitis?
1455 4005 1580 4060 finis
1616 4003 1760 4058 enim
1809 4000 2042 4054 illorum,

450 4091 539 4168 est
569 4123 737 4163 mors.
766 4105 922 4160 Nunc
961 4112 1143 4158 autem
1179 4098 1395 4155 liberati
1431 4112 1462 4150 a
1493 4103 1734 4166 peccato,
1778 4091 1888 4147 Deo
1927 4105 2030 4144 au-

453 4212 562 4258 tem
595 4198 735 4254 servi
764 4195 936 4253 effecti
961 4237 975 4258 ,
1016 4188 1495 4257 habetisfructum
1527 4195 1770 4242 vestrum
1816 4183 1869 4236 in
1904 4197 2033 4237 san-

452 4294 877 4354 ctificationcm;
927 4288 1088 4343 finem
1117 4293 1334 4350 autem,
1379 4281 1548 4336 vitam
1597 4287 1874 4333 :eteruam.
1926 4271 2035 4328 Sti—

2135 3175 2236 3228 πὸν
2261 3172 2435 3244 εἴχετε
2459 3170 2603 3235 τότε,
2631 3169 2713 3237 ἐφ’
2735 3162 2816 3230 οἷς
2843 3165 2936 3219 νῦν
2961 3159 3385 3232 ἐπαισχύνεσθε;
3415 3156 3480 3210 τὸ
3504 3157 3622 3227 γὰρ
3642 3154 3728 3207 τέ-

2135 3265 2224 3339 λος
2259 3264 2484 3319 ἐκείνων
2519 3261 2779 3324 Θάνατος·
2822 3256 2916 3312 νῦν
2965 3254 3074 3326 (16)
3122 3254 3215 3339 δὲ,
3254 3247 3726 3321 ἐλευθερωθέντες

2135 3336 2242 3411 ἀπὸ
2285 3357 2382 3427 τῆς
2423 3352 2695 3426 ἁμαρτίας
2715 3391 2730 3416 ,
2779 3347 3138 3409 δουλωθέντες
3184 3336 3240 3397 δὲ
3270 3341 3350 3413 τῷ
3377 3339 3532 3410 Θεῷ,
3566 3338 3726 3408 ἔχετε

2137 3451 2228 3504 τὸν
2263 3448 2474 3520 καρπὸν
2520 3445 2672 3516 ὑμῶν
2703 3446 2783 3507 εἰς
2816 3439 3088 3510 ἁγιασμὸν
3110 3478 3124 3500 ,
3169 3437 3230 3490 τὸ
3267 3435 3325 3488 δὲ
3371 3433 3522 3496 τέλος
3577 3431 3727 3500 ζωὴν

2135 3539 2378 3594 αἰώνιον·
2413 3538 2482 3592 τὰ
2508 3536 2617 3607 γὰρ
2651 3533 2856 3605 ὀψώνια
2883 3533 2982 3603 τῆς
3010 3527 3318 3607 ἁμαρτίας,
3364 3524 3633 3586 θάνατος·
3667 3520 3727 3575 τὸ

2133 3631 2188 3685 δὲ
2219 3632 2461 3702 χάρισμα
2501 3603 2597 3682 τοῦ
2636 3603 2803 3691 Θεοῦ,
2841 3623 2956 3694 ζωὴ
3005 3603 3222 3683 αἰώνιος
3255 3620 3314 3672 ἐν
3345 3613 3576 3687 Χριστῷ
3617 3615 3724 3684 ’1η-

2135 3723 2229 3777 σοῦ
2257 3722 2335 3794 τῷ
2371 3721 2562 3794 Κυρίῳ
2603 3718 2779 3791 ἡμῶν.
2831 3735 2850 3767 ι
2886 3711 3196 3770 Κινδυνεύει
3230 3708 3406 3762 τοίνυν
3446 3705 3726 3774 δεδεῖχθαι

2134 3811 2362 3875 θάνατος
2400 3811 2498 3882 μὲν
2537 3804 2674 3862 εἶναι
2710 3809 2745 3878 ἡ
2783 3807 2842 3859 ἐν
2871 3802 3082 3874 σώματι
3112 3796 3365 3856 κοινωνία
3386 3797 3487 3867 τῆς
3515 3794 3724 3864 ψυχῆς,

2135 3901 2512 3975 ἀμαρτητικῆς
2545 3897 2732 3968 οῦσης,
2777 3895 2890 3967 ζωὴ
2933 3895 2990 3948 δὲ
3025 3896 3054 3947 6
3092 3889 3367 3964 χωρισμὸς
3403 3887 3507 3957 τῆς
3536 3887 3724 3957 ἁμαρ-

2131 3997 2270 4060 τίας.
2307 3993 2499 4048 Πολλοὶ
2539 3992 2596 4045 δὲ
2639 3991 2687 4044 οἱ
2727 3992 2784 4042 ἐν
2820 3987 2948 4040 ποσὶ
2977 3985 3218 4057 χάρακες
3243 3983 3341 4036 καὶ
3369 3979 3577 4049 τάφροι
3619 3977 3720 4045 τῆς

2131 4086 2443 4158 ἐπιθυμίας,
2475 4083 2546 4139 τά
2580 4101 2640 4137 τε
2682 4082 2853 4154 ὀργῆς
2890 4080 2978 4134 καὶ
3011 4077 3183 4151 θυμοῦ
3232 4073 3504 4148 βάραθρα,
3538 4071 3578 4125 ἃ.
3611 4070 3718 4123 δια-

2133 4179 2309 4252 πηδᾷν
2350 4177 2586 4247 ἀνάγκη,
2627 4175 2722 4230 καὶ
2753 4175 2934 4228 πᾶσαν
2968 4168 3301 4240 ἀποφεύγειν
3330 4166 3427 4238 τὴν
3466 4163 3580 4219 τῶν
3606 4165 3719 4216 ἐπι-

2135 4269 2341 4325 ϐουλῶν
2366 4267 2691 4339 ἀνασκευὴν,
2729 4266 2822 4319 τὸν
2854 4263 3052 4336 μηκέτι
3083 4281 3102 4313 ι
3141 4261 3210 4314 δι’
3239 4259 3508 4328 ἐσόπτρου
3533 4255 3650 4326 (17)
3684 4271 3708 4306 ι

452 4387 707 4460 pendium
743 4384 890 4440 enim
916 4379 1121 4452 peccati
1157 4393 1306 4433 mors
1329 4383 1448 4441 est;
1489 4370 1664 4444 gratia
1694 4364 2022 4430 autem‘Dei,

2135 4362 2227 4433 τὴν
2259 4359 2460 4430 γνῶσιν
2489 4358 2581 4412 τοῦ
2617 4355 2749 4410 Θεοῦ
2772 4353 3138 4424 κατοψόμενον
3159 4369 3175 4386 ο

454 4437 562 4536 :ita
599 4489 800 4534 αξιοι-ηε
829 4477 883 4530 in
907 4437 1131 4530 éhristo
1159 4469 1284 4526 Jesu
1319 4437 1548 4521 Domino
1579 4471 1771 4519 nostro
1796 4458 1848 4514 ιι.
1882 4479 1900 4511 ι
1929 4457 2039 4512 Res
2077 4457 2263 4526 itaque
2313 4468 2381 4508 eo
2423 4451 2637 4507 videtur
2679 4464 2801 4504 esse
2857 4444 3085 4501 deducta
3106 4483 3122 4509 ,
3180 4451 3243 4498 ut
3294 4449 3584 4497 ostensum
3618 4437 3710 4492 sit.

453 4585 688 4633 mortem.
707 4573 924 4644 quidem
963 4585 1084 4626 esse
1126 4582 1246 4622 eam
1275 4565 1470 4620 anima:
1510 4577 1634 4616 cum
1677 4570 1905 4626 corpore
1931 4550 2422 4622 'conjunctionem,
2451 4560 2595 4616 qua:
2629 4552 2714 4600 est
2765 4540 2948 4598 dedita
3007 4547 3262 4610 peccato;
3301 4537 3472 4590 vitam
3525 4543 3708 4588 autem

452 4687 484 4727 ε
513 4627 743 4742 peccat;
760 4665 1178 4736 separationem.
1211 4659 1364 4719 Multi
1393 4665 1574 4712 autem
1603 4669 1705 4709 nos
1740 4649 2046 4721 impediunt
2061 4646 2184 4702 valli
2215 4653 2270 4702 et
2299 4643 2466 4698 fossa:
2520 4637 2852 4710 cupiditatis,
2910 4635 3110 4704 iraeque
3155 4641 3210 4688 et
3242 4627 3710 4686 excandescentia

527 4837 586 4895 »Β
621 4827 684 4882 ιδ.
713 4823 817 4881 568
858 4816 1287 4895 EDLPOTTER
1320 4811 1605 4895 aus-47's
1634 4809 1738 4863 ει).

452 4882 595 4956 rita.
627 4915 666 4963 ι,
722 4897 774 4954 9.
919 4905 942 4933 ο
974 4886 1380 4963 nonagies,
1431 4883 1515 4949 I0,
1567 4882 1622 4936 9.

453 4972 481 5012 ιι
512 4960 670 5026 Rom.
697 4985 775 5038 Vl,
799 4962 892 5030 ‘20,
923 4965 1014 5030 Ἥ,
1043 4960 1144 5026 22,
1165 4960 1260 5014 25.

525 5123 639 5196 (10)
674 5121 1040 5244 Ἁντᾴδοέιεν.
1065 5119 1130 5171 A.
1159 5111 1366 5168 mavult
1384 5107 1718 5180 ἀντᾴδωμεν.
1747 5101 2012 5157 SYLBURG.

526 5196 641 5244 (ιιι
668 5193 830 5244 Πολὺ
862 5191 897 5244 δ
955 5191 1060 5244 ἔτι.
1101 5181 1540 5241 Subaudiendum
1573 5175 1793 5244 μᾶλλον,
1825 5178 1920 5226 aut
1942 5171 2012 5224 le-

667 5171 1540 5267 iI-oii;66?”..Subaudiendum
1573 5171 1793 5250 μᾶλλον,
1825 5178 1920 5226 aut
1942 5171 2018 5224 le-

452 5257 685 5339 gendum
715 5262 850 5387 rgo;
881 5261 923 5314 δ’
945 5260 1044 5312 ἔτι.
1069 5257 1226 5311 SvLB.

524 5337 637 5387 (12)
667 5335 746 5387 Ἥ
785 5347 952 5387 suav.
977 5328 1045 5385 Η.
1078 5329 1226 5382 ἔδεισε

550 5314 952 5403 Ε’Ϋῌόεᾶαν,
965 5328 1045 5403 jl.
1078 5329 1306 5382 ἔδεισαν.
1335 5324 1655 5403 metuerent.
1677 5314 1844 5403 ‘SYLB:

554 5380 637 5475 ῖ-Ξὶ
676 5380 1123 5475 iiii-ride:
1174 5411 1312 5475 κιιιρ.
1344 5388 1624 5475 85.30.15‘?
1645 5380 2025 5475 meets?"

448 5451 658 5552 ετὲρξῦ,
690 5451 1246 5552 νόμονπεπλῄρωκε.
1268 5451 1332 5552 ‘1;
1373 5462 1460 5552 int).
1880 5451 2028 5552 3:111;

452 5485 658 5552 ἕτερον,
697 5485 860 5546 νόμον
898 5485 1076 5540 πεπΑη
1113 5485 1246 5521 ωκε.
1279 5485 1332 5516 v.
1373 5485 1460 5516 w.
1495 5485 1540 5512 η
1579 5485 1868 5538 unum“?
1894 5485 2022 5520 mu,—

452 5552 568 5606 σίον
597 5547 764 5604 κακὸν
805 5544 904 5598 οὐκ
935 5485 1241 5612 ἐργάἕεταιί
1388 5533 1440 5587 9.
1479 5529 1553 5582 Οὐ
1602 5521 2022 5612 μοιχευσειςὲρύ

453 5620 753 5690 φονεύσεις,
777 5616 839 5690 ού
863 5592 1098 5690 κλέῷέις,
1121 5609 1180 5690 οὐ
1206 5592 1760 5690 ψευδομαρτυρήσεις,
1785 5594 1896 5690 οῦκ.
1908 5592 2021 5690 Em-

454 5659 517 5742 δυ
527 5659 854 5759 μήσειςῖἰιοιῖ¹
874 5686 924 5738 εί
942 5659 1024 5744 τίς
1249 5659 1466 5759 ἐντολὴξ
1483 5674 1539 5724 ὲν
1559 5659 1744 5759 ’τούτω
1772 5661 1850 5746 τῷ
1877 5659 2019 5728 λόγῳ

454 5721 736 5759 υυμιλυιιξ,
763 5721 854 5740 nun
874 5721 920 5738 5-.
953 5721 1023 5744 νυν
1058 5721 1218 5749 ..υ-(ο-
1250 5721 1300 5728 ν.
1321 5721 1456 5743 --τ-Ἰ,
1488 5721 1527 5724 ,ν
1824 5721 1833 5732 ι
1950 5721 1960 5728 ν
1991 5721 2001 5728 _

453 5757 962 5826 ἀνακεφαλαιοῦται,
993 5754 1050 5804 ἐν
1081 5745 1520 5821 τιξ›,Ἁγαπήσεις
1551 5739 1640 5794 τὸν
1674 5721 1896 5807 πλησίον
1924 5747 2016 5783 σου

1781 4804 2005 4860 PARlS.
2059 4817 2085 4845 α
2113 4802 2269 4856 Rom.
2303 4816 2390 4864 ιιι,
2419 4797 2507 4854 20.
2583 4797 2612 4838 ι’
2648 4795 2807 4850 Rom.
2840 4811 2921 4864 ν,
2949 4792 3032 4846 15.

1770 4877 1790 4917 τ
1851 4877 1983 4930 Luc.
2046 4873 2224 4940 3,27.
2293 4863 2484 4926 Matth.
2534 4883 2670 4934 xx",
2745 4863 2955 4932 37,39.

3136 4800 3159 4827 α
3189 4787 3351 4843 Rom.
3377 4786 3555 4849 vn,6.
3633 4784 3707 4838 δΙ

3071 4863 3096 4902 ε
3127 4859 3288 4914 Rom.
3334 4873 3433 4923 vu,
3491 4857 3585 4922 12,
3622 4857 3703 4910 H.

2119 5098 2196 5162 ὼς
2227 5095 2440 5151 ἑαυτόν.

2192 5168 2301 5238 (14)
2325 5169 2514 5238 Ὄλης
2543 5182 2676 5238 καρ.
2704 5159 2870 5230 Ὅλης
2901 5159 3001 5230 τῆς
3025 5175 3153 5231 καρ.
3183 5155 3443 5238 Evangel.

2195 5223 2310 5309 (15)
2339 5223 2558 5309 ada'éq.
2606 5223 2721 5289 Hoc
2758 5223 3155 5309 supervacuum
3193 5236 3300 5290 est,
3331 5223 3441 5309 nisi
3467 5233 3570 5309 aut
3601 5223 3697 5301 31':

2125 5290 2565 5376 eodg'éotweat
2598 5290 2914 5376 γεννητικός
2956 5299 3224 5370 legamus,
3266 5305 3363 5351 aut
3396 5295 3580 5365 ratio;
3609 5290 3695 5346 τοῦ

2127 5380 2303 5452 cpéiiou
2327 5373 2661 5452 malum“.
2693 5373 2851 5452 Sun.

2226 5449 2314 5510 16)
2339 5443 2488 5502 Νῦν-ζ
2514 5446 2669 5510 Νυνί,
2697 5443 2854 5498 Rom.

2226 5449 2292 5503 16
2339 5449 2485 5502 Νῦν.
2514 5449 2669 5510 Νυνί,
2697 5449 2854 5498 Rom.

2200 5449 2314 5591 (17)
2339 5519 2415 5591 Δι’
2440 5518 2759 5591 ἐσόπτρου.
2792 5510 3033 5591 Respicit
3059 5507 3371 5591 lC0r.xttt,
3409 5505 3478 5561 12

2126 5570 2310 5661 troia—ev,
2331 5570 2588 5661 iapaén
2622 5570 2689 5641 δι’
2711 5570 2986 5661 ’ἐσόπτρου
3016 5582 3074 5636 ἐν
3119 5580 3402 5650 αἰνίγματι
3436 5615 3455 5642 ,
3489 5575 3601 5630 τότε
3639 5570 3694 5625 δὲ

2126 5655 2421 5733 πρόσωπον
2448 5655 2584 5729 πρὸς
2618 5655 2928 5729 πρόσωπον.
