3956 6318
496 299 624 354 li???

1609 299 1990 355 CLEMENTIS

2049 301 2506 357 ALEXANDRINI

3567 305 3701 360 19-28

489 431 572 478 est
613 421 782 476 ﬁdelis
816 437 910 490 per
942 423 1318 487 dilectionem;
1368 421 1596 475 Domino
1648 433 1846 485 autem,
1893 420 2032 491 quod

2141 424 2358 474 πιστόν·
2386 422 2529 491 τῷδ’
2567 417 2630 474 αὖ
2676 419 2861 490 Κυρίῳ
2893 419 2990 490 τὴν
3042 420 3217 473 ἔνθεον
3251 420 3381 489 πρὸς
3425 419 3515 489 τὴν
3563 420 3708 473 δεδα-

492 515 663 582 ipsius
685 513 943 568 doctrina:
972 514 1153 568 divina
1199 511 1555 582 persuadendi
1589 513 1668 566 vis
1697 513 1842 579 insit,
1873 529 1902 566 a
1931 527 2034 582 qua

491 615 556 657 ne
591 613 735 658 metu
772 604 988 673 quidem
1030 604 1220 658 mortis
1257 589 1469 658 deﬁciet
1506 619 1517 652 :
1559 603 1856 672 quinetiam
1897 602 2035 657 facto

485 698 777 751 conﬁrmat
818 698 1096 751 veritatem
1137 694 1555 764 przrdicationis,
1600 702 1869 763 potentem
1912 709 2032 748 eum

484 803 603 843 esse
648 788 958 851 ostendens,
1009 787 1076 841 ad
1105 803 1263 857 quem
1292 786 1582 841 contendit.
1613 785 1822 841 Mireris
1857 793 2035 840 autem

485 881 604 948 ejus
635 879 1007 942 dilectionem,
1049 891 1211 946 quam
1241 877 1398 930 docet
1437 876 1731 940 evidenter,
1776 876 1904 930 dum
1945 892 2036 930 co-

487 979 648 1036 gnato
675 969 890 1037 quidem
920 968 1104 1038 generi
1135 974 1290 1039 grato
1333 967 1514 1020 animo
1554 966 1755 1028 unitur,
1786 975 1840 1020 et
1871 967 2034 1020 etiam

461 1061 723 1128 pretioso
764 1059 1028 1130 sanguine
1069 1058 1216 1127 ipsos
1257 1057 1497 1112 inlideles
1527 1056 1732 1127 pudore
1758 1056 1937 1112 allicit.
1986 1059 2036 1114 ls

483 1166 613 1220 ergo
662 1157 811 1204 metu
857 1159 1073 1218 propter
1117 1158 1440 1218 praiceptum
1487 1149 1718 1203 declinat
1761 1146 2035 1204 Christum

485 1261 714 1315 negare,
765 1253 822 1298 ut
868 1242 1036 1297 metui
1082 1242 1176 1295 ﬁat
1226 1241 1398 1294 testis.
1447 1237 1550 1294 Sed
1602 1255 1775 1309 neque
1819 1250 2036 1309 prOpter

485 1352 634 1407 spem
678 1337 942 1391 donorum
987 1344 1295 1404 paratorum
1335 1333 1493 1388 tidem
1524 1334 1741 1387 vendit:
1785 1332 1878 1387 sed
1909 1348 2034 1402 pro-

483 1437 599 1498 pter
631 1442 785 1481 suam
833 1428 887 1480 in
917 1425 1205 1479 Dominum
1251 1423 1617 1490 dilectionem,
1662 1421 2034 1480 lubentissime

484 1517 586 1569 hac
627 1513 736 1569 vita
793 1513 1128 1578 exsolvetur;
1183 1512 1388 1566 habens
1419 1511 1582 1566 etiam
1612 1511 1859 1582 gratiam,
1908 1525 2032 1566 cum

482 1608 554 1670 ei,
580 1605 673 1676 qui
699 1619 918 1660 causam
962 1603 1194 1674 prtebuit
1225 1603 1352 1658 hinc
1379 1602 1642 1670 exeundi,
1679 1611 1793 1657 tum
1822 1603 1895 1668 ei,
1938 1603 2032 1672 qui

482 1697 584 1768 ipsi
628 1697 846 1750 molitus
892 1704 974 1750 est
1009 1695 1267 1761 insidias;
1323 1695 1466 1765 quod
1517 1695 1697 1751 abhis
1745 1695 2030 1750 honestam

2142 512 2358 565 σκαλίαν
2399 511 2586 576 πειθὼ,
2617 507 2682 582 ἧς
2719 514 2816 564 ούκ
2865 513 3227 582 ἀποστήσεται
3272 510 3498 564 θανάτου
3528 511 3705 584 φόϐῳ·

2139 605 2223 658 ναὶ
2255 603 2356 675 μὴν
2413 604 2503 657 καὶ
2541 603 2631 656 τοῦ
2673 602 3020 675 κηρύγματος
3068 604 3162 674 τὴν
3201 603 3452 674 ἀλήθειαν
3506 603 3708 673 συμϐε-

2138 697 2281 750 ϐαιοῖ
2311 696 2474 767 ἔργῳ,
2505 696 2726 750 δυνατὸν
2763 692 2898 750 εἶναι
2935 696 3148 758 δεικνὺς
3183 694 3273 747 τὸν
3299 696 3432 766 πρὸς
3458 695 3517 748 ὃν
3541 694 3708 748 σπεύ-

2137 787 2214 840 δει
2243 787 2390 840 Θεόν.
2425 787 2742 857 Θαυμάσαις
2767 776 2838 841 ’ἂν
2867 787 2963 858 τὴν
2994 787 3209 857 ἀγάπην
3240 787 3425 849 αὐτοῦ,
3455 787 3523 856 ἣν
3548 789 3709 856 ἐναρ-

2137 880 2246 947 γῶς
2269 880 2503 933 διδάσκει
2552 880 2881 950 εὐχαρίστως
2928 879 3208 950 ἐνούμενος
3256 879 3391 950 πρὸς
3410 879 3470 932 τὸ
3510 895 3707 947 συγγε-

2136 970 2243 1033 νὲς,
2275 971 2333 1022 οὐ
2364 969 2467 1042 μὴν
2490 969 2622 1022 ἀλλὰ
2657 969 2751 1022 καὶ
2777 969 2853 1038 τῷ
2881 969 3044 1039 τιμίῳ
3075 969 3262 1039 αἵματι
3291 971 3414 1032 τοὺς
3447 969 3706 1032 ἀπίστους

2137 1061 2416 1114 δυσωπῶν.
2448 1055 2612 1124 Οὗτος
2644 1056 2734 1115 οὖν
2764 1060 2912 1132 φόϐῳ
2943 1061 3002 1113 τὸ
3033 1060 3305 1132 ἀρνεῖσθαι
3333 1061 3440 1130 (27)
3473 1060 3708 1131 Χριστὸν

2135 1147 2222 1200 διὰ
2261 1146 2356 1218 τὴν
2399 1147 2612 1219 ἐντολὴν
2651 1148 2904 1212 ἐκκλίνει,
2941 1149 3025 1202 ἵνα
3052 1149 3114 1220 δὴ
3142 1149 3289 1220 φόϐῳ
3317 1151 3521 1220 μάρτυς
3546 1149 3707 1220 γένη-

2132 1258 2250 1296 ται·
2297 1242 2358 1294 ού
2395 1243 2500 1314 μὴν
2531 1242 2649 1294 οὐδὲ
2683 1242 2855 1297 ἐλπίδι
2906 1242 3120 1313 δωρεῶν
3160 1243 3568 1314 ἡτοιμασμένων
3613 1261 3705 1296 πι-

2136 1331 2393 1402 πράσκων
2427 1329 2520 1402 τὴν
2537 1331 2734 1396 πίστιν,
2765 1333 2951 1403 ἀγάπη
2972 1332 3028 1384 δέ
3048 1332 3182 1403 πρὸς
3219 1333 3522 1405 τὺνιΚύριον
3537 1335 3711 1405 ἀσμε-

2135 1421 2369 1475 νέστατα
2398 1421 2550 1474 τοῦδε
2607 1422 2702 1475 τοῦ
2753 1422 2869 1493 βίου
2928 1423 3350 1494 ἀπολυθήσεται·
3389 1426 3546 1497 χάριν
3579 1426 3712 1489 ἴσως

2134 1514 2230 1568 καὶ
2257 1514 2333 1584 τῷ
2361 1513 2460 1586 τὴν
2487 1514 2664 1569 αἰτίαν
2702 1515 3098 1587 παρασχομένῳ
3135 1515 3232 1585 τῆς
3260 1514 3467 1574 ἐνθένδε
3507 1516 3710 1582 ἐξόδου,

2134 1607 2227 1662 καὶ
2264 1607 2340 1679 τῷ
2373 1608 2470 1679 τὴν
2515 1607 2803 1679 ἐπιϐουλὴν
2838 1610 3212 1679 τεχνασαμένφ
3260 1608 3536 1678 ἐγνωκὼς,
3578 1611 3716 1682 πρό.

2135 1717 2294 1768 φασιν
2321 1698 2536 1768 εὔλογον
2568 1697 2762 1763 λαϐὼν,
2793 1699 2860 1770 ἢν
2883 1699 2980 1752 οὐκ
3014 1699 3171 1762 αὐτὸς
3205 1698 3492 1770 παρέσχεν,
3519 1697 3714 1750 ἑαυτὸν

482 1789 873 1859 accepitzoe
905 1788 1269 1850 occasionem,
1303 1802 1466 1856 quam
1499 1787 1613 1857 ipse
1643 1801 1747 1841 non
1781 1786 2031 1856 praebuit,

2136 1790 2392 1858 ἐπιδεῖξαι
2439 1791 2497 1854 ὃς
2528 1793 2664 1854 ἐστι,
2709 1789 2784 1860 τῷ
2822 1791 2917 1861 μὲν
2959 1791 3026 1842 δι’
3065 1792 3358 1861 ὑπομονῆς,
3381 1789 3447 1842 δι’
3489 1789 3712 1859 ἀγάπης

482 1881 720 1952 seipsum
768 1880 1084 1935 ostendendi
1130 1879 1380 1950 quisnam
1415 1879 1515 1942 sit;
1563 1879 1639 1934 illi
1684 1878 1902 1949 quidem
1937 1894 2034 1948 per

480 1972 841 2036 tolerantiam,
883 1970 1112 2026 Domino
1151 1985 1280 2025 vero
1313 1985 1406 2039 per
1457 1970 1772 2025 charitatem
1803 1988 1816 2023 :
1849 1974 1906 2032 ›Ι‹
1941 1984 2035 2038 per

481 2081 644 2134 quam
674 2065 838 2120 etiam
873 2074 1162 2134 antequam
1209 2074 1522 2118 nasceretur
1568 2061 1892 2116 manifestus
1920 2071 2035 2116 erat

479 2160 730 2228 Domino,
761 2161 854 2230 qui
898 2159 1164 2228 tuncejus
1197 2159 1532 2228 propositum
1563 2157 1730 2222 novit,
1762 2157 1856 2225 qui
1890 2170 2034 2209 mar-

479 2255 680 2325 tyrium
733 2268 995 2323 passurus
1043 2251 1203 2306 foret.
1244 2249 1395 2305 Bono
1442 2251 1625 2319 itaque
1669 2247 1854 2302 animo
1886 2247 2035 2301 venit

442 2389 446 2392 η
480 2346 547 2400 ad
598 2345 834 2400 amicum
867 2343 1184 2408 Dominum,
1214 2356 1314 2410 pro
1350 2356 1459 2410 quo
1497 2349 1552 2396 et
1599 2353 1820 2409 corpus,
1870 2344 2034 2407 atque

479 2437 665 2501 etiam,
707 2445 767 2489 ut
803 2435 1010 2505 judices
1060 2433 1372 2502 sperabant,
1415 2431 1651 2486 animam
1698 2429 1940 2492 tradidit,
1980 2436 2033 2481 et

478 2537 510 2582 α
546 2528 834 2583 Servatore
864 2534 1073 2589 nostro,
1139 2544 1158 2577 ι
1199 2541 1232 2579 o
1266 2524 1433 2578 frater
1475 2522 1689 2586 dilecte,
1725 2540 1743 2573 ι
1776 2530 1837 2576 ut
1857 2520 2031 2576 dicam

479 2620 720 2690 poetice,
752 2626 987 2687 .propter
1030 2617 1153 2673 vitae
1198 2614 1607 2672 similitudinem
1656 2611 2028 2682 compellatur.

480 2711 588 2767 Nos
614 2707 1391 2766 autemeconsummationemi
1410 2719 1665 2761 vocamus
1691 2703 2030 2774 martyrium,

481 2819 588 2856 non
621 2804 765 2872 quod
809 2799 932 2854 vitae
969 2799 1189 2852 «ﬁnem;
1225 2797 1388 2853 homo
1422 2795 1716 2866 acceperit,
1750 2803 1811 2850 ut
1839 2794 2031 2864 reliqui

478 2894 789 2964 loquuntur,
817 2891 912 2947 sed
944 2889 1087 2962 quod
1121 2888 1446 2959 «perfectum
1471 2902 1536 2944 ac
1559 2893 2025 2942 consummatum»

459 3003 618 3055 «υνυς
645 2985 943 3041 ostenderit
965 2983 1264 3039 cbaritatis.
1289 2979 1596 3048 Quinetiam
1620 2979 1794 3036 Graeci
1816 2993 2033 3048 quoque

2135 1881 2191 1934 δὲ
2222 1881 2426 1953 Κυρίῳ,
2450 1880 2518 1934 δι’
2545 1876 2612 1952 ἦς
2639 1881 2978 1936 ἀνεδείκνυτο
3005 1881 3082 1952 τῷ
3115 1882 3302 1952 Κυρίῳ
3347 1882 3440 1934 καὶ
3476 1880 3586 1952 πρὸ
3613 1881 3712 1950 τῆς

2135 1972 2396 2040 γενέσεως
2434 1973 2534 2045 τὴν
2570 1973 2887 2044 προαίρεσιν
2923 1971 3016 2026 τοῦ
3050 1975 3488 2045 μαρτυρήσαντος
3524 1973 3707 2026 εἰδότι.

2137 2064 2490 2138 Εύθαρσήσας
2535 2066 2713 2120 τοίνυν
2757 2065 2895 2138 πρὶς
2933 2065 3080 2134 φίλον
3107 2065 3197 2118 τὸν
3222 2064 3445 2137 Κύριον,
3476 2063 3620 2135 ὑπὲρ
3649 2060 3712 2118 οὗ

2138 2157 2227 2209 καὶ
2252 2157 2312 2210 τὸ
2339 2157 2499 2228 σῶμα
2528 2157 2668 2212 ἐκὼν
2696 2158 3038 2222 ἐπιδέδωκεν,
3083 2159 3218 2230 πρὸς
3245 2157 3300 2210 δὲ
3343 2157 3436 2212 καὶ⁸
3471 2157 3572 2228 τὴν
3607 2157 3713 2226 ψυ-

2135 2245 2255 2316 χήν,
2282 2244 2358 2309 ὡς
2400 2247 2449 2300 οἱ
2495 2246 2742 2300 δικασταὶ
2783 2249 3218 2320 προσεδόκησαν,
3262 2248 3496 2320 ἔρχεται,
3532 2266 3552 2299 ι
3592 2247 3709 2317 φίλε

2136 2337 2423 2408 κασίγνητε
2463 2356 2480 2390 ι
2519 2339 2815 2409 ποιητικῶς
2861 2357 2924 2408 γε
2990 2339 3101 2412 (28)
3145 2341 3378 2405 ἀκούσας
3431 2341 3569 2413 πρὸς
3616 2341 3708 2394 τοῦ

2135 2427 2384 2498 Σωτῆρος
2409 2429 2584 2500 ήμῶν,
2611 2430 2700 2486 διὰ
2736 2432 2833 2502 τὴν
2873 2431 2966 2484 τοῦ
2994 2431 3109 2502 βίου
3151 2432 3457 2502 ὁμοιότητα.
3502 2431 3712 2484 Αὐτίκα

2141 2539 2158 2571 ι
2193 2520 2468 2575 τελείωσιν
2491 2540 2510 2573 ι
2530 2521 2590 2574 τὸ
2607 2523 2902 2594 μαρτύριον
2924 2525 3214 2596 καλοῦμεν,
3243 2525 3339 2597 οὐχ
3362 2526 3442 2578 ὅτι
3469 2543 3488 2576 ι
3509 2524 3668 2588 τέλος
3687 2543 3706 2575 ι

2132 2611 2226 2664 τοῦ
2256 2611 2370 2681 βίου
2407 2613 2436 2665 ό
2480 2612 2764 2683 ἅνθρωπος
2809 2613 3016 2678 ἐλαϐεν,
3051 2616 3128 2679 ὡς
3165 2617 3213 2668 οἱ
3255 2615 3450 2682 λοιποὶ,
3481 2615 3599 2668 ἀλλ’
3632 2617 3712 2668 ὅτι

2140 2721 2158 2753 ι
2190 2702 2390 2756 τέλειον
2427 2723 2447 2755 ι
2475 2703 2630 2774 ἔργον
2662 2704 2884 2777 ἀγάπης
2921 2705 3244 2772 ἐνεδείξατο·
3291 2708 3380 2761 καὶ
3406 2709 3454 2760 οἱ
3490 2708 3713 2762 παλαιοὶ

2132 2794 2188 2846 δὲ
2237 2795 2342 2850 τῶν
2383 2798 2512 2868 παρ’
2541 2797 2783 2868 Ἕλλησι,
2826 2796 2934 2851 τῶν
2973 2799 3030 2851 ἐν
3071 2797 3292 2869 πολέμῳ
3344 2798 3712 2852 ἐπιθανόντων

2132 2887 2228 2958 τὴν
2254 2888 2509 2959 τελευτὴν
2537 2889 2845 2943 ἐπαινοῦσιν
2883 2889 3014 2960 (29),
3052 2891 3112 2943 οὐ
3151 2891 3212 2958 τὸ
3251 2890 3435 2961 βιαίως
3468 2890 3680 2961 ἀποθνή
3700 2917 3713 2927 -

2135 2997 2283 3033 σκειν
2312 2979 2778 3051 συμϐουλεύοντες,
2805 2980 2918 3036 ἀλλ’
2944 2981 3024 3034 ὅτι
3051 2983 3079 3034 ό
3102 2981 3242 3034 κατὰ
3273 2980 3505 3052 πόλεμον
3531 2981 3715 3034 τελευο

477 3088 690 3134 Veteres
735 3076 959 3132 laudant
994 3075 1155 3130 ﬁnem
1188 3087 1402 3137 eorum,
1444 3072 1540 3142 qui
1573 3071 1775 3127 mortui
1809 3077 1938 3126 sunt
1977 3069 2031 3124 in

2136 3071 2238 3126 τῶν
2282 3071 2442 3145 ἀδεὴς
2483 3071 2578 3126 τοῦ
2627 3073 2804 3127 θανεῖν
2849 3072 3208 3145 ἀπήλλακται,
3252 3074 3593 3146 ἀποτμηθεὶς
3616 3073 3712 3126 τοῦ

481 3171 639 3236 bello,
674 3184 782 3223 non
828 3165 1043 3237 quidem
1094 3172 1323 3218 mortem
1376 3160 1666 3217 suadentes
1719 3157 2028 3222 violentam,

2136 3135 2411 3235 σώματοςξ
2424 3135 2534 3218 καὶ
2564 3165 2624 3218 οὑ
2670 3135 2966 3237 προκαμὼν
3000 3166 3070 3234 τῇ
3121 3135 3286 3234 ψυχῇ,
3315 3135 3431 3216 οὐδὲ
3457 3135 3714 3234 καταμα-

480 3262 570 3315 sed
612 3260 756 3331 quod
785 3257 877 3329 qui
912 3256 967 3310 in
996 3255 1137 3310 bello
1164 3255 1328 3308 vitam
1357 3253 1504 3318 linit,
1542 3263 1772 3309 mortem
1820 3264 1928 3306 non
1963 3249 2033 3303 ti-

482 3370 636 3410 mens
667 3351 921 3417 recessit;
958 3355 1269 3418 amputatus
1315 3358 1563 3414 corpore,
1599 3357 1722 3398 cum
1755 3356 1856 3396 nec
1880 3341 2032 3412 prius

480 3445 666 3499 animo
689 3443 1048 3504 .laborasset,
1084 3454 1184 3494 nec
1223 3438 1494 3494 emollitus
1521 3442 1683 3500 esset,
1712 3442 1771 3489 ut
1800 3434 1938 3488 solet
1975 3433 2032 3487 in

482 3535 687 3590 morbis
719 3533 964 3589 accidere
1013 3530 1359 3595 hominibus;
1399 3526 1660 3582 recedunt
1708 3522 1854 3578 enim
1903 3521 2034 3577 eﬁ‘e-

482 3625 763 3680 minati-et
800 3623 983 3678 vivere
1022 3622 1334 3694 cupientes;
1369 3627 1424 3674 et
1451 3616 1798 3685 lideoneque
1841 3627 2031 3684 puram

479 3716 734 3771 emittunt
762 3715 1022 3777 animam.
1049 3712 1142 3768 sed
1167 3725 1288 3782 quae
1310 3706 1654 3779 cupiditates,
1691 3703 1853 3759 veluti
1877 3710 2035 3757 notas

479 3807 784 3878 plumbeas,
819 3821 1000 3862 secum
1020 3803 1196 3869 ell‘ert,
1242 3797 1597 3857 nisi-fuerint
1631 3811 1818 3852 eorum
1865 3792 2032 3863 aliqui

480 3901 681 3954 virtute
725 3904 1061 3968 praestantes.
1113 3893 1314 3948 Eorum
1365 3897 1569 3954 autem,
1595 3887 1688 3957 qui
1723 3885 2032 3942 moriuntur

484 3989 535 4041 in
616 3986 755 4040 bello
789 4028 803 4052 ,
890 3982 1135 4040 nonnulli
1199 3997 1320 4036 cum
1403 3976 1792 4048 cupiditatibus
1849 3989 1879 4028 e
1926 3974 2034 4028 vita

478 4086 708 4140 exeunt,
741 4075 882 4145 quod
926 4073 1148 4144 perinde
1197 4081 1282 4126 est
1313 4085 1377 4126 ac
1422 4071 1470 4124 si
1505 4067 1697 4122 morbo
1727 4065 2034 4122 contabue-

479 4178 622 4224 rant.
675 4166 732 4222 Si
771 4175 951 4221 autem
979 4163 1087 4220 Deo
1116 4161 1359 4219 conﬁteri
1398 4161 1470 4216 sit
1505 4157 1852 4229 martyrium,
1884 4172 2035 4226 quas-

477 4275 694 4330 cunque
720 4259 899 4313 anima
935 4271 1069 4328 pure
1104 4270 1228 4311 cum
1261 4252 1536 4324 agnitione
1559 4249 1653 4304 Dei
1680 4249 1845 4304 vitam
1874 4249 2033 4304 insti-

473 4355 583 4406 tuit
607 4362 659 4406 et
686 4349 970 4420 prmeeptis
999 4347 1196 4419 paruit,
1223 4362 1286 4401 ea
1316 4345 1531 4416 quidem
1564 4342 1672 4397 vita
1699 4351 1754 4398 et
1785 4357 2034 4398 sermone

479 4454 563 4499 est
590 4453 814 4514 martyr,
865 4438 1358 4511 quomodocunque
1412 4436 1668 4490 liberetur
1715 4449 1746 4488 a
1775 4449 2030 4503 corpore;

476 4535 638 4590 ﬁdem
664 4535 888 4598 scilicet,
914 4541 1172 4602 tanquam
1198 4528 1535 4598 sanguinem,
1559 4541 1651 4596 per
1679 4535 1847 4579 totam
1868 4525 2032 4579 vitam

473 4635 532 4680 et
557 4625 720 4678 etiam
756 4624 808 4676 in
840 4621 1009 4684 exitu,
1041 4617 1394 4689 profundens.
1441 4615 1559 4670 Jam
1607 4615 1740 4670 dicit
1769 4614 2033 4672 Dominus

477 4719 532 4771 in
559 4714 847 4785 Evangelio
871 4731 934 4766 τι
962 4711 1067 4778 Qui
1097 4709 1377 4780 reliquerit
1409 4718 1634 4779 patrem,
1665 4707 1746 4762 vel
1778 4717 2024 4775 matrem,

549 4858 607 4916 νῙς
641 4849 701 4903 Ρ.
739 4849 844 4905 570
882 4847 988 4904 El).
1023 4844 1316 4910 POTTER,
1351 4842 1454 4898 480
1492 4841 1600 4898 ΕΙ).
1639 4841 1863 4897 PARIS.

545 4987 668 5110 (27g
693 4985 879 5055 Οὗτος
913 4983 1026 5042 οὖν
1068 4987 1318 5066 gemeret)
1342 4985 1434 5052 ἀρ.
1468 4983 1640 5038 Scribi
1670 4985 1858 5054 possit,
1882 4977 2034 5050 οὗτος

545 5078 564 5110 ν
607 5076 636 5110 τ
700 5058 848 5110 φόϐω
887 5058 976 5110 do.
1038 5076 1056 5107 ι
1090 5057 1181 5110 Ille
1231 5065 1395 5110 mitur
1440 5063 1660 5110 promer
1707 5066 2033 5110 praeceptum

469 5055 668 5138 οὖντὸ
700 5058 848 5128 φόϐῳ
887 5058 976 5129 ἀρ.
1038 5076 1056 5107 ι
1090 5057 1181 5110 Ille
1231 5055 1395 5126 igitur
1440 5063 1660 5178 pmpter
1706 5066 2033 5126 praeceptum

470 5130 751 5178 tlhrtstum
785 5129 854 5178 ob
884 5137 1086 5178 metum
1118 5141 1312 5178 negare
1343 5126 1438 5178 dec
1466 5135 1597 5178 mat.
1632 5143 1650 5176 ι
1683 5134 1787 5178 etc.

470 5129 751 5182 Christum
785 5126 854 5181 ob
884 5126 1086 5181 metum
1118 5141 1312 5196 negare
1343 5126 1597 5189 declinat,
1632 5143 1661 5196 »ί
1683 5134 1787 5178 etc.

549 5197 660 5268 (28)
709 5197 1029 5268 Romani);
1054 5213 1138 5251 τε.
1179 5195 1395 5268 Ᾱριὶιιε
1410 5195 1704 5268 ποιητικῶς
1735 5205 1946 5268 γεηξιυι
1975 5197 2034 5268 τέ

477 5265 815 5336 supervacua
851 5277 952 5320 est.
979 5267 1329 5336 Simeonem—7
1352 5265 1652 5336 Ποιητικῶς
1694 5282 1776 5330 τι,
1828 5265 2034 5320 lleinsii

475 5334 628 5391 eteo
659 5336 988 5406 posteriores
1012 5337 1163 5390 editt.
1211 5335 1485 5391 exhibent.
1519 5334 1690 5389 Porro
1720 5336 1860 5392 hanc
1883 5351 2034 5392 com-

477 5408 820 5478 pcllationem
851 5409 1101 5478 superius
1134 5406 1471 5478 Homericam
1505 5406 1734 5478 vocavit.

548 5478 661 5546 (29')
716 5475 1111 5529 Ἐπαινοῦσι-ν.
1166 5476 1510 5544 Quantopere
1555 5475 1756 5530 laudati
1812 5475 2029 5542 fuerint,

520 5552 571 5602 ui
623 5549 676 5600 in
709 5548 863 5602 .bello
907 5547 1314 5609 occubuissent,
1363 5547 1605 5599 declarat
1660 5545 1889 5614 insignis
1942 5547 2034 5601 illa

520 5565 571 5602 ιη
623 5564 676 5600 ιη
709 5563 863 5602 .neuo
907 5563 1314 5609 occubuissent,
1363 5563 1605 5599 uecmrat
1660 5563 1889 5614 ltiStgnls
1942 5563 2032 5601 ina

476 5563 702 5672 gericlis
746 5617 922 5673 oratio
967 5617 1111 5686 apud
1156 5615 1399 5686 Thucyd.
1449 5617 1540 5669 hb.
1593 5631 1650 5682 ιι,
1707 5626 1758 5670 ct
1791 5615 2032 5670 Platonis

473 5688 740 5748 sententia
769 5688 830 5740 in
854 5685 1155 5742 Μεηθὲιεηο.
1187 5685 1253 5739 Β.
1280 5685 1538 5741 ενιιιυιιο.

539 5758 655 5826 (30)
703 5759 925 5826 Ὥσπερ
971 5755 1354 5828 μολυϐδίδας.
1421 5754 1696 5812 Platonem
1762 5756 2026 5813 imitatur.

2135 3253 2430 3318 λακισθεὶς,
2457 3252 2544 3308 οἷα
2583 3256 2710 3327 περὶ
2743 3255 2842 3319 τὰς
2873 3255 3060 3318 νόσους
3100 3254 3396 3324 πάσχουσιν
3426 3254 3476 3305 οἱ
3503 3252 3714 3323 ἀνθρω-

2135 3363 2257 3401 ποι·
2291 3346 2722 3401 ἀπαλλάττονται
2757 3346 2865 3418 γὰρ
2904 3345 3315 3417 θηλυκευόμενοι
3359 3344 3452 3398 καὶ
3499 3342 3711 3415 ἱμειρό-

2139 3453 2283 3507 μενοι
2315 3434 2408 3489 τοῦ
2434 3435 2558 3509 ζῇν·
2594 3435 2682 3490 διά
2710 3436 2883 3490 ταῦτα
2933 3435 3054 3488 οὐδὲ
3095 3434 3336 3511 καθαρὰν
3381 3433 3712 3488 ἀπολύουσιν

2132 3527 2229 3598 τήν
2259 3528 2456 3600 ψυχὴν,
2485 3528 2598 3582 ἀλλ’
2647 3527 2833 3602 ὥσπερ
2875 3527 3188 3602 μολυϐδίδας
3218 3526 3328 3597 (50)
3371 3526 3473 3588 τὰς
3520 3524 3713 3579 ἐπιθυ-

2137 3621 2262 3692 μίας
2297 3620 2413 3691 μεθ⁹
2445 3621 2643 3693 ἐαυτῆς
2671 3621 2992 3694 φερομένην,
3028 3625 3075 3675 εί
3111 3622 3182 3692 μή
3216 3635 3358 3681 τινες
3382 3617 3591 3672 τούτων
3623 3615 3712 3670 ἐλ-

2133 3711 2345 3783 λόγιμοι
2371 3714 2490 3766 κατ’
2519 3714 2717 3785 ἀρετὴν
2746 3713 3049 3783 γεγόνασιν.
3081 3713 3200 3766 Εἰσὶ
3226 3711 3283 3763 δὲ
3320 3711 3412 3764 καὶ
3437 3710 3489 3762 οἶ
3515 3711 3576 3762 ἐν
3611 3725 3712 3761 τεο-

2133 3801 2282 3875 λέμῳ
2333 3805 2447 3875 μετ’
2502 3803 2803 3874 ἐπιθυμιῶν
2851 3805 3309 3874 ἀποθνήσκουσιν,
3360 3802 3513 3856 οὐδὲν
3562 3795 3714 3855 οὗτοι

2131 3893 2495 3966 διαφέροντες,
2521 3897 2567 3949 εί
2608 3895 2699 3949 καὶ
2736 3894 2876 3966 νόσῳ
2911 3895 3386 3966 κατεμαραίνοντο.
3423 3893 3489 3946 El
3526 3893 3714 3949 τοίνυν

2132 3985 2164 4054 ή
2199 3983 2329 4056 πρὸς
2367 3985 2496 4039 Θεὸν
2545 3985 2801 4058 ὁμολογία
2833 3986 3101 4059 μαρτυρία
3127 3986 3260 4048 ἐστὶ,
3290 3986 3438 4038 πᾶσα
3471 3986 3506 4055 ἡ
3538 3984 3715 4038 καθα-

2139 4075 2245 4146 ρῶς
2270 4076 2702 4150 πολιτευσαμένη
2728 4079 2871 4150 ψυχὴ
2903 4082 3016 4150 μετ’
3045 4078 3386 4147 ἐπιγνώσεως
3416 4077 3512 4131 τοῦ
3545 4079 3711 4138 Θεοῦ,

2131 4169 2164 4236 ὴ
2209 4170 2329 4231 ταῖς
2370 4168 2608 4233 ἐντολαῖς
2654 4171 3006 4240 ἐπακηκουῖα,
3047 4169 3255 4242 μάρτυς
3301 4171 3414 4224 ἐστὶ
3464 4171 3562 4224 καί
3613 4171 3715 4241 βίῳ

2134 4261 2226 4315 καὶ
2279 4260 2440 4332 λόγῳ,
2487 4263 2634 4326 ὅπως
2684 4263 2810 4316 ποτὲ
2854 4261 2946 4316 τοῦ
2991 4262 3238 4334 σώματος
3268 4261 3712 4333 ἀπαλλάττηται·

2133 4344 2243 4402 οἷον
2275 4345 2413 4422 αἷμα
2454 4354 2554 4424 τὴν
2587 4354 2766 4408 πίστιν
2797 4353 2900 4408 ἀνά
2938 4354 3026 4408 τὸν
3067 4353 3178 4424 βίον
3206 4355 3438 4417 ἅπαντα,
3473 4354 3618 4426 πρὸς
3658 4357 3717 4412 δὲ

2066 4480 2115 4539 D
2135 4442 2234 4495 καὶ
2269 4442 2367 4514 τὴν
2408 4442 2583 4507 ἔξοδον
2620 4446 2978 4516 προσχέουσα.
3025 4445 3229 4498 Αὐτίκα
3254 4447 3283 4499 ὁ
3310 4445 3516 4518 Κύριος
3526 4447 3718 4530 Μ

3526 4517 3718 4530 “‘-

2140 4535 2476 4613 ξύα-γγελίιξ
2488 4536 2649 4606 φησίν
2669 4554 2681 4566 ·
2705 4539 2832 4602 ι’·ος
2859 4538 2923 4592 ἂν
2953 4539 3249 4613 καταλείψῃ
3274 4540 3504 4610 πατέρα,
3533 4541 3571 4610 ἢ
3611 4557 3719 4610 μη·

2139 4612 2654 4696 ’ῗέ-ρῖξῖῆ-ἇδξλφοὺς,
2682 4646 2698 4678 ι
2719 4633 2810 4682 καὶ
2849 4630 2915 4683 τὰ
2952 4629 3096 4700 ἐξῆς,
3127 4612 3337 4684 «ἕνεκεν
3349 4629 3442 4684 τοῦ
3461 4631 3719 4700 Εύαγτεο

2132 4715 2244 4769 λίου
2294 4718 2387 4772 καὶ
2434 4717 2524 4772 τοῦ
2579 4719 2838 4795 ὀνόματός
2870 4738 2992 4792 μου,
3037 4741 3054 4773 ι
3092 4722 3352 4792 μακάριος
3398 4722 3618 4776 οὑτοσί·
3655 4721 3719 4775 οὐ

2142 4987 2274 5062 Nam
2301 4991 2388 5062 ille
2408 4992 2551 5046 haud
2571 4993 2726 5061 longe
2742 4992 2811 5046 ab
2839 4993 2955 5046 init.
2987 4991 3080 5046 lib.
3099 5007 3172 5062 vn
3189 4989 3263 5044 De
3287 4991 3493 5062 repub..
3513 4989 3716 5062 p.695,

2142 5061 2217 5114 ait
2243 5060 2452 5133 :__Toi'r:e
2513 5060 2690 5133 μέντοι
2735 5063 2801 5114 ,τὸ
2843 5063 2942 5133 τῆς
2995 5061 3246 5133 τοιαύτης
3270 5060 3531 5133 φύσεως,
3559 5065 3615 5133 εί
3653 5065 3723 5116 ἐκ

2142 5130 2328 5194 παιδὸς
2347 5130 2882 5213 εὐθὺςκοπτὸμενον,
2900 5130 3212 5204 ’περιεκόπη
3225 5130 3718 5253 τάῧὶγενέσεως

2143 5200 2407 5253 Ευγγενη.
2439 5201 2624 5253 ὥσπερ
2672 5201 3005 5253 μολυϐδίδας.
3041 5201 3095 5253 αἶ
3137 5201 3233 5253 δὴ.
3272 5201 3328 5253 ἐ⁶
3440 5204 3494 5253 ῖς
3524 5217 3588 5253 τε
3623 5202 3718 5253 καὶ

2143 5200 2407 5274 ξυγγενῆ,
2432 5201 2624 5274 -ὥσπερ
2646 5200 3101 5274 ,μολυϐδίδας’,γαῖᾲ
3137 5200 3494 5274 δῆηὲδωδαίς
3524 5217 3588 5254 τε
3623 5202 3718 5274 καὶ

2141 5270 2247 5323 τῶν
2274 5270 2556 5352 ,τοιούτων
2597 5270 2902 5352 ’ήδοναίςπε
2949 5273 3040 5326 καὶ
3071 5270 3346 5352 ,λιχνείαις
3409 5271 3716 5352 προσφυεέῖς

2136 5342 2479 5414 γιγνόμεναι,
2504 5340 2640 5414 περὶ
2671 5341 2740 5414 τά
2769 5343 2917 5414 κάτω
2958 5340 3249 5414 στρέφουσι
3277 5340 3509 5414 τὴνᾼτῇς
3533 5340 3714 5409 ψυχῆς

2137 5410 2342 5481 ww}:
2374 5411 2431 5466 Si
2468 5413 2536 5466 ab
2567 5410 2669 5466 hoc
2708 5412 2924 5482 ingenio
2963 5410 3149 5482 statim
3192 5427 3222 5464 a
3250 5410 3487 5480 pueritia
3513 5425 3716 5482 ampu-

2137 5491 2338 5546 tentur,
2365 5498 2486 5552 qua:
2528 5491 2656 5536 sunt
2683 5481 3046 5548 generationis
3073 5481 3273 5545 alﬁnia,
3305 5499 3323 5533 ι
3350 5497 3444 5534 ceu
3465 5481 3710 5552 plumbea

2137 5550 2396 5618 pondera,
2438 5571 2454 5602 ι
2509 5568 2631 5621 qua:
2675 5553 3127 5614 .comestionibus,
3158 5559 3214 5606 et
3257 5550 3577 5620 hujusmodi
3611 5564 3711 5621 vo-

2141 5622 2458 5690 luptatibus,
2489 5619 2543 5676 et
2569 5623 2903 5688 libidinibus,
2934 5631 3096 5690 atque
3117 5619 3340 5676 deliciis
3358 5619 3710 5684 inhaerentia.

2140 5692 2334 5762 mentis
2369 5694 2540 5747 aciem
2569 5693 2635 5747 ad
2665 5692 2921 5748 inferiora
2950 5691 3306 5762 detorquent,
3333 5709 3351 5743 ι
3385 5701 3489 5747 etc.
