3956 6318
329 343 472 398 εέἓὶῖ)

1565 337 1938 396 STROMATU
1951 337 1996 390 Μ
2031 335 2158 390 LIB.
2197 333 2285 390 ιν.

3428 352 3448 404 l
3460 350 3566 406 230

333 459 430 529 τὴν
473 457 648 528 ἁπλῆν
689 459 967 528 ἐμφαίνων
1013 458 1334 530 μαρτυρίαν,
1371 457 1504 512 ἀλλά
1542 458 1640 528 τὴν
1673 472 1900 526 γνωστι-

2015 451 2086 506 vel
2115 450 2332 518 l‘ratres,
2381 471 2397 503 ι
2427 461 2479 506 et
2507 469 2627 524 quae
2659 455 2908 528 deinceps
2943 471 3268 530 sequuntur,
3297 483 3312 514 ι
3349 479 3570 538 propter

331 550 454 620 χὴν,
483 551 558 610 ὼς
581 550 722 602 κατά
748 551 837 603 τὴν
869 549 1066 602 κανόνα
1091 549 1184 602 τοῦ
1224 549 1554 618 Εὐαγγελίου
1589 549 1901 602 πολιτευσά-

331 657 512 713 μενον,
545 641 633 694 διὰ
663 641 762 712 τῆς
795 643 927 713 πρὸς
960 643 1046 695 τὸν
1073 643 1272 712 Κύριον
1303 641 1521 712 ἀγάπης
1550 642 1767 712 (γνῶσιν
1794 641 1902 712 γὰρ

332 731 584 800 σημαίνει
615 733 648 802 ἡ
677 731 768 784 τοῦ
815 732 1074 802 ὀνόματος
1109 731 1330 802 εἴδησις,
1367 733 1516 804 καὶὴ
1549 731 1642 786 τοῦ
1673 750 1690 783 ι
1725 733 1894 800 Εὐαγο

329 821 512 889 γελίου
551 841 568 871 ι
602 822 802 890 νόησις,
852 822 964 874 ἀλλ’
1013 823 1074 875 οὐ
1120 822 1278 894 ψιλὴν
1329 823 1424 894 τὴν
1479 823 1898 894 προσηγορίαν)⁹

329 908 612 964 ἀπολιπεῖν
635 909 732 980 μὲν
759 911 912 978 γένος
933 911 992 964 τὸ
1023 913 1302 982 κοσμικόν,
1325 911 1604 964 ἀπολιπεῖν
1637 913 1693 964 δὲ
1721 913 1903 964 οὐσίαν

331 1003 428 1056 καὶ
461 1003 652 1072 κτῆσιν
685 1005 882 1068 πᾶσαν,
917 1004 1004 1057 διὰ
1041 1004 1100 1056 τὺ
1137 1003 1502 1074 ἀπροσπαθῶς
1544 1003 1708 1074 βιοῦν.
1739 1023 1756 1054 ι
1785 1006 1906 1076 Μή-

331 1112 438 1166 τηρ
465 1115 482 1145 ι
498 1096 627 1164 γοῦν
649 1097 680 1166 ὴ
710 1097 905 1166 πατρὶς
941 1097 1031 1149 καὶ
1060 1097 1254 1168 τροφὸς
1276 1097 1668 1168 ἀλληγορεῖται,
1693 1117 1710 1147 ι
1737 1099 1904 1150 πατέ-

335 1203 428 1256 ρες
452 1205 471 1238 ι
491 1187 546 1240 δὲ
561 1189 608 1239 οἱ
631 1187 781 1257 νόμοι
798 1187 906 1258 (51)
929 1190 976 1240 oi
1015 1188 1274 1242 πολιτικοί
1295 1207 1306 1218 ·
1332 1188 1366 1242 ἃ.
1389 1189 1450 1260 δὴ
1469 1190 1796 1262 ὑπεροπτέον
1825 1191 1907 1242 εὐ-

335 1278 602 1352 χαρίστως
625 1280 702 1350 τῷ
726 1280 1080 1352 μεγαλόφρονι
1098 1281 1501 1351 δικαίῳ,’ἐνεκεν
1525 1282 1616 1334 τοῦ
1651 1281 1798 1352 φίλον
1823 1299 1907 1350 γε-

335 1367 518 1422 νέσθαι
539 1367 616 1438 τῷ
633 1367 770 1438 Θεῷ,
798 1369 889 1421 καὶ
909 1373 1086 1440 τυχεῖν
1111 1371 1218 1424 τῶν
1235 1371 1422 1436 δεξιῶν
1449 1371 1628 1443 μερῶν
1646 1373 1736 1425 τοῦ
1758 1373 1908 1441 ἁγιά-

339 1476 541 1528 σματος
563 1460 697 1530 (59.),
728 1461 974 1533 καθάπερ
1001 1463 1094 1515 καὶ
1124 1465 1171 1516 οἱ
1203 1465 1486 1518 ἀπόστολοι
1521 1467 1902 1536 πεποιήκασιν.

339 1547 470 1604 Εἶτα
511 1553 864 1638 ςΗράκλειτος
912 1554 1024 1625 (55)
1080 1555 1176 1625 μέν
1225 1575 1426 1628 φησιν’
1486 1577 1506 1609 t
1552 1558 1907 1630 Ἀρηῖφάτους

339 1644 450 1696 θεοὶ
481 1645 680 1715 τιμῶσι
707 1647 800 1699 καὶ¹
833 1645 1133 1718 ἄνθρωποι·
1169 1668 1186 1700 ι
1231 1650 1324 1703 καὶ
1353 1649 1576 1704 Πλάτων
1599 1651 1708 1718 (54)
1739 1654 1797 1706 ὲν
1831 1651 1907 1721 τῷ

339 1736 574 1807 πέμπτῳ
609 1737 710 1807 τῆς
745 1757 762 1788 ι
792 1737 1068 1803 Πολιτείας
1095 1759 1112 1790 ι
1147 1741 1376 1810 γράφει·
1417 1759 1436 1792 ‹
1459 1743 1578 1794 Τῶν
1605 1743 1660 1796 δὲ
1686 1743 1749 1812 δὴ
1776 1743 1908 1795 ἀπο-

2005 543 2350 614 Evangelium
2383 553 2437 599 et
2467 560 2660 600 nomen
2690 563 2868 602 meum
2903 563 2984 614 φρ
3023 551 3070 606 is
3093 563 3176 608 est
3199 555 3386 612 beatus
3413 577 3426 614 :
3458 575 3568 614 non

2004 640 2233 708 quodvis
2295 640 2608 711 signiﬁcans
2667 645 3022 714 martyrium,
3087 649 3179 703 sed
3237 651 3566 721 gnosticum,

2004 732 2121 801 ejus
2165 748 2357 802 nempe
2390 733 2646 808 hominis,
2694 736 2788 803 qui
2816 752 2937 790 cum
2962 754 3028 792 ex
3061 743 3244 809 regula
3293 741 3570 814 Evangelii

2005 827 2168 879 vitam
2197 827 2385 895 egerit,
2446 837 2664 896 propter
2697 828 3040 886 dilectionem
3077 833 3286 890 Domini
3317 837 3364 904 (‹
3394 840 3574 894 nomi-

2007 919 2092 972 nis
2127 937 2145 970 ι
2177 919 2320 972 enim
2351 925 2490 973 ratio
2520 931 2572 974 et
2604 939 2620 972 ι
2653 921 2950 992 Evangelii,
2988 942 3006 974 ι
3042 941 3274 994 quorum
3303 930 3391 984 hic
3420 945 3574 986 men-

2007 1009 2082 1062 tio
2106 1008 2247 1064 facta
2275 1017 2378 1076 est,
2419 1009 2565 1064 haud
2593 1014 2791 1068 nudam
2829 1015 3266 1084 appellationem,
3319 1023 3411 1076 sed
3441 1039 3576 1092 gno-

2009 1100 2201 1154 sticam
2252 1103 2468 1158 vivendi
2523 1105 2788 1159 rationem
2847 1106 3139 1177 signiﬁcat)
3172 1150 3186 1175 ,
3237 1125 3360 1165 cum
3409 1113 3576 1184 hujus

2008 1189 2196 1242 mundi
2239 1199 2526 1262 cognatos,
2572 1201 2690 1247 tum
2736 1195 2898 1248 etiam
2945 1196 3306 1254 substantiam
3349 1217 3412 1256 ac
3449 1218 3578 1272 pos-

2009 1282 2280 1337 sessiones
2323 1284 2600 1352 relinquit,
2629 1294 2914 1354 propterea
2959 1289 3102 1358 quod
3133 1291 3279 1344 vivat
3313 1293 3446 1347 citra
3487 1294 3574 1348 ni-
3613 1303 3618 1310 '

2010 1373 2178 1426 miam
2203 1375 2270 1429 ad
2297 1391 2360 1430 ea
2386 1376 2749 1432 affectionem.
2785 1377 3020 1434 Proinde
3057 1400 3076 1432 ‹
3105 1390 3279 1438 mater
3299 1403 3317 1434 ι
3355 1384 3574 1454 quidem

2010 1467 2296 1537 allegorice
2329 1469 2506 1522 innuit
2535 1471 2765 1538 patriam
2797 1479 2850 1524 et
2881 1470 3124 1526 altricem
3159 1483 3391 1542 terram;
3435 1495 3454 1526 ι
3475 1491 3574 1545 pa-

2009 1569 2118 1614 tres
2142 1579 2160 1610 ι
2195 1571 2399 1622 autem,
2430 1562 2577 1631 leges
2607 1561 2826 1629 civiles;
2856 1577 2976 1632 qua;
3005 1565 3226 1633 quidem
3260 1567 3343 1620 vir
3370 1568 3574 1636 justus,

2009 1652 2102 1721 qui
2134 1660 2214 1706 est
2268 1653 2449 1722 magni
2492 1653 2800 1724 excelsique
2829 1655 3015 1720 animi,
3045 1656 3419 1714 lubentissime
3447 1676 3580 1716 con--

2009 1750 2249 1797 temnere
2286 1743 2464 1810 debet,
2501 1753 2560 1798 ut
2591 1744 2698 1798 Deo
2731 1745 2824 1800 ﬁat
2863 1745 3096 1810 amicus,
3131 1757 3184 1802 et
3212 1760 3579 1819 consequatur

339 1824 605 1878 θανόντων
634 1827 726 1880 ἐπὶ
759 1829 1068 1899 στρατείας’,
1088 1828 1146 1891 ὃς
1177 1829 1241 1882 ἂν
1272 1829 1632 1901 εὐδοκιμήσας
1663 1831 1906 1902 τελευτή-

2015 1833 2259 1890 ιίεῑιθνοε
2288 1846 2467 1904 partes
2497 1836 2816 1900 sanctuarii,
2849 1842 2907 1900 >I4
2944 1837 3082 1891 sicut
3116 1838 3280 1892 etiam
3331 1839 3582 1896 fecerunt

341 1933 432 1990 σῃ,
467 1914 556 1989 ἆρ’
587 1921 648 1972 οὐ
695 1921 908 1992 πρῶτον
943 1922 1038 1992 μὲν
1071 1923 1313 1992 φήσομεν
1337 1922 1430 1976 τοῦ
1475 1923 1675 1994 χρυσοῦ
1716 1923 1904 1992 γένους

339 2006 515 2076 εἷναι;
561 2011 784 2066 Πάντων
827 2030 888 2081 γε
937 2013 1182 2084 μάλιστα,
1217 2033 1234 2064 ι
1279 2014 1351 2065 Τὸ
1390 2013 1447 2066 δὲ
1489 2015 1719 2085 χρυσοῦν
1751 2015 1905 2083 γένος

339 2104 477 2174 πρὸς
507 2102 646 2157 θεῶν
689 2107 824 2169 ἐστι,
868 2105 975 2158 τῶν
1018 2109 1136 2160 κατ’
1166 2109 1388 2178 οὐρανὸν
1427 2109 1520 2160 καὶ
1557 2107 1654 2178 τὴν
1695 2108 1904 2177 ἀπλανῆ

343 2199 596 2268 σφαῖραν,
625 2197 672 2249 οἳ
715 2199 944 2268 μάλιστα
976 2199 1073 2270 τὴν
1115 2199 1407 2271 ἡγεμονίαν
1443 2199 1623 2269 ἔχουσι
1653 2198 1751 2270 τῆς
1784 2198 1903 2252 κατ’

337 2285 657 2356 ἀνθρώπους
705 2289 975 2358 προνοίας.
1017 2289 1172 2354 Τινὲς
1215 2291 1271 2342 δὲ
1309 2289 1418 2342 τῶν
1457 2288 1766 2361 αίρετικῶν,
1810 2288 1902 2341 τοῦ

337 2378 543 2448 Κυρίου
575 2381 1003 2450 παρακηκοότες,
1034 2381 1244 2444 ἀσεϐῶς
1270 2381 1384 2452 ἅμα
1419 2383 1512 2434 καὶ
1543 2381 1730 2445 δειλῶς
1758 2380 1905 2450 φιλο-

337 2469 558 2534 ζωοῦσι,
593 2473 894 2544 μαρτυρίαν
919 2472 1161 2540 λέγοντες
1190 2473 1364 2543 ἀληθῆ
1407 2471 1544 2528 εἶναι
1572 2473 1668 2544 τὴν
1697 2472 1790 2526 τοῦ
1819 2472 1904 2526 δν-

333 2577 445 2626 τως
469 2563 619 2627 ὄντος
651 2565 850 2632 γνῶσιν
880 2566 1012 2619 Θεοῦ
1051 2567 1160 2636 (55)
1217 2568 1372 2640 (ὅπερ
1401 2568 1492 2620 καὶ
1525 2569 1683 2638 ἡμεῖς
1717 2566 1906 2636 ὁμολο-

337 2655 596 2725 γοῦμεν),
625 2656 788 2725 φονέα
817 2657 874 2709 δὲ
907 2655 1042 2711 εἷναι
1071 2657 1228 2713 αὐτὸν
1255 2658 1466 2721 ἑαυτοῦ,
1497 2659 1586 2710 καὶ
1620 2657 1900 2728 αὐθέντην,

335 2748 428 2800 τὸν
449 2747 536 2802 διὰ
567 2749 794 2804 θανάτου
821 2749 1223 2821 ὁμολογήσαντα
1242 2769 1256 2782 ·
1289 2752 1382 2804 καὶ
1407 2751 1537 2804 ἄλλα
1561 2750 1779 2804 τοιαῦτα
1799 2751 1904 2804 δει-

337 2837 460 2902 λίας
489 2839 796 2909 σοφίσματα
819 2841 898 2903 εἰς
933 2841 1093 2911 μέσον
1123 2842 1423 2912 κομίζουσι.
1459 2841 1601 2912 Πρὸς
1629 2839 1721 2904 οὒς
1757 2841 1904 2912 εἰρή-

339 2946 516 2996 σεται,
545 2933 742 2986 ὁπόταν
779 2932 968 3002 καιρὸς
1021 2934 1252 3004 ἀπαιτῇ·
1281 2933 1618 3004 διαφέρονται
1646 2933 1754 3005 γὰρ
1776 2935 1904 3004 ἡμῖν

2016 1923 2270 1991 apostoli.
2307 1923 2510 1978 Deinde
2542 1925 2673 1979 dicit
2697 1925 2915 1994 quidem
2957 1921 3260 1979 Heraclitus
3293 1945 3306 1980 :
3349 1945 3368 1978 ι
3403 1927 3576 1982 Marte

2004 2028 2174 2070 caesos
2202 2015 2274 2069 dii
2305 2015 2574 2070 honorant
2609 2026 2657 2072 ct
2687 2017 2954 2070 homines.
2995 2035 3014 2066 ›
3079 2016 3140 2072 Et
3168 2017 3360 2072 scribit
3418 2017 3576 2073 Plato

2005 2103 2058 2155 in
2088 2104 2280 2170 quinto
2309 2104 2380 2157 De
2411 2104 2674 2174 republica
2703 2121 2722 2156 :
2757 2123 2774 2154 ι
2805 2103 2941 2158 Eum
2970 2117 3173 2170 autem,
3222 2106 3315 2174 qui
3347 2105 3402 2158 in
3433 2105 3576 2160 bello

2005 2205 2254 2250 mortuus
2281 2195 2461 2261 fuerit,
2492 2206 2782 2266 postquam
2815 2195 3070 2264 pmclare
3102 2211 3162 2250 se
3197 2195 3446 2262 gesserit,
3477 2210 3578 2249 an-

2007 2307 2113 2346 non
2143 2290 2376 2358 primum
2405 2289 2624 2358 quidem
2653 2289 2896 2344 dicemus
2923 2303 3046 2343 eum
3075 2303 3196 2343 esse
3229 2289 3382 2344 aurei
3417 2303 3584 2358 gene-

2003 2383 2132 2440 ris?
2178 2381 2434 2436 Omnium
2493 2382 2744 2435 maxime.
2789 2401 2806 2430 ι
2871 2382 3110 2435 Aureum
3158 2389 3338 2436 autem
3403 2396 3578 2450 genus

2004 2493 2134 2533 cum
2162 2476 2268 2532 illis
2298 2475 2403 2529 diis
2429 2485 2697 2539 versatur,
2726 2474 2818 2542 qui
2840 2472 3036 2528 suntin
3067 2471 3272 2528 eteloet
3298 2475 3350 2528 in
3370 2475 3582 2543 sphzera

2003 2573 2298 2638 inerrante,
2331 2571 2424 2642 qui
2455 2571 2690 2624 maxime
2717 2569 3078 2638 principatum
3111 2569 3360 2624 obtinent
3389 2569 3584 2624 huma-

2005 2681 2090 2721 nae
2113 2665 2482 2735 providentiae.
2535 2662 2766 2728 Quidam
2795 2670 2974 2715 autem
3019 2677 3082 2716 ex
3134 2661 3429 2724 haereticis,
3453 2677 3580 2716 cum

2005 2758 2146 2812 male
2198 2755 2488 2810 Dominum
2521 2753 2906 2816 intellexerint,
2935 2752 3098 2822 impie
3127 2753 3290 2808 simul
3319 2763 3371 2807 et
3393 2753 3580 2808 timide

2005 2850 2128 2904 vitae
2145 2857 2396 2902 tenentur
2419 2846 2736 2914 cupiditate,
2753 2844 3019 2907 dicentes,
3037 2859 3224 2898 verum
3240 2860 3362 2900 esse
3377 2855 3580 2917 marty-

2003 2943 2168 3004 rium,
2194 2941 2306 2996 veri
2331 2939 2424 2994 Dei
2453 2937 2816 3008 cognitionem
2845 2936 3010 3006 (quod
3039 2935 3254 3004 quidem
3283 2952 3384 2991 nos
3440 2953 3578 3006 quo-

341 3024 472 3095 περὶ
500 3025 694 3094 ἀρχάς.
735 3025 982 3096 Λέγομεν
1011 3026 1066 3079 δὲ
1091 3026 1184 3079 καὶ
1216 3027 1374 3096 ἡμεῖς
1395 3027 1520 3088 τοὺς
1541 3025 1906 3096 ἐπιπηδήσαν-

2015 3049 2110 3105 que
2133 3033 2407 3101 fatemur),
2442 3045 2567 3084 eum
2615 3038 2795 3084 autem
2849 3043 2969 3083 esse
3031 3028 3114 3082 sui
3173 3029 3472 3082 occisorem
3523 3040 3580 3084 et

338 3130 440 3177 τας
466 3115 543 3186 τῷ
573 3117 786 3188 θανάτῳ
827 3117 952 3189 (εἰσὶ
983 3117 1092 3190 γάρ
1138 3135 1278 3180 τινες
1309 3119 1405 3189 οὐχ
1433 3118 1710 3189 ἡμέτεροι,
1743 3118 1902 3188 μόνου

2015 3125 2108 3180 sibi
2129 3131 2355 3177 mortem
2371 3120 2727 3184 consciscere,
2744 3117 2836 3188 qui
2861 3133 2957 3186 per
2971 3125 3196 3171 mortem
3217 3117 3380 3172 fuerit
3409 3115 3574 3172 Deum

339 3205 436 3261 τοῦ
487 3207 748 3280 ὀνόματος
789 3213 1051 3274 κοινωνοὶ,
1105 3211 1154 3264 οἳ
1191 3212 1254 3282 δὴ
1275 3212 1470 3273 αὐτοὺς
1519 3209 1902 3282 παραδιδόντες

2015 3213 2310 3276 :onl'essus;
2341 3217 2394 3264 et
2445 3209 2550 3264 alia
2579 3207 2848 3278 ejusmodi
2893 3208 3254 3278 sophismata,
3304 3223 3427 3277 qua:
3477 3223 3578 3263 sua

342 3301 650 3366 σπεύδουσι,
709 3306 775 3374 τῇ
833 3305 967 3375 πρὸς
1018 3303 1108 3356 τὸν
1153 3303 1492 3375 Δημιουργὺν
1537 3301 1801 3374 ἀπεχθείᾳ
1855 3303 1904 3355 οἱ

2015 3304 2269 3376 suggessit
2294 3300 2574 3364 timiditas,
2614 3299 2670 3352 in
2703 3298 2942 3354 medium
2996 3296 3261 3352 afferunt.
3297 3297 3578 3353 Adversus

339 3392 512 3448 ἄθλιοι
548 3394 938 3462 θανατῶντες),
980 3395 1194 3458 τούτους
1231 3393 1443 3462 ἐξάγειν
1476 3395 1700 3457 ἑαυτοὺς
1729 3395 1906 3464 ἀμαρ-

2015 3409 2140 3464 ιιιοε
2191 3391 2420 3454 dicetur,
2453 3404 2578 3444 cum
2632 3398 2844 3457 tempus
2871 3388 3228 3457 postulaverit
3257 3404 3271 3452 ;
3309 3387 3578 3442 dissident

339 3484 521 3556 τύρως
548 3485 659 3557 (56)
710 3485 958 3556 λέγομεν,
1005 3487 1108 3540 κᾶν
1149 3486 1386 3558 δημοσία
1423 3484 1774 3549 κολάζωνται.
1831 3485 1906 3536 οὐ

2015 3485 2148 3541 enim
2185 3501 2216 3539 a
2273 3483 2431 3538 nobis
2480 3481 2547 3536 de
2579 3480 2877 3550 principiis.
2949 3479 3189 3532 Dicimus
3245 3487 3424 3534 autent
3474 3493 3577 3534 nos

339 3573 452 3648 γὰρ
485 3576 578 3631 τὸν
619 3581 940 3652 χαρακτῆρα
976 3579 1202 3644 σώζουσι
1241 3579 1334 3632 τοῦ
1367 3577 1665 3650 μαρτυρίου
1692 3577 1782 3631 τοῦ
1817 3595 1907 3629 πι-

2015 3591 2242 3648 quoque,
2262 3590 2378 3642 eos,
2407 3572 2502 3643 qui
2525 3572 2592 3628 de
2619 3569 2883 3629 industria
2906 3580 3130 3626 mortem
3157 3578 3406 3641 quaerunt
3429 3573 3581 3640 (sunt

419 3745 478 3804 ᾖ(
504 3737 563 3792 Ρ.
605 3739 730 3802 571,
762 3737 871 3794 ED.
913 3736 1330 3804 POTTER,481
1374 3737 1482 3791 ED.
1525 3735 1745 3791 PARIS.

416 3897 529 3968 (3|)
559 3901 622 3952 οι
665 3899 853 3970 νόμοι.
889 3898 952 3952 ll.
984 3916 1084 3957 ms.
1119 3899 1406 3970 οἰκονόμοι.
1446 3899 1704 3970 Sanuno.

416 3971 528 4040 (52)
552 3968 774 4040 ,Δίεξιῶν
801 3970 997 4038 μερῶν
1038 3971 1144 4025 τοῦ
1183 3971 1276 4040 ἀγ.
1303 3968 1560 4040 Respicit
1591 3968 1783 4040 Matth.
1818 3985 1909 4040 xx,

343 4038 440 4104 21,
469 4039 564 4095 ubi
591 4038 834 4111 Zebetlzei
886 4055 1022 4111 uxor
1062 4038 1338 4111 Christum
1379 4038 1556 4111 rogat,
1604 4048 1666 4094 ut
1691 4039 1786 4094 lilii
1824 4039 1910 4093 sui

343 4111 589 4192 sedeant,
626 4107 707 4173 εἷς
735 4111 800 4192 ἑικ
827 4109 1032 4192 δεξιῶν,
1058 4111 1152 4191 καὶ
1179 4109 1258 4174 εἷς
1285 4109 1347 4192 ἐξ
1372 4107 1738 4192 εὐώνύμων,“ι
1767 4125 1910 4192 unus

343 4180 412 4234 ad
432 4180 695 4244 dextram,
721 4182 855 4235 alter
883 4183 946 4236 ad
972 4181 1279 4235 sinistram»
1313 4181 1490 4235 throni
1511 4179 1647 4249 ejus.
1677 4179 1908 4234 Proinde

345 4253 528 4320 τυχεῖν
568 4249 679 4324 τῶν
712 4251 906 4324 δεξιῶν
926 4251 1106 4324 μερῶν
1141 4251 1618 4324 τοῦᾐάγιάσματος,
1649 4251 1754 4304 erit
1791 4249 1906 4324 pri-

349 4319 499 4406 mum
549 4319 1008 4406 glorize‘gradum
1059 4322 1111 4375 in
1160 4321 1366 4406 εωιςὲρ
1405 4319 1573 4406 regno
1621 4319 1902 4406 consequi.

343 4389 596 4446 Clemens
644 4389 808 4460 paulo
863 4391 1023 4454 infra,
1108 4407 1226 4460 pag.
1261 4391 1366 4446 485
1407 4408 1418 4441 :
1475 4392 1540 4445 Οἱ
1569 4389 1797 4444 τοιοῦτοι
1841 4391 1906 4441 ὲκ

343 4459 534 4524 δεξιῶν
559 4461 804 4514 ἵστανται
831 4463 924 4516 τοῦ
952 4461 1424 4530 άγιάσματος...,οί
1450 4460 1506 4512 δὲ
1532 4460 1590 4524 ἐξ
1612 4459 1904 4530 εὐωνύμων

347 4532 647 4601 ἱστάμενοι.
689 4551 707 4582 ι
732 4531 832 4598 Qui
865 4529 1166 4596 tales’sunt,
1193 4547 1224 4584 a
1251 4532 1438 4601 dextra
1459 4540 1609 4601 parte
1638 4529 1898 4601 sanctua-
1933 4529 1975 4582 D

347 4602 414 4655 rii
453 4599 618 4666 stant,
653 4602 706 4656 hi
737 4617 864 4656 vero
890 4621 907 4652 ι
963 4602 1248 4658 inferiores
1285 4619 1304 4650 ι
1336 4615 1367 4654 a
1396 4599 1637 4656 sinistra.
1672 4620 1689 4651 ι
1729 4599 1902 4666 Quem

349 4671 532 4727 locum
567 4672 787 4728 videsis.

421 4762 942 4843 (δωᾘράκλειτος.
975 4763 1344 4843 Tlreodoretu‘s
1363 4761 1456 4815 lib.
1492 4776 1590 4843 vtu
1627 4760 1908 4841 De-curat.

349 4831 526 4903 egrit.
569 4831 737 4888 om.
776 4851 794 4887 :
827 4853 844 4885 ι
877 4833 1176 4890 Heraclitus
1201 4831 1444 4902 profecto
1476 4833 1638 4886 etiam
1673 4846 1789 4896 eos,
1817 4832 1911 4900 qui

349 4905 403 4956 in
439 4905 577 4958 bello
607 4905 774 4958 occisi
801 4913 1002 4970 essent,
1032 4905 1180 4958 nullo
1213 4918 1319 4956 non
1343 4902 1538 4969 dignos
1559 4903 1768 4956 honore
1794 4902 1913 4954 exi-

345 4973 608 5029 Stimavit.
641 4973 790 5040 Quos
815 4976 958 5028 enim
991 4975 1255 5030 Gradivus
1277 4973 1492 5034 occidit,
1528 4974 1735 5026 honore
1763 4981 1818 5026 et
1840 4971 1916 5024 dii

347 5051 404 5114 et
433 5045 681 5114 homines
715 5055 1133 5114 prosequuntur.
1183 5042 1535 5114 Ἀρηῖφάτους
1576 5042 1915 5114 γὰρ,ᾐφησ“ιν,

347 5113 778 5188 οἱ-Θεοιτιμῶσι
811 5112 906 5170 καῖ
929 5116 1217 5188 ἄνθρωποι.
1249 5112 1498 5188 inSuitlas
1521 5131 1534 5164 :
1561 5112 1914 5188 _’qui¢avpg,

345 5184 380 5237 ὁ
409 5185 466 5257 ἐν
489 5182 718 5256 πολέμῳ.
735 5182 1072 5257 ἀνῃρημένος
1090 5201 1103 5214 ·
1137 5195 1190 5240 et
1218 5203 1243 5257 ε
1281 5183 1512 5257 Ἀρῂηὶς,
1551 5183 1580 5234 ὁ
1607 5182 1914 5257 πολεμικὸς,

350 5256 449 5332 καὶ
465 5245 690 5332 ἀρηίους
707 5245 927 5332 τῆν’ξὲοὸ
945 5245 1174 5332 πολέμου
1197 5245 1536 5332 εἷναι-’ἔλεγον
1557 5245 1780 5322 νεότητά
1802 5251 1920 5332 sng-

351 5321 680 5399 λεκτόνζκαὶ
713 5321 924 5399 ἀρηῖοις
952 5321 1133 5390 ὅπλοις
1164 5323 1489 5399 πεφράχθαι.
1520 5321 1922 5399 lta‘manuscri-

353 5405 502 5468 ptus.
521 5389 762 5452 Platonis
787 5389 966 5452 locum
985 5389 1128 5468 leges
1149 5389 1294 5452 tonio
1319 5389 1380 5468 ll,
1407 5409 1528 5463 pag.
1552 5393 1676 5456 468,
1694 5393 1819 5468 edit.

357 5461 545 5536 Steph.
579 5487 590 5520 :
632 5487 650 5538 ι
689 5468 822 5522 Eum
851 5483 999 5534 vero,
1022 5461 1112 5538 qui
1145 5484 1202 5522 re
1229 5461 1668 5538 praeda—regesta
1697 5463 1750 5538 in
1781 5461 1920 5515 bello

353 5535 694 5600 occubuerit,
715 5555 892 5592 nonne
913 5535 1155 5592 dicemus
1177 5535 1410 5606 primum
1432 5536 1648 5606 quidem
1669 5535 1733 5586 ad
1754 5547 1922 5600 genus

354 5621 582 5677 aureum
615 5610 918 5677 pertinere?
955 5607 1154 5664 Vocem
1179 5604 1392 5677 πρῶτον
1421 5608 1603 5677 omisit
1633 5604 1920 5677 interpres:

355 5625 582 5662 aureutn
615 5625 882 5677 pertinere
897 5625 918 5662 ι
963 5625 1154 5664 vocem
1183 5625 1222 5659 π
1257 5625 1392 5660 ωτον
1421 5625 1603 5658 υιιιιειι
1634 5625 1920 5677 lllwl'pl'tts:

355 5675 502 5732 idem
527 5679 676 5732 Plato
709 5681 862 5732 initio
897 5679 1161 5733 Menexeni
1186 5625 1290 5730 ﬁgi
1323 5698 1334 5731 :
1373 5677 1482 5729 Kal.
1517 5674 1622 5744 μὴν
1656 5671 1921 5744 πολλαχου

357 5749 652 5803 κινδυνεύει
673 5749 832 5802 καλὸν
852 5745 987 5802 εἶναι
1011 5748 1071 5800 τὸ
1089 5749 1146 5799 ἐν
1171 5745 1387 5817 πολέμῳ
1413 5741 1800 5817 ἀποθνήσκειν]
1832 5741 1924 5817 και

355 5821 466 5893 γὰρ
518 5823 692 5892 ταφῆς
751 5819 842 5872 καὶ
891 5811 1332 5890 μεγαλοπρεποῦς
1361 5811 1656 5886 ’τυγχά-θει.
1699 5830 1716 5863 ι
1758 5811 1922 5881 Atqui

1851 3749 1876 3776 ι
1905 3735 2094 3790 Matth.
2131 3749 2245 3802 xu,
2275 3734 2378 3800 29;
2413 3732 2580 3788 Marc.
2629 3749 2685 3798 ιι,
2709 3730 2800 3796 29,
2835 3731 2924 3784 30.

2019 3898 2161 3968 apud
2191 3897 2453 3968 plurimos
2477 3895 2727 3968 homines
2757 3889 3075 3968 prteclarum
3105 3891 3318 3968 videtur
3341 3891 3400 3968 _in
3435 3891 3580 3946 bello

2019 3961 2155 4022 niori
2193 3961 2206 4020 Ξ
2237 3967 2436 4022 etenim
2484 3965 2576 4035 qui
2611 3964 2714 4019 hoc
2751 3961 2854 4035 leti
2886 3977 3082 4030 genere
3108 3961 3412 4035 occumbit,
3441 3976 3580 4032 pra)-

2017 4039 2224 4094 clarum
2256 4032 2711 4107 magniﬁcumque
2742 4032 2907 4107 funus
2927 4033 3301 4107 censequitur.

2086 4101 2373 4179 Virgilius,
2403 4105 2470 4161 lV
2503 4101 2690 4174 Georg.
2717 4119 2769 4158 γ.
2796 4101 2922 4168 216,
2949 4101 3056 4155 217
3085 4122 3097 4155 :

2370 4261 2383 4273 .
2405 4260 2417 4274 .
2437 4259 2450 4272 .
2476 4219 2542 4272 Et
2587 4234 2808 4286 corpora
2842 4215 2978 4271 bello

2017 4291 2314 4362 Objectant,
2353 4291 2726 4360 pulchramque
2749 4296 2932 4356 petunt
2955 4301 3044 4351 per
3075 4287 3288 4339 vulnera
3329 4297 3570 4341 mortem.

2013 4384 2233 4439 zEneid.
2284 4399 2358 4447 ιι,
2385 4383 2488 4436 417
2519 4399 2532 4433 :

2225 4495 2236 4507 .
2265 4493 2278 4505 .
2301 4492 2314 4507 .
2343 4451 2733 4519 Pulchrumque
2763 4448 2899 4501 mori
2919 4447 3208 4566 succurritC
3240 4446 3294 4498 in
3317 4447 3507 4504 armis.

3214 4530 3438 4566 onnscr.

3214 4530 3438 4571 OLLECT.

2087 4617 2198 4689 (54)
2237 4617 2503 4689 Πλάτων.
2545 4611 2791 4689 Platonis
2821 4609 2984 4663 verba
3042 4618 3341 4663 occurrunt
3391 4611 3486 4664 lib.
3549 4628 3580 4664 ν

2017 4681 2107 4745 Βέ
2124 4681 2411 4760 republica,
2445 4701 2566 4760 pag.
2601 4681 2727 4760 @623
2950 4749 2982 4760 η

2031 4767 2036 4772 “
2085 4749 2197 4822 (35)
2219 4749 2460 4812 Γνῶσιῦ
2486 4749 2651 4808 Θεοῦ.
2694 4753 2928 4806 [renatus
2950 4749 3042 4802 lib.
3071 4749 3434 4822 tv,__cap.‘_(it,
3467 4751 3578 4822 ait:

2023 4851 2041 4880 ε
2071 4819 2256 4898 Neque
2289 4827 2508 4896 quidem
2542 4823 2912 4898 necessarium
2959 4833 3081 4898 esse
3135 4819 3444 4874 dicentibus
3474 4821 3582 4898 tale

2019 4889 2380 4970 martvrium;
2411 4910 2540 4970 esse
2577 4893 2720 4970 enim
2752 4889 3342 4970 martyriummverum,
3365 4897 3583 4970 senten-

2017 4957 2406 5024 tiam'corum.
2442 4985 2460 5017 ι
2488 4963 2629 5019 idem
2657 4962 2750 5015 lib.
2799 4957 3026 5027 tu,'cap.
3061 4958 3133 5011 9.0
3167 4977 3179 5010 :
3218 4976 3237 5008 ι
3263 4957 3344 5012 Ad
3372 4968 3580 5014 tantam

2021 5039 2376 5095 temeritatem
2411 5033 2682 5104 progressi
2718 5041 2846 5086 sunt
2873 5029 3116 5098 quidam,
3143 5038 3202 5104 ut
3234 5029 3398 5082 etiam
3431 5045 3581 5104 m_ar-

2021 5120 2166 5180 tyres
2199 5099 2478 5180 Spernant,
2512 5099 2566 5158 ct
2601 5103 2904 5180 vituperent
2947 5113 3075 5161 eos,
3105 5099 3194 5168 qui
3231 5107 3447 5168 propter
3474 5099 3584 5152 Do-

2020 5171 2152 5234 mini
2185 5171 2583 5232 confessionem
2612 5171 2954 5225 occiduntur.
2981 5186 2998 5218 ι

2091 5248 2198 5318 (56)
2233 5245 2626 5318 νἈμαρτρρως.
2651 5239 2952 5318 Gatakerus
2999 5245 3218 5318 nostras
3247 5236 3481 5318 inﬂl‘iotis
3511 5240 3580 5318 ad

2021 5307 2193 5374 Marci.
2217 5307 2592 5370 Antoninilih.
2624 5328 2686 5370 ιι,
2719 5327 2839 5379 pag.
2882 5308 2988 5379 8'5,
3019 5309 3086 5362 de
3141 5309 3245 5362 hac
3289 5307 3584 5363 Clementis

2021 5405 2154 5443 voce
2203 5388 2318 5441 haec
2363 5387 2627 5440 adnotat:
2661 5377 2734 5434 Τδ
2775 5377 3110 5450 ἀμαρτύρως
3135 5393 3270 5450 Anon
3331 5385 3580 5450 esthum

2021 5460 2272 5528 λέγομεν,
2303 5457 2378 5510 uti
2415 5453 2739 5528 Sylhurgius
2783 5446 3024 5528 puta-viti.
3057 5447 3148 5501 sed
3189 5463 3310 5501 cum
3349 5446 3583 5528 fici-{etv

2023 5517 2269 5591 ἑαυτούς⁷
2308 5517 2801 5595 ροιῇιῖιιεειιίιιιιιιῖ
2857 5539 2874 5570 ι
2905 5519 3144 5598 Dicimus
3197 5532 3290 5571 eos
3349 5517 3422 5570 ita
3472 5517 3584 5598 _sibi

2023 5608 2253 5654 mortem
2286 5609 2592 5666 accersere,
2653 5601 3022 5666 ut__n_ta_rt_yres
3063 5597 3238 5666 tamen
3280 5601 3394 5666 non
3440 5595 3584 5666 sint,

2025 5685 2128 5724 nec
2159 5668 2476 5736 martyrium
2506 5656 2659 5736 obire
2690 5661 2796 5716 dici
2821 5656 3057 5736 debeant
3088 5675 3098 5706 :
3131 5656 3204 5706 Οὐ
3227 5659 3357 5736 γάρ,
3382 5657 3584 5736 ἱηςυῑι,

2023 5740 2112 5791 τὸν
2172 5726 2486 5809 χαρακτῆρα
2543 5732 2772 5798 σώζουσι
2838 5728 2930 5784 τοῦ
3007 5726 3304 5800 μαρτυρίου
3353 5726 3472 5782 τοῡ-
3503 5744 3568 5782 ..τι

2027 5825 2169 5862 στου.
2203 5829 2221 5860 ι
