3956 6318
329 377 470 430 1235

1551 366 1976 425 STROMATUM
2013 367 2136 422 LIB.
2179 367 2268 426 Π.

3401 371 3552 428 ιεειν

327 483 436 538 Καὶ
463 484 545 538 ὅτι
585 498 650 551 γε
691 481 896 544 εἰκόνες
918 479 988 534 τὰ
1030 479 1231 533 παλαιά
1267 478 1661 550 κατορθώματα
1705 484 1782 546 είς
1815 497 1857 534 τι

1987 478 2130 533 clare
2160 483 2288 532 sunt
2315 485 2486 546 gesta,
2518 477 2584 532 ad
2621 483 2864 533 nostram
2887 479 3342 546 emendationem,
3391 495 3542 550 quae-

321 573 574 645 ἠμεδαπά
599 571 1024 642 ἐπανορθώματα
1048 569 1333 636 ἐκκεινται,
1365 571 1636 640 ἐμφαίνων
1661 575 1689 626 6
1721 572 1857 626 Ἀπό-

1982 568 2104 623 dam
2131 567 2288 638 quasi
2313 568 2598 638 imagines,
2614 572 2886 638 proposita
2899 580 3046 636 sunt,
3060 571 3144 626 his
3165 569 3340 625 verbis
3354 579 3542 626 osten-

321 665 524 729 στόλος,
571 683 591 716 ι
617 663 776 716 Ὥστε
810 664 934 728 τοὺς
972 662 1200 734 δεσμούς
1243 679 1364 734 μου,
1387 681 1406 714 ι
1460 665 1614 734 φησι,
1665 683 1683 715 ι
1712 681 1878 733 φανε-

318 760 447 830 ροὺς
487 759 544 812 ἐν
575 755 792 828 Χριστῷ
821 755 1070 824 γενέσθαι
1107 755 1163 808 ἐν
1189 756 1292 826 ὅλῳ
1332 755 1410 826 τῷ
1439 755 1752 827 πραιτωρίῳ
1784 755 1877 810 καὶ

227 857 236 864 “
312 853 425 914 τοῖς
453 849 658 912 λοιποῖς
685 851 836 912 πᾶσι,
867 849 958 901 καὶ
985 847 1111 910 τοὺς
1137 846 1383 909 πλείονας
1410 845 1516 899 τῶν
1549 845 1786 913 ἀδελφῶν
1818 847 1876 898 ἐν

311 940 502 1010 Κυρίῳ
541 939 882 1003 πεποιθότας,
923 941 1034 1001 τοῖς
1079 938 1296 1008 δεσμοῖς
1342 953 1439 1008 μου
1481 935 1876 1008 περισσοτέρως

309 1030 512 1102 τολμᾷν
543 1027 758 1098 ἀφόϐως
775 1030 864 1081 τὸν
885 1027 1038 1096 λόγον
1059 1027 1150 1080 τοῦ
1179 1027 1310 1081 Θεοῦ
1339 1027 1450 1098 (41)
1475 1027 1680 1080 λαλεῖν·
1705 1045 1722 1077 ι
1753 1027 1874 1080 ἐπεὶ

309 1121 492 1176 καὶτὰ
523 1120 796 1192 μαρτύρια
823 1121 1154 1192 ἐπιστροφῆς
1181 1121 1295 1172 ἐστι
1329 1118 1759 1190 παραδείγματα,
1789 1120 1876 1172 ἐν-

305 1212 476 1279 Μξως
521 1213 846 1283 ήγιασμένα.
905 1231 924 1264 ‹
948 1213 1086 1265 Ὅσα
1131 1209 1239 1281 γάρ
1277 1213 1309 1282 ἡ
1343 1211 1531 1282 Γραφὴ
1572 1209 1750 1278 λέγει,
1791 1212 1872 1274 είς

305 1305 404 1375 τὴν
433 1303 546 1372 (ίςὶ)
583 1303 852 1374 ἡμετέραν
885 1301 1224 1374 διδασκαλίαν
1262 1302 1495 1373 ἐγράφη,
1523 1303 1608 1382 ἵνα
1645 1301 1732 1356 διὰ
1767 1302 1872 1373 τῆς

305 1393 584 1466 ὑπομονῆς
611 1397 706 1449 καὶ
729 1396 827 1466 τῆς
855 1396 1244 1467 παρακλήσεως
1273 1395 1380 1448 τῶν
1406 1394 1634 1466 Γραφῶν
1660 1394 1756 1466 τὴν
1785 1394 1871 1447 ἐλ-

306 1484 436 1538 πίδα
459 1483 668 1556 ἔχωμεν
687 1487 784 1556 τῆς
797 1485 1210 1557 παρακλήσεως.
1240 1504 1258 1536 ι
1289 1486 1472 1538 Ἔοικε
1499 1485 1555 1538 δέ
1583 1503 1717 1548 πως,
1737 1503 1871 1556 παρ-

303 1573 471 1644 ούσης
505 1576 812 1647 ἀλγηδόνος,
850 1577 882 1646 ἡ
913 1575 1057 1647 ψυχὴ
1097 1577 1270 1630 νεύειν
1297 1577 1391 1630 ἀπ’
1419 1577 1616 1648 αὐτῆς,
1653 1579 1747 1631 καὶ
1789 1579 1870 1630 τί-

305 1683 430 1736 μιον
458 1668 702 1740 ἡγεῖσθαι
731 1669 832 1742 τὴν
861 1668 1178 1740 ἀπαλλαγὴν
1198 1670 1296 1740 τῆς
1337 1669 1616 1742 παρούσης
1653 1669 1862 1741 ὀδύνης.

316 1759 522 1830 Ἀμέλει
544 1761 662 1814 κατ’
694 1762 867 1816 ἐκεῖνο
890 1759 1102 1832 καιροῦ,
1135 1761 1228 1815 καὶ
1255 1760 1586 1832 μαθημάτων
1611 1761 1860 1834 ρᾳθυμεί,

1976 660 2054 714 dit
2069 659 2386 728 Apostolus:
2406 677 2426 710 ι
2451 657 2516 714 Ut
2533 675 2652 714 mea
2673 661 2882 716 vincula
2899 661 3164 717 fuerintiu
3183 661 3402 718 Christo
3421 679 3540 718 ma-

1976 747 2176 802 nifesta
2207 747 2263 802 in
2291 749 2438 802 omni
2463 750 2716 818 praetorio
2738 758 2792 803 et
2815 751 3035 820 reliquis
3062 753 3338 818 omnibus,
3357 761 3410 806 et
3425 753 3540 822 plu-

1976 851 2062 892 res
2080 837 2272 892 fratres
2293 838 2346 892 in
2367 837 2616 904 Domino,
2640 841 2830 894 conlisi
2850 843 2982 896 meis
3007 843 3256 910 vinculis,
3275 844 3536 900 auderent

1976 927 2342 983 abundantius
2366 928 2570 998 absque
2585 939 2726 984 metu
2747 929 2892 999 loqui
2913 931 3130 985 verbum
3153 932 3244 987 Dei
3262 946 3288 975 ιι
3304 950 3317 984 :
3335 951 3538 1004 :quan-

1974 1020 2264 1091 doquidem
2293 1023 2550 1091 martyria
2573 1036 2789 1090 quoque
2807 1031 2934 1076 sunt
2957 1025 3283 1093 exemplaria
3311 1041 3538 1083 conver—

1972 1117 2167 1180 sionis,
2204 1116 2435 1186 gloriose
2464 1115 2818 1172 sanctiﬁcata.
2841 1137 2859 1171 ι
2892 1119 3236 1189 Quaecunque
3265 1123 3430 1186 enim,
3459 1123 3536 1178 ait

1971 1207 2272 1276 Scriptura,
2298 1207 2364 1261 ad
2393 1215 2636 1262 nostram
2661 1209 2962 1264 doctrinam
2985 1213 3186 1280 scripta
3207 1221 3334 1266 sunt
3357 1223 3416 1266 ut
3440 1228 3536 1282 per

1968 1299 2285 1370 patientiam
2307 1309 2360 1355 et
2377 1302 2800 1356 consolationem
2834 1302 3259 1372 Seripturarum,
3278 1309 3424 1374 sp’em
3444 1307 3543 1362 lia--

1966 1392 2192 1448 beamus
2208 1393 2594 1449 consolationis
2613 1394 2660 1448 δ.
2675 1393 2928 1449 iVidetur
2944 1405 3121 1450 autem
3139 1397 3184 1452 si
3201 1395 3342 1451 adsit
3355 1397 3534 1466 dolor,

1965 1485 2150 1540 anima
2171 1486 2570 1556 quodammodo
2589 1485 2656 1541 ab
2672 1487 2792 1557 ipso
2812 1488 3083 1542 declinare
3104 1497 3156 1542 et
3173 1488 3533 1558 magnifaccre

1966 1591 1996 1629 a
2027 1577 2278 1646 praesenti
2304 1577 2676 1633 liberationem
2701 1578 2970 1634 molestia.
3001 1578 3095 1634 Illo
3118 1589 3262 1636 certe
3289 1589 3530 1648 tempore

1964 1668 2196 1738 quiescit
2217 1667 2380 1723 etiam
2399 1683 2430 1723 a
2453 1668 2776 1738 disciplinis,
2801 1669 3022 1740 quando
3036 1670 3154 1724 alia:
3175 1685 3394 1740 quoque
3419 1673 3532 1726 vir-

1963 1769 2106 1816 tutes
2129 1761 2490 1832 negliguntur.
2541 1759 2660 1816 Non
2686 1771 2865 1817 autem
2887 1763 3074 1833 utique
3096 1763 3328 1819 dicimus
3352 1761 3527 1836 ipsam

299 1853 538 1924 ὁπηνίκα
561 1854 655 1907 καὶ
679 1854 734 1906 αί
758 1852 914 1908 ἄλλαι
934 1853 1306 1924 άπημέληνται
1331 1854 1538 1926 ἀρεταί.
1573 1856 1680 1908 Καὶ
1702 1855 1762 1908 οὐ
1781 1854 1857 1926 δή·

1965 1853 2074 1922 pati
2120 1853 2419 1908 virtutem:
2457 1869 2585 1908 nam
2637 1869 2736 1910 nec
2761 1863 2985 1924 aegrotat
3029 1856 3221 1911 virtus.
3284 1856 3388 1912 Sed
3439 1866 3526 1914 ta—

301 1957 406 1992 που
427 1942 526 2012 τὴν
545 1942 744 2014 ἀρετὴν
765 1942 930 2013 αὐτὴν
958 1942 1184 2012 πάσχειν
1207 1942 1386 2014 φαμέν
1405 1959 1418 1972 ·
1443 1943 1562 1996 οὐδὲ
1586 1943 1690 2015 γὰρ
1722 1947 1866 1998 νοσεῖ

300 2028 335 2097 ἡ
367 2029 566 2101 ἀρετή·
598 2032 628 2082 6
650 2031 706 2083 δὲ
732 2032 932 2102 ἀμφοῖν
959 2030 1326 2104 μετεσχηκὼς,
1351 2033 1551 2104 ἀρετῆς
1573 2035 1662 2087 καὶ
1685 2034 1862 2102 νόσου,

298 2121 406 2174 ὑπὸ
425 2121 517 2176 τοῦ
539 2123 950 2192 κατεπείγοντος
977 2122 1214 2176 θλίϐεται
1231 2139 1244 2153 ·
1269 2122 1368 2176 κᾶν
1392 2125 1465 2196 μὴ
1487 2125 1862 2196 καταμεγαλο-

297 2213 510 2284 φρονῶν
527 2213 664 2287 τύχῃ
690 2215 718 2266 6
745 2214 966 2285 μηδέπω
991 2215 1088 2286 τὴν
1117 2213 1228 2280 ἕξιν
1250 2215 1348 2285 τῆς
1372 2218 1693 2286 ἐγκρατείας
1713 2235 1864 2288 περι-

299 2307 676 2377 ποιησάμενος,
703 2307 996 2372 ἐξίσταται,
1035 2307 1146 2360 ἴσον
1192 2325 1252 2360 τε
1277 2307 1586 2378 εὑρίσκεται
1620 2309 1696 2380 τῷ
1732 2310 1862 2378 φεύ-

296 2413 418 2465 γειν
448 2398 508 2451 τὺ
539 2398 612 2469 μὴ
637 2399 697 2452 οὐ
729 2399 1039 2469 ὑπομεῖναι.
1083 2398 1142 2451 Ὀ
1166 2397 1222 2450 δὲ
1253 2399 1414 2462 αὐτὸς
1431 2399 1586 2468 λόγος
1611 2401 1703 2453 καὶ
1734 2403 1862 2474 περὶ

294 2489 504 2554 Ικενίας-
539 2489 660 2542 ἐπεὶ
683 2490 778 2544 καὶ
797 2489 933 2561 αὐτὴ
960 2489 1066 2543 τῶν
1094 2491 1401 2558 ἀναγκαίων
1418 2530 1432 2554 ,
1473 2491 1568 2561 τῆς
1609 2491 1856 2564 θεωρίας,

293 2578 438 2646 λέγω
458 2619 474 2644 ,
521 2581 616 2633 καὶ
645 2581 743 2652 τῆς
769 2579 1016 2652 καθαρᾶς
1044 2581 1461 2650 ἁναμαρτησίας
1485 2621 1500 2645 ,
1535 2580 1860 2650 ἀπασχολεῖν

295 2671 540 2740 βιάζεται
562 2672 662 2744 τὴν
687 2672 882 2743 ψυχὴν,
918 2672 1045 2742 περὶ
1070 2671 1198 2736 τοὺς
1227 2673 1525 2744 πορισμοὺς
1567 2673 1859 2745 διατρίϐειν

293 2761 694 2830 ἀναγκάζουσα,
727 2763 816 2816 τὸν
843 2763 916 2834 μὴ
946 2764 1064 2816 ὅλον
1095 2765 1282 2818 ἑαυτὸν
1313 2764 1378 2818 δι’
1413 2764 1632 2835 ἀγάπης
1667 2766 1856 2818 ἀνατε-

295 2850 512 2904 θεικότα
541 2852 618 2922 τῷ
640 2853 774 2924 Θεῷ·
811 2853 996 2925 ὥσπερ
1036 2854 1266 2924 ἔμπαλιν
1303 2855 1340 2926 ἦ
1369 2872 1429 2907 τε
1472 2855 1648 2924 ὑγίεια
1691 2856 1787 2909 καὶ
1824 2857 1858 2928 ἡ

292 2942 402 2995 τῶν
429 2945 747 3016 ἐπιτηδείων
778 2945 1001 3014 ἀφθονία
1028 2944 1317 3017 ἐλευθέραν
1348 2947 1442 3000 καὶ
1473 2947 1859 3018 ἀνεμπόδιστον

293 3034 556 3102 φυλάσσει
586 3037 684 3108 τὴν
711 3038 886 3108 ψυχὴν
907 3079 922 3104 ,
957 3039 1050 3093 καὶ
1079 3035 1138 3093 εὖ
1173 3040 1410 3112 χρῆσθαι
1442 3039 1550 3110 (45)
1577 3043 1688 3104 τοῖς
1715 3057 1856 3111 παρη

291 3125 822 3196 οὖσιὟινώσκουσαν·
857 3149 876 3180 ‹
911 3130 1097 3200 Θλίψιν
1133 3131 1242 3202 (44)
1275 3131 1401 3203 γάρ,
1437 3131 1598 3202 φησὶν
1644 3133 1672 3184 ὁ
1706 3133 1856 3185 ’Λπόο

293 3217 494 3282 στολος,
529 3221 594 3290 τῇ
630 3221 792 3292 σαρκὶ
839 3221 1049 3285 ἕξουσιν
1089 3225 1138 3276 οἱ
1179 3223 1426 3279 τοιοῦτοι.
1453 3223 1594 3292 Ἐγὼ
1622 3223 1679 3276 δὲ
1706 3223 1858 3295 ὑμῶν

293 3309 564 3380 φείδομαι·
601 3311 737 3365 θέλω
767 3313 874 3384 γάρ
908 3315 1050 3384 ὑμᾶς
1076 3315 1409 3386 ἀμερίμνους
1451 3311 1591 3369 εἶναι
1633 3315 1768 3387 πρὸς
1799 3317 1859 3370 τδ

291 3401 668 3474 εὖσχημονκαὶ
689 3407 1110 3478 εὐπάρεδροντῷ
1142 3408 1330 3480 Κυρίῳ
1359 3410 1798 3481 ἀπερισπάστως.
1833 3431 1852 3463 ι

291 3491 508 3546 Τούτων
533 3489 625 3547 οὖν
654 3495 938 3550 ἀνθεκτέον
967 3497 1026 3549 οὐ
1059 3497 1126 3549 δι’
1154 3497 1310 3562 αὐτὰ,
1333 3497 1466 3551 ἀλλά
1485 3498 1571 3554 διὰ
1595 3500 1654 3552 τὺ
1677 3500 1852 3571 σῶμαο

290 3585 328 3654 ἠ
359 3583 416 3636 δὲ
446 3584 539 3638 τοῦ
571 3583 822 3656 σώματος
859 3587 1146 3658 ἐπιμέλεια
1177 3588 1265 3642 διὰ
1293 3590 1391 3660 τὴν
1423 3589 1600 3662 ψυχὴν
1628 3592 1854 3659 γίνεται,

289 3673 376 3742 ἐφ’
407 3674 474 3744 ἦν
500 3677 532 3746 ἡ
567 3676 828 3747 ἀναφορὰ.
860 3677 946 3730 Ἐν
978 3679 1149 3752 ταύτῃ
1181 3678 1290 3751 γὰρ
1325 3679 1514 3748 μαθεῖν
1529 3680 1736 3750 ἀνάγκη
1767 3681 1857 3734 τὸν

289 3769 604 3832 γνωστικῶς
629 3767 1038 3838 πολιτευόμενον
1070 3769 1137 3823 τὰ
1161 3772 1518 3842 προσήκοντα·
1550 3773 1670 3825 ἐπεὶ
1702 3775 1760 3827 τό
1793 3792 1854 3844 γε

293 3857 368 3928 μὴ
413 3853 550 3912 εἶναι
601 3860 698 3931 τὴν
748 3861 940 3933 ἡδονὴν
985 3862 1183 3930 ἀγαθὸν
1229 3864 1604 3938 ὡμολόγηται,
1653 3870 1716 3920 ἐκ
1760 3869 1854 3922 τοῦ

289 3949 466 4012 κακὰς
510 3945 645 4002 εἷναί
681 3969 832 4014 τινας
869 3954 1078 4021 ἡδονάς·
1111 3955 1284 4026 τούτῳ
1333 3956 1410 4026 τῷ
1449 3957 1590 4027 λόγῳ
1628 3958 1856 4026 ἀναφαί-

287 4057 438 4094 νεται
467 4032 528 4092 τδ
557 4041 754 4109 ἀγαθὸν
783 4045 969 4108 κακὸν,
999 4047 1166 4099 καὶτὸ
1185 4047 1352 4100 κακὸν
1377 4047 1597 4115 ἀγαθόν.
1630 4049 1854 4102 Ἔπειτα

289 4129 379 4194 δέ,
431 4133 478 4183 εί
510 4132 659 4194 τινάς
694 4133 788 4202 μὲν
827 4135 1130 4207 αἱρούμεθα
1159 4137 1267 4190 τῶν
1315 4139 1548 4209 ἡδονῶν,
1603 4141 1752 4202 τινὰς
1797 4141 1854 4194 δὲ

289 4221 594 4292 φεύγομεν.
629 4225 688 4276 οὐ
721 4226 870 4278 πᾶσα
916 4226 1072 4298 ἡδονὴ
1114 4229 1333 4297 ἀγαθόν.
1379 4231 1612 4300 Ὁμοίως
1659 4231 1715 4284 δὲ
1761 4234 1855 4286 καὶ

287 4311 381 4363 ἐπὶ¹
408 4311 514 4364 τῶν
545 4313 852 4384 ἀλγηδόνων
883 4316 911 4367 6
950 4317 1112 4380 αὐτὸς
1143 4317 1326 4386 λόγος,
1353 4313 1428 4372 ὧν
1453 4319 1549 4383 τὰς
1596 4321 1691 4390 μὲν
1724 4322 1853 4374 ὐπο-

291 4402 546 4472 μένομεν,
583 4403 680 4466 τὰς
713 4405 770 4456 δὲ
796 4405 1087 4476 φεύγομεν.
1135 4408 1196 4460 Ἡ
1228 4407 1283 4461 δέ
1314 4409 1520 4480 αἵρεσις
1560 4410 1652 4462 καὶ
1706 4411 1850 4483 φυγὴ

1963 1959 2087 1999 men
2135 1944 2229 2014 qui
2287 1952 2371 2000 est
2423 1945 2710 2015 utriusque
2759 1946 3049 2017 particeps,
3105 1957 3159 2002 et
3209 1949 3425 2003 virtutis
3471 1959 3528 2006 et

1963 2034 2159 2100 morbi,
2187 2034 2398 2106 urgenti
2429 2035 2614 2090 dolore
2645 2035 2940 2105 premitur;
2992 2045 3046 2091 et
3099 2038 3145 2091 si
3203 2053 3314 2092 non
3363 2039 3526 2094 fuerit

1961 2126 2148 2197 magni
2171 2135 2225 2181 et
2248 2127 2447 2182 excelsi
2474 2126 2663 2194 animi,
2693 2128 2785 2198 qui
2810 2128 3049 2183 nondum
3068 2129 3412 2185 continentia:
3435 2129 3526 2185 lia-

1961 2217 2130 2272 bitum
2163 2223 2220 2282 >14
2266 2218 2576 2288 acquisivit,
2613 2219 2734 2275 loco
2776 2221 3028 2290 pellitur;
3061 2229 3116 2276 et
3169 2221 3340 2276 instar
3383 2221 3526 2294 fugae

1961 2305 2231 2362 invenitur
2259 2324 2365 2364 non
2391 2310 2670 2366 tolerasse.
2702 2309 2902 2366 Eadem
2928 2320 3010 2367 est
3035 2321 3214 2368 autem
3243 2313 3404 2367 etiam
3429 2329 3524 2368 ra-

1959 2398 2037 2453 tio
2071 2399 2138 2454 de
2166 2409 2507 2470 paupertate.
2537 2400 2675 2456 Nam
2717 2401 2832 2471 ipsa
2860 2417 3078 2472 quoque
3107 2419 3137 2457 a
3169 2403 3518 2471 necessariis,

1958 2491 2438 2562 contemplatione,
2472 2493 2716 2563 inquam,
2744 2501 2798 2548 et
2825 2509 2961 2563 pura
2990 2496 3198 2564 peccati
3228 2497 3522 2564 amotione,

1957 2596 2173 2636 cessare
2213 2583 2360 2653 cogit
2389 2583 2648 2650 animam,
2691 2593 2752 2638 ut
2799 2599 2920 2654 quae
2949 2585 3002 2638 in
3042 2585 3187 2639 victu
3230 2585 3525 2656 quaerendo

1957 2673 2162 2726 versari
2199 2687 2325 2727 eum
2356 2682 2533 2744 cogat,
2563 2674 2656 2744 qui
2685 2689 2792 2728 non
2823 2691 2883 2730 se
2919 2682 3087 2728 totum
3121 2674 3232 2728 Deo
3263 2690 3356 2744 per
3384 2673 3522 2730 dile-

1957 2765 2194 2818 ctionem
2231 2764 2601 2832 dedicaverit;
2637 2765 2781 2820 sicut
2803 2781 2998 2820 rursus
3025 2765 3236 2822 sanitas
3259 2775 3312 2820 et
3337 2765 3518 2821 remot

1957 2856 2386 2910 necessariarum
2430 2856 2586 2926 copia
2621 2856 2846 2910 liberam
2901 2855 3140 2911 custodit
3172 2859 3430 2925 animam,
3457 2866 3520 2912 ut

1957 2933 2078 3016 qua:
2121 2946 2332 3000 nullum
2383 2947 2578 3001 habeat
2611 2947 3076 3016 impedimentum,
3106 2955 3160 3002 et
3191 2949 3330 3002 sciat
3373 2955 3520 3002 recte

1957 3038 2036 3092 uti
2089 3038 2252 3092 rebus
2311 3039 2690 3109 praesentibus.
2745 3056 2764 3089 ι
2821 3037 3250 3093 Tribulationem
3300 3057 3320 3090 ι
3370 3039 3516 3092 enim

1965 3145 1986 3180 ε
2024 3128 2204 3184 carnis
2237 3129 2533 3194 habebunt,
2581 3146 2601 3178 ι
2635 3128 2814 3198 inquit
2843 3129 3161 3198 Apostolus,
3200 3147 3220 3180 ι
3263 3130 3356 3199 qui
3389 3139 3520 3184 sunt

1963 3221 2294 3291 liujusmodi.
2350 3219 2462 3292 Ego
2519 3230 2700 3275 autem
2757 3221 2912 3275 vobis
2959 3237 3154 3291 parco;
3195 3221 3321 3275 volo
3370 3221 3514 3276 enim

1959 3329 2056 3368 vos
2085 3329 2206 3368 esse
2257 3328 2364 3368 non
2399 3313 2686 3376 sollicitos,
2728 3321 2788 3366 ut
2823 3313 3016 3368 decore
3043 3322 3097 3367 et
3140 3314 3363 3368 honeste
3409 3311 3517 3366 Do-

1959 3405 2108 3458 mino
2141 3405 2408 3458 inilivulse
2435 3405 2720 3460 assideatis
2753 3416 2802 3458 α.
2847 3424 2864 3456 ι
2903 3403 3029 3459 Haec
3073 3413 3202 3458 sunt
3227 3419 3356 3474 ergo
3394 3419 3514 3458 am-

1959 3496 2257 3566 plectenda,
2309 3511 2416 3550 non
2467 3505 2684 3566 propter
2731 3512 2810 3564 se,
2858 3496 2952 3552 sed
3000 3507 3218 3566 propter
3261 3511 3460 3566 corpus
3495 3515 3513 3552 :

1957 3589 2184 3642 habetur
2228 3599 2408 3642 autem
2451 3604 2579 3642 cura
2620 3589 2864 3657 corporis
2907 3598 3124 3658 propter
3154 3589 3412 3654 animam,
3445 3589 3514 3643 ad

1956 3695 2118 3747 quam
2161 3679 2224 3732 ﬁt
2257 3679 2464 3732 relatio.
2501 3676 2612 3732 Hac
2638 3679 2780 3732 enim
2809 3693 2975 3732 causa
3003 3692 3224 3731 necesse
3255 3686 3338 3730 est
3361 3691 3536 3738 eum,

1956 3768 2048 3836 qui
2077 3768 2244 3820 vitam
2276 3769 2518 3838 gnostice
2551 3768 2801 3831 instituit,
2837 3767 3045 3821 discere
3095 3767 3224 3836 quid
3268 3765 3338 3820 sit
3381 3780 3530 3820 conm

1956 3861 2178 3912 veniens
2227 3875 2240 3912 :
2295 3875 2418 3912 nam
2469 3859 2670 3914 bonum
2707 3860 2922 3929 quidem
2969 3875 3076 3913 non
3114 3873 3235 3914 esse
3267 3858 3515 3927 volupta-

1957 3959 2086 4014 tem,
2119 3957 2264 4017 patet
2289 3963 2352 4002 ex
2384 3963 2470 4014 eo,
2503 3949 2648 4018 quod
2675 3951 2832 4004 mala:
2862 3949 2969 4003 sint
3001 3939 3244 4018 quaedam
3269 3951 3516 4019 volupta-

1957 4052 2074 4106 tes;
2123 4039 2362 4108 alioquin
2415 4041 2514 4093 hac
2563 4041 2772 4094 ratione
2825 4040 3096 4094 videretur
3143 4041 3346 4095 bonum
3392 4055 3516 4095 esse

1955 4125 2178 4194 malum,
2197 4141 2249 4184 et
2271 4132 2468 4184 malum
2491 4132 2714 4186 bonum.
2737 4131 3000 4186 Praeterea
3024 4141 3202 4186 autem
3233 4133 3275 4186 si
3300 4132 3513 4200 aliquas

1953 4224 2170 4291 quidem
2194 4224 2498 4291 expetimus
2522 4223 2843 4292 voluptates,
2869 4223 3080 4292 aliquas
3103 4238 3227 4276 vero
3251 4222 3508 4291 fugimus.

1955 4325 2066 4369 tum
2099 4330 2204 4370 non
2239 4325 2320 4368 est
2352 4316 2556 4384 quaevis
2587 4315 2838 4384 voluptas
2870 4315 3094 4368 bonum.
3135 4313 3395 4367 Similiter
3419 4329 3516 4368 au-

1955 4417 2060 4462 tem
2088 4409 2274 4462 eadem
2310 4419 2653 4478 quoque,est
2684 4409 2824 4462 ratio
2864 4409 2918 4461 in
2950 4409 3246 4474 doloribus,
3277 4425 3516 4478 quorum

285 4493 408 4546 κατ’
435 4495 741 4564 ἐπιστήμην
778 4497 1003 4563 γίνεται·
1043 4497 1184 4551 ὥστε
1227 4498 1322 4568 τὴν
1364 4501 1672 4570 ἐπιστήμην
1714 4496 1850 4554 εἶναι

1963 4501 2092 4554 alibs
2139 4499 2354 4567 quidem
2404 4500 2720 4564 toleramus,
2773 4500 2908 4553 alios
2958 4516 3085 4554 vero
3118 4499 3375 4566 fugimus.
3425 4498 3516 4555 Fit

284 4587 348 4639 τὸ
377 4587 598 4655 ἀγαθὸν,
633 4588 692 4640 οὐ
719 4589 816 4659 τὴν
854 4589 1076 4660 ἡδονὴν,
1109 4591 1175 4644 δι’
1201 4591 1268 4660 ἢν
1309 4591 1454 4644 ἔστιν
1491 4593 1580 4644 ὅτε
1625 4593 1720 4645 καὶ
1749 4594 1848 4662 τὴν

285 4677 445 4730 ποιὰν
496 4679 684 4749 ἡδονὴν
727 4679 1080 4751 αἱρησόμεθα.
1115 4681 1320 4734 Αὐτίκα
1352 4685 1380 4735 6
1417 4682 1622 4754 μάρτυς
1654 4683 1848 4754 ἡδονὴν

281 4770 381 4840 τὴν
409 4769 474 4822 δι’
507 4769 718 4834 ἐλπίδος
742 4771 831 4824 διὰ
854 4772 952 4841 τῆς
978 4773 1256 4845 παρούσης
1280 4773 1566 4846 ἀλγηδόνος
1593 4778 1844 4846 αἱρεῖται.

1953 4600 2130 4644 autem
2161 4591 2350 4644 electio
2391 4599 2444 4644 et
2489 4590 2612 4660 iuga
2643 4607 2708 4644 ex
2740 4591 2964 4645 scientia
3006 4607 3109 4656 ;ac
3147 4592 3372 4661 proinde
3405 4593 3506 4645 bo-

1955 4697 2083 4734 num
2115 4689 2218 4744 est,
2253 4698 2360 4735 non
2393 4684 2660 4752 voluptas,
2689 4683 2782 4737 sed
2817 4683 3064 4748 scientia,
3095 4693 3312 4753 propter
3343 4699 3510 4752 quam

1951 4777 2258 4848 voluptates
2315 4781 2578 4850 quasdam
2633 4791 3026 4848 nonnunquam
3082 4775 3351 4845 eligimus.
3387 4774 3509 4830 Jam

361 4883 516 4966 ἤιε).
551 4885 654 4939 575
687 4885 794 4941 ΕΙ).
850 4885 1166 4954 roman,
1234 4891 1339 4944 ιδδ
1371 4891 1477 4944 ει).
1522 4889 1746 4945 PARlS.
1807 4903 1832 4932 ιι

1963 4895 2065 4966 ilip.
2105 4915 2140 4963 ι,
2173 4899 2370 4966 13,14.
2449 4901 2476 4939 b
2511 4898 2667 4953 Rom.
2704 4915 2794 4964 xv,
2825 4898 2878 4951 4.
2950 4908 2972 4935 ο
3017 4894 3036 4948 Ι
3080 4895 3206 4954 Cor.
3251 4911 3360 4962 νη,
3415 4897 3514 4964 28,

283 4953 354 5008 52
370 4996 384 5019 ,
413 4955 502 5008 55.

287 5073 516 5150 πλοῦτος
572 5076 732 5150 αρτδν
756 5078 1067 5150 -ἐφύσησεν,
1103 5078 1224 5133 οὔτε
1259 5079 1418 5133 πενία
1462 5082 1840 5136 ἐταπείνωσεν.

289 5161 309 5195 ι
345 5143 548 5219 Beatus
603 5146 709 5219 hic,
755 5143 881 5202 lic-et
936 5143 990 5202 in
1048 5165 1172 5204 eum
1219 5151 1458 5219 undique
1501 5154 1844 5206 mitterentur

284 5215 512 5283 sagittae,
549 5217 715 5288 tutior
743 5233 806 5271 ac
853 5219 1062 5272 ﬁrmior
1094 5215 1446 5274 nihilondrfus
1469 5223 1840 5288 consistebat;

281 5299 528 5356 cumque
565 5286 747 5352 jat‘ula
778 5287 1192 5343 innumerabilia
1240 5291 1574 5356 excepisset,
1610 5293 1744 5344 nihil
1773 5286 1839 5344 de

281 5356 452 5428 animi
489 5355 683 5428 virtute
731 5359 957 5412 remisit.
992 5357 1104 5412 lino
1137 5375 1263 5414 vero
1294 5355 1492 5413 diaboli
1534 5363 1840 5428 pharetram

279 5423 558 5486 exhausit,
597 5427 709 5494 ipse
767 5443 898 5481 vero
953 5444 1051 5482 nec
1083 5431 1347 5492 concedit,
1396 5445 1493 5483 nec
1523 5423 1706 5484 animo
1737 5433 1843 5483 l'ra—

279 5503 406 5570 ctus
435 5506 538 5556 est,
570 5495 662 5570 sed
710 5505 970 5565 tanquam
1023 5500 1354 5570 gubernator
1376 5505 1634 5567 optimus,
1667 5515 1842 5570 neque

283 5563 498 5634 furente
533 5565 688 5630 mari,
729 5563 956 5634 seseque
985 5563 1333 5624 offerentibus
1365 5563 1845 5624 ﬂuetibusobrue-

281 5631 478 5708 batur;
517 5649 690 5708 neque
718 5637 768 5688 in
823 5631 1211 5705 tranquillitate
1268 5650 1429 5708 atque
1479 5641 1702 5694 malacia
1728 5648 1846 5694 erat

283 5702 662 5783 desidiosiorj
699 5721 880 5783 parem
953 5702 1132 5783 potius
1198 5702 1371 5783 artem
1443 5711 1508 5764 ad
1587 5711 1844 5783 temporis

282 5772 574 5841 utriusque
613 5772 904 5830 discrimen
940 5772 1214 5831 aﬂ’erebat.
1249 5779 1519 5836 Censor.

259 5901 264 5904 ,
353 5839 613 5912 (δήτοῦ
646 5843 812 5898 Θεοῦ.
847 5847 1012 5902 Abest
1051 5865 1079 5902 a
1110 5846 1304 5918 Philip.
1338 5865 1378 5902 t.

2022 5081 2128 5152 (4⁵2)
2168 5082 2322 5135 Ὅσα
2353 5081 2462 5150 γὰρ
2489 5083 2526 5147 ἡ
2552 5079 2762 5148 Γραφὴ
2794 5079 2976 5152 λέγει,
2997 5081 3084 5152 εἰς
3107 5093 3158 5130 τ.
3184 5075 3390 5152 Forsan
3408 5093 3510 5152 au-

1950 5145 2067 5208 ctor
2094 5145 2310 5220 scripsit
2331 5145 2524 5204 ε’Ὅσα
2545 5145 2652 5221 γάρ
2680 5145 2920 5220 ἐγράφη,
2955 5148 3120 5216 λέγει,
3151 5149 3231 5221 είς
3259 5163 3310 5199 τ.
3343 5145 3506 5220 Vulg.

1951 5223 2122 5300 Biblia
2177 5217 2332 5300 Rom.
2397 5237 2488 5300 xy,
2535 5217 2856 5300 προεγράφη
2888 5217 3148 5300 habent.
3178 5217 3232 5270 in
3279 5217 3512 5300 utroque

1952 5293 2216 5347 nteuthro.
2247 5290 2360 5362 Vox
2399 5292 2496 5362 τῆς
2531 5287 2928 5362 παρακλήσεως
2961 5297 3085 5358 post
3124 5287 3334 5360 ἔχωμεν
3357 5288 3512 5342 abest

1951 5367 2019 5418 ab
2059 5363 2249 5414 iisdem
2281 5360 2417 5414 Bibl.
2447 5360 2707 5414 SYLBURG.

2021 5431 2281 5506 (ιω-Καὶ
2327 5426 2406 5506 εὖ-
2447 5449 2544 5499 χρ.
2593 5431 2695 5483 Pro
2725 5431 2817 5483 καὶ
2857 5429 3040 5506 malim
3073 5428 3206 5506 τήν..
3225 5435 3284 5480 ιιι
3312 5439 3510 5506 sensus

1947 5497 2038 5564 sit,
2078 5521 2094 5552 ι
2145 5501 2276 5554 Eam
2323 5497 2580 5556 animam.
2609 5517 2729 5569 quae
2753 5499 3108 5569 praesentibus
3128 5497 3212 5552 uti
3241 5499 3406 5571 norit,
3437 5497 3508 5548 li-

1949 5574 2129 5625 beram
2162 5581 2212 5624 ct
2247 5571 2646 5639 impedimentis
2677 5571 2970 5623 immunem
3005 5584 3110 5639 per
3138 5575 3423 5622 sanitatem
3450 5574 3508 5620 et

1947 5657 2130 5695 rerum
2161 5637 2590 5694 necessariarum
2627 5641 2836 5709 cupiam
2871 5637 3186 5709 praestari.)

2019 5711 2129 5778 (Ml
2167 5711 2400 5778 Θλίψι-ν.
2435 5709 2492 5764 In
2525 5703 3007 5778 unum-conjungit
3064 5709 3078 5760 I
3125 5708 3249 5760 Cor.
3280 5703 3512 5778 ivu,_38,

1947 5775 2038 5840 22,
2073 5781 2162 5840 35,
2194 5775 2448 5834 ιώῖθέλω
2478 5779 2534 5832 δὲ
2565 5795 2661 5848 pro
2685 5775 2979 5850 θέλω-γάῤ,
3009 5786 3062 5834 et
3093 5791 3218 5832 mox
3241 5775 3512 5847 εὐπρόσεν

1949 5850 2073 5922 δρον
2107 5865 2204 5920 pro
2237 5851 2564 5924 εὐπάρεδρον
2598 5861 2790 5904 exstat.
