3956 6318
370 350 501 405 12η

1528 340 1922 400 CLEMENTIS
1957 335 2429 393 ALEXANDRINI

3475 330 3617 387 {273

367 478 499 531 tem.
530 484 652 540 qua:
691 466 895 523 excitat
936 465 1003 521 ad
1036 463 1339 531 Christum,
1387 463 1531 519 sicut
1558 463 1825 524 virorum,
1862 460 1933 513 ita

2051 456 2180 518 πίας.
2207 453 2394 524 Μεστὴ
2437 451 2535 524 μὲν
2559 443 2651 506 οὖν
2683 451 2831 504 πᾶσα
2858 450 2892 520 ἠ
2932 447 3229 518 Ἐκκλησία
3253 446 3360 502 τῶν
3394 445 3623 518 μελετη-

246 592 251 595 ι
367 562 530 620 etiam
577 562 867 616 mulierum
911 557 1351 628 temperantiam.
1405 553 1558 610 Licet
1615 554 1688 617 ei,
1717 551 1813 621 qui
1868 565 1936 605 ex

367 671 523 711 more
572 665 763 709 nostro
797 653 968 707 vitam
1010 649 1265 713 instituit,
1299 649 1464 704 etiam
1504 646 1710 714 absque
1741 642 1937 698 litteris

366 747 765 821 philosophari,
791 762 886 802 seu
915 745 985 800 sit
1006 730 1292 805 barbarus,
1312 758 1406 798 seu
1430 739 1674 797 Gnaeus.
1702 752 1800 792 seu
1822 752 1940 790 ser-

365 857 488 907 vus,
515 857 610 897 seu
640 855 827 906 senex,
859 854 954 895 seu
998 838 1231 910 puellus,
1262 852 1356 891 seu
1400 833 1617 889 mulier.
1658 830 1754 885 Est
1791 830 1937 885 enim

367 934 724 1006 temperantia
758 932 1069 989 communis
1097 930 1340 985 omnium
1366 927 1672 992 hominum,
1702 924 1795 995 qui
1819 938 1939 978 eam

367 1028 686 1099 delegerint.
739 1024 835 1081 Est
885 1031 1070 1079 autem
1111 1022 1253 1093 apud
1288 1036 1391 1076 nos
1437 1027 1591 1075 extra
1626 1027 1940 1073 controver-

368 1121 526 1181 siam,
561 1117 807 1173 eamdem
836 1123 1084 1171 naturam
1116 1116 1170 1168 in
1192 1126 1523 1183 unoquoque
1552 1125 1766 1181 genere,
1791 1123 1942 1164 eam-

367 1212 488 1267 dem
512 1211 676 1265 etiam
702 1209 904 1263 habere
942 1204 1356 1261 virtutem.Non
1388 1204 1549 1259 aliam
1575 1218 1706 1272 ergo
1738 1201 1942 1256 habere

366 1308 620 1356 naturam
640 1300 853 1362 mulier,
876 1298 1019 1368 quod
1037 1298 1227 1352 attinet
1246 1296 1313 1351 ad
1338 1295 1752 1360 humanitatem,
1777 1294 1938 1348 aliam

368 1406 498 1445 vero
528 1389 741 1445 videtur
761 1390 842 1443 vir
866 1389 1086 1451 habere,
1115 1388 1209 1443 sed
1241 1388 1485 1442 eamdem
1520 1407 1533 1441 :
1570 1402 1742 1457 quare
1771 1387 1937 1442 etiam

369 1484 649 1538 virtutem.
680 1480 834 1549 Quod
868 1481 915 1536 si
952 1480 1054 1533 viri
1087 1481 1276 1551 utique
1303 1480 1478 1535 virtus
1508 1488 1592 1536 est
1634 1488 1942 1549 temperan-

369 1575 470 1640 tia,
498 1580 553 1627 et
583 1572 818 1643 justitia,
863 1580 917 1626 et
940 1586 1282 1643 quaecunque
1325 1571 1427 1625 has
1455 1569 1716 1639 consequi
1746 1567 1940 1623 existi—

368 1671 628 1728 mantur,
666 1671 778 1717 tum
824 1662 925 1717 soli
973 1662 1091 1717 viro
1118 1662 1371 1718 convenit
1412 1676 1533 1717 esse
1581 1661 1779 1716 virtute
1805 1674 1945 1730 prte-

369 1752 578 1819 ditum;
626 1753 839 1808 mulieri
877 1768 1027 1820 vero,
1073 1769 1196 1809 esse
1233 1753 1686 1823 intemperantem
1710 1761 1764 1807 et
1794 1751 1941 1822 inju-

2038 547 2247 603 σάντων
2274 545 2364 600 τὸν
2385 543 2634 616 ζὼπυρον
2666 541 2894 597 θάνατον
2939 543 3020 604 είς
3058 538 3293 612 Χριστὸν
3326 539 3458 611 παρ’
3495 538 3619 592 ὅλον

2036 639 2129 693 τὸν
2174 636 2306 707 βίον,
2341 635 2599 706 καθάπερ.
2630 631 2862 705 ἀνδρῶν,
2911 618 3158 689 οὖτωδὲ
3201 630 3297 684 καὶ
3337 628 3621 698 γυναικῶν

2039 731 2330 802 σωφρόνων
2357 729 2487 801 (97).
2530 727 2745 793 Ἔξεστι
2773 724 2881 798 γὰρ
2905 723 2983 796 τῷ
3014 723 3135 778 καθ’
3164 724 3315 795 ἡμᾶς
3338 721 3623 776 πολιτευο-

2042 825 2186 897 μένῳ
2229 825 2323 879 καὶ
2358 823 2487 878 ἄνευ
2513 820 2858 893 γραμμάτων
2894 818 3221 889 φιλοσοφεῖν,
3261 815 3363 870 κᾶν
3406 813 3623 886 βάρϐαο

2043 934 2132 988 ρος
2159 916 2269 988 (98)
2300 911 2355 991 ᾗ,
2385 916 2486 971 κᾶν
2509 914 2729 985 Ἕλλην,
2760 913 2863 969 κᾶν
2888 912 3072 977 δοῦλος
3091 952 3106 978 ,
3135 910 3238 966 κᾶν
3271 910 3452 983 γέρων
3470 950 3486 974 ,
3518 907 3624 963 κᾶν

2041 1009 2270 1074 παιδίον,
2298 1007 2400 1063 κᾶν
2430 1009 2583 1079 γυνή·
2624 1005 2777 1077 κοινὴ
2814 1004 2924 1077 γὰρ
2965 1004 3223 1071 ἁπάντων,
3256 1002 3362 1056 τῶν
3403 1000 3624 1074 ἀνθρὼ-

2040 1120 2157 1156 πων
2181 1146 2194 1167 ,
2223 1101 2329 1155 τῶν
2358 1118 2422 1171 γε
2466 1100 2767 1172 ἑλομένων,
2806 1101 2842 1170 ἡ
2871 1096 3215 1169 σωφροσύνη.
3256 1097 3625 1169 Ὠμολόγηται

2039 1195 2084 1248 δ’
2118 1196 2249 1265 ἡμῖν
2276 1192 2373 1264 τὴν
2404 1191 2571 1264 αὐτὴν
2605 1190 2765 1261 φύσιν
2804 1190 2946 1244 κατὰ
2990 1190 3147 1259 γένος
3197 1190 3462 1248 ἕκαστον.
3520 1188 3624 1260 τὴν

2040 1288 2210 1359 αὐτὴν
2249 1288 2344 1341 καὶ
2375 1286 2545 1357 ἴσχειν
2570 1286 2793 1358 ἀρετήν.
2825 1285 2940 1339 Οὐκ
2964 1284 3132 1355 ἄλλην
3154 1283 3332 1338 τοίνυν
3361 1283 3501 1354 πρὸς
3522 1281 3621 1353 τὴν

2041 1376 2439 1448 ἀνθρωπότητα
2463 1374 2624 1444 φύσιν
2656 1374 2767 1447 ἔχει
2782 1376 2891 1447 (99)
2910 1377 2945 1447 ἡ
2972 1373 3129 1446 γυνὴ,
3155 1373 3319 1443 ἄλλην
3345 1373 3402 1426 δὲ
3425 1375 3456 1425 ὁ
3481 1372 3625 1446 ἀνὴρ

2044 1469 2321 1539 φαίνεται,
2364 1467 2480 1522 ἀλλ’
2512 1469 2545 1541 ἢ
2576 1468 2674 1539 τὴν
2708 1469 2901 1539 αὑτήν*
2936 1465 3078 1539 ὥστε
3115 1466 3210 1518 καὶ
3249 1464 3343 1536 τὴν
3391 1466 3625 1536 ἀρετήν.

2042 1560 2105 1614 Εἰ
2133 1559 2191 1613 δὲ
2216 1558 2412 1632 ἀνδρὸς
2443 1556 2615 1631 ἀρετὴ
2637 1555 2958 1629 σωφροσύνη
2986 1555 3273 1627 δήπουθεν,
3303 1554 3399 1608 καὶ
3421 1554 3631 1607 δικαιο-

2044 1648 2199 1721 σύνη,
2232 1649 2328 1705 καὶ
2355 1650 2476 1703 ὅσαι
2504 1647 2728 1712 ταύταις
2756 1645 3045 1701 ἀκόλουθοι
3083 1644 3425 1717 νομίζονται,
3465 1646 3631 1717 ἀνδρὶ

2047 1742 2194 1814 μόνῳ
2219 1742 2463 1815 ὲναρέτῳ
2493 1737 2633 1796 εἶναι
2658 1742 2950 1815 προσήκει,
2982 1739 3204 1808 γυναικὶ
3238 1738 3296 1792 δὲ
3334 1739 3632 1809 ἀκολάστῳ

370 1855 534 1899 stam.
567 1845 730 1914 Atqui
767 1855 924 1915 turpe
951 1854 1036 1901 est
1077 1853 1182 1900 hoc
1204 1844 1291 1900 vel
1323 1844 1542 1900 dicere:
1575 1842 1947 1913 temperantiae

2051 1836 2140 1891 καὶ
2166 1835 2359 1909 ἀδίκῳ.
2399 1834 2558 1890 Ἀλλὰ
2591 1834 2839 1906 ἀπρεπὲς
2865 1833 3021 1888 τοῦτο
3056 1831 3152 1886 καὶ
3176 1830 3374 1901 λέγειν·
3409 1847 3632 1903 σωφρο-

370 1950 502 2007 ergo
525 1943 579 1991 et
597 1934 846 2005 iustitiae,
879 1944 934 1991 et
963 1935 1173 1990 caneris
1205 1934 1496 1989 virtutibus
1544 1933 1798 1988 similiter
1826 1931 1949 2003 qui-

370 2024 493 2080 dem
527 2025 702 2081 virum
741 2034 796 2081 et
830 2025 1135 2091 mulierem,
1174 2024 1405 2078 liberum
1446 2031 1497 2077 et
1534 2037 1777 2088 servum,
1815 2036 1947 2091 ope-

369 2131 490 2170 ram
513 2123 730 2186 oportet
765 2116 942 2184 dare;
980 2114 1423 2185 quandoquidem
1457 2113 1702 2183 ejusdem
1726 2111 1949 2167 virtutis

370 2223 599 2278 capaces
620 2214 770 2275 sunt,
787 2223 913 2265 cum
937 2208 1180 2278 ejusdem
1210 2216 1419 2262 naturae
1442 2205 1571 2289 sint.
1593 2205 1779 2275 Atqui,
1803 2204 1949 2275 quod

370 2304 442 2359 sit
472 2303 689 2372 quidem
720 2301 910 2356 eadem
949 2309 1145 2356 natura
1183 2299 1400 2355 feminae
1443 2315 1564 2370 qua:
1597 2300 1723 2365 viri,
1758 2307 1951 2371 quate-

370 2412 476 2452 nus
502 2405 583 2452 est
611 2394 833 2461 femina,
866 2408 975 2448 non
1019 2391 1287 2458 dicimus;
1320 2392 1545 2444 omnino
1585 2390 1732 2444 enim
1761 2403 1953 2444 conve-

368 2488 455 2544 nit
483 2488 698 2557 utrique
724 2501 913 2541 eorum
942 2496 1002 2538 ut
1028 2484 1204 2539 aliena
1239 2483 1379 2537 inter
1418 2498 1513 2537 eos
1547 2481 1849 2538 differentia
1881 2483 1952 2538 sit

367 2595 467 2647 per
496 2593 661 2649 quam
683 2591 852 2630 unum
880 2573 1099 2644 quidem
1130 2588 1318 2629 eorum
1354 2572 1646 2628 femineum
1667 2613 1683 2637 ,
1716 2573 1949 2628 alterum

368 2654 521 2726 vero,
552 2666 855 2723 masculum
899 2666 1134 2720 dicatur.
1184 2663 1411 2720 Uterum
1460 2680 1590 2736 ergo
1638 2674 1849 2737 gestare
1898 2673 1954 2719 et

369 2776 584 2834 parere,
618 2758 833 2814 femina)
882 2757 1076 2813 adesse
1124 2756 1383 2817 dicimus,
1423 2767 1695 2828 quatenus
1737 2766 1821 2813 est
1869 2755 1951 2812 fe—

366 2855 545 2919 mina,
572 2866 681 2906 non
713 2857 985 2919 quatenus
1014 2859 1097 2905 est
1128 2851 1310 2905 homo.
1342 2849 1397 2904 Si
1432 2860 1612 2905 autem
1650 2849 1754 2904 viri
1785 2859 1837 2904 et
1875 2849 1955 2905 fe-

368 2946 535 3002 minae
567 2944 716 2999 nulla
752 2949 899 2997 esset
927 2941 1251 3008 differentia,
1292 2954 1523 3013 uterque
1550 2957 1740 2998 eorum
1762 2943 1950 2998 eadem

368 3046 555 3108 ageret
583 3046 637 3092 et
685 3045 977 3106 pateretur.
1015 3033 1297 3100 Quatenus
1363 3047 1495 3103 ergo
1540 3041 1626 3087 est
1656 3031 1846 3086 eadem
1889 3046 1954 3086 eo

370 3128 516 3197 quod
549 3128 746 3182 habeat
786 3127 1036 3183 eamdem
1083 3124 1346 3187 animam,
1383 3122 1565 3177 veniet
1590 3121 1660 3176 ad
1704 3122 1950 3177 eamdem

2048 1926 2214 2000 σύνης
2258 1924 2350 1984 οὗν
2402 1927 2760 2001 ἐπιμελητέον
2799 1927 2894 1982 καὶ
2930 1924 3313 1997 δικαιοσύνης,
3374 1925 3472 1979 καὶ
3527 1925 3633 1996 τῆς

2045 2023 2212 2094 ἄλλης
2231 2023 2435 2096 ἀρετῆς
2465 2022 2709 2094 ἁπάσης,
2747 2023 2951 2094 ὁμοίως
2996 2022 3095 2093 μὲν
3131 2019 3380 2090 γυναικὶ,
3421 2016 3633 2089 ὁμοίως

2045 2114 2103 2168 δὲ
2131 2113 2321 2186 ἀνδρὶ,
2356 2113 2629 2186 ἐλευθέρῳ
2655 2130 2714 2166 τε
2747 2114 2841 2168 καὶ
2874 2111 3065 2184 δούλῳο
3108 2110 3295 2184 ἐπειδὴ
3336 2110 3499 2182 μίαν,
3530 2105 3634 2162 καὶ

2046 2206 2142 2280 τὴν
2176 2208 2345 2279 αὐτὴν
2397 2207 2600 2281 ἀρετὴν
2631 2202 2771 2262 εἶναι
2818 2207 2919 2278 τῆς
2955 2205 3128 2277 αὐτῆς
3155 2204 3372 2275 φύσεως
3417 2202 3633 2275 συμϐέ-

2048 2301 2236 2373 6ηκεν.
2272 2303 2347 2355 Τὸ
2386 2302 2485 2373 μὲν
2509 2302 2688 2356 τοίνυν
2720 2302 2819 2373 τὴν
2846 2300 3017 2373 αὐτὴν
3048 2295 3189 2354 εἶναι
3217 2298 3378 2368 φύσιν
3404 2297 3500 2353 τοῦ
3534 2296 3633 2370 θή-

2046 2394 2168 2459 λεος
2215 2394 2353 2467 πρὸς
2401 2394 2460 2447 τὸ
2515 2395 2703 2467 ἄρρεν,
2763 2393 2898 2449 καθὸ
2926 2391 3058 2465 θῆλύ
3091 2394 3270 2457 ἐστιν,
3314 2391 3376 2447 οὐ
3422 2390 3630 2462 φαμέν·

2050 2488 2267 2550 πάντως
2309 2485 2418 2558 γάρ
2454 2501 2577 2540 τινα
2616 2484 2710 2539 καὶ
2747 2484 3009 2557 διαφορὰν
3047 2483 3315 2555 ὑπάρχειν
3352 2484 3635 2555 προσῆκεν

2048 2576 2292 2649 ἐκατέρῳ
2334 2575 2571 2641 τούτων,
2603 2576 2671 2630 δι’
2699 2576 2766 2648 ἢν
2794 2576 2854 2629 τὸ
2882 2577 2990 2648 μὲν
3037 2574 3170 2645 θῆλυ
3216 2573 3429 2642 αὐτῶν,
3476 2576 3539 2631 τὸ
3572 2576 3636 2630 δι

2049 2671 2216 2744 ἄρρεν
2237 2671 2480 2741 γέγονεν’
2517 2672 2578 2726 τὸ
2608 2671 2739 2741 γοῦν
2772 2674 3062 2742 κυοφορεῖν
3094 2671 3190 2725 καὶ
3217 2672 3277 2725 τὺ
3312 2671 3516 2726 τίκτειν
3563 2672 3633 2740 τῇ

2049 2762 2269 2831 γυναικὶ
2299 2762 2577 2834 προσεῖναί
2606 2777 2809 2833 φαμεν,
2846 2760 2985 2816 καθὸ
3019 2761 3207 2833 θήλεια
3231 2763 3525 2833 τυγχάνει,
3569 2763 3637 2815 οὐ

2050 2852 2186 2907 καθὸ
2209 2852 2511 2926 ἄνθρωπος.
2531 2854 2595 2908 Εἰ
2618 2853 2675 2908 δὲ
2696 2852 2864 2927 μηδὲν
2884 2850 2951 2927 ἦν
2975 2855 3035 2909 τὸ
3051 2855 3307 2927 διάφορον
3318 2854 3514 2927 ἀνδρὸς
3539 2855 3640 2909 καὶ

2051 2948 2344 3019 γυναικὸς,
2387 2947 2454 3001 τὰ
2478 2948 2617 3003 αὐτὰ
2642 2947 2709 3003 ἂν
2751 2949 3013 3021 ἑκάτερον
3044 2949 3224 3004 αὐτῶν
3272 2949 3347 3020 (1)
3393 2949 3529 3022 ἔδρα
3575 2966 3637 3003 τε

2052 3042 2147 3096 καὶ
2180 3041 2437 3112 ἔπασχεν.
2471 3037 2549 3114 ’ᾞ
2584 3042 2681 3113 μὲν
2711 3041 2893 3095 τοίνυν
2917 3042 3112 3097 ταυτόν
3145 3044 3261 3097 ἐστι
3293 3042 3429 3113 καθὸ
3459 3043 3637 3114 ψυχὴ,

2052 3133 2223 3206 ταύτῃ
2268 3136 2362 3189 ἐπὶ
2394 3134 2493 3207 τὴν
2529 3133 2700 3206 αὐτὴν
2750 3135 3004 3203 ἀφίξεται
3054 3136 3278 3208 ἀρετήν·
3333 3130 3370 3211 ᾗ
3417 3136 3476 3189 δὲ
3521 3134 3641 3199 διᾴ-

369 3222 667 3289 virtutem;
737 3228 1009 3291 quatenus
1064 3226 1246 3273 autem
1289 3216 1504 3270 diversa
1560 3230 1656 3284 per
1698 3214 1939 3285 proprie-

2055 3204 2253 3300 φορον,
2305 3204 2459 3281 κατὰή
2494 3225 2591 3298 τὴν
2638 3204 2732 3279 τοῦ
2776 3223 3029 3296 σώματος
3070 3204 3309 3297 ἰδιότητα
3324 3204 3369 3291 ,⁷-
3386 3226 3485 3287 ἐπὶ
3540 3228 3641 3291 τὰς

369 3324 537 3377 tatem
566 3314 832 3382 corporis,
859 3313 926 3375 ad
954 3321 1108 3367 utero
1137 3309 1428 3383 gestantlos
1455 3314 1512 3374 >I<
1540 3307 1703 3371 fetus.
1748 3317 1803 3364 et
1833 3323 1949 3364 ser-

369 3407 606 3463 vandam
635 3407 880 3467 domum.
915 3422 936 3455 ι
966 3401 1104 3459 Volo
1144 3422 1164 3455 ι
1195 3401 1372 3465 enim,
1415 3401 1588 3472 inquit
1633 3399 1944 3471 Apostolus,

375 3520 395 3551 ι
420 3515 521 3556 vos
549 3501 709 3565 seire,
746 3498 893 3571 quod
933 3498 1182 3568 cujusvis
1219 3496 1323 3551 viri
1352 3505 1519 3566 caput
1559 3502 1644 3550 est
1672 3494 1945 3560 Christus,

371 3602 534 3665 caput
590 3603 771 3648 autem
839 3591 1084 3646 mulieris
1128 3589 1233 3644 vir.
1286 3586 1405 3643 Non
1461 3595 1548 3643 est
1596 3587 1741 3641 enim
1771 3588 1855 3643 vir
1880 3602 1946 3642 ex

371 3686 622 3749 muliere,
654 3683 749 3739 sed
785 3683 984 3738 mulier
1007 3696 1075 3736 ex
1104 3681 1241 3736 viro.
1285 3679 1391 3734 Sed
1423 3693 1602 3749 neque
1641 3678 1838 3737 mulier
1865 3687 1950 3734 est

371 3788 622 3850 separata
657 3794 688 3834 a
715 3778 854 3842 viro,
908 3791 1087 3846 neque
1114 3775 1197 3829 vir
1228 3781 1515 3843 separatus
1562 3787 1593 3827 a
1622 3772 1849 3826 muliere
1890 3772 1946 3826 in

371 3867 607 3924 Domino
633 3882 680 3923 ι.
719 3887 739 3920 ι
796 3865 952 3922 Sicut
984 3867 1130 3922 enim
1166 3866 1345 3921 virum
1380 3880 1501 3921 esse
1551 3873 1944 3936 temperantem

369 3972 428 4019 ct
451 3964 669 4018 vincere
710 3962 1015 4031 voluptates
1063 3968 1313 4032 oportere
1350 3957 1616 4024 dicimus,
1659 3960 1736 4015 ita
1781 3960 1944 4017 etiam

371 4070 662 4111 censemus
691 4053 973 4110 mulierem
1005 4069 1126 4110 esse
1166 4063 1418 4124 oportere
1450 4063 1864 4125 temperantem,
1893 4062 1948 4107 et

370 4145 426 4204 in
456 4164 636 4220 pugna
679 4149 943 4205 adversus
1004 4146 1309 4216 voluptates
1346 4147 1720 4202 exercitatam.
1763 4164 1783 4198 ι
1814 4145 1948 4203 Dico

370 4250 576 4306 autem,
607 4240 804 4311 spiritu
836 4240 1133 4309 ambulate,
1162 4248 1216 4294 et
1243 4238 1576 4296 desiderium
1620 4238 1802 4294 carnis
1836 4253 1946 4294 non

370 4334 641 4398 feceritis,
692 4354 712 4388 ι
745 4343 1074 4405 praeceptum
1105 4334 1345 4390 consulit
1366 4334 1724 4405 apostolicum
1752 4333 1947 4389 :«Caro

369 4430 518 4484 enim
547 4427 884 4499 concupiscit
913 4428 1174 4483 adversus
1205 4428 1480 4498 spiritum,
1508 4426 1736 4499 spiritus
1764 4435 1945 4483 autem

2050 3320 2290 3390 κυήσεις,
2320 3319 2413 3373 καὶ
2436 3317 2534 3390 τὴν
2559 3318 2855 3390 οἰκουρίαν.
2880 3339 2898 3371 ι
2921 3320 3072 3374 Θέλω
3096 3339 3115 3371 ι
3136 3320 3245 3393 γάρ
3267 3317 3345 3391 (2)
3367 3339 3386 3372 ι
3411 3320 3582 3391 ὑμᾶς,
3614 3339 3637 3373 ι

2050 3411 2213 3479 φησὶν
2243 3413 2272 3465 ὁ
2302 3410 2639 3476 Ἀπόστολσς,
2693 3429 2712 3462 ι
2767 3410 2962 3464 εἰδέναι
3002 3411 3083 3465 ὃτι
3126 3410 3324 3475 παντὸς
3367 3410 3565 3482 ἀνδρὸς
3602 3411 3642 3481 ἡ

2050 3501 2258 3576 κεφαλὴ
2286 3504 2314 3556 ὁ
2341 3503 2606 3575 Χριστός·
2659 3503 2868 3575 κεφαλὴ
2908 3503 2965 3557 δὲ
3007 3503 3263 3572 γυναικὸς
3301 3505 3330 3558 ὁ
3362 3504 3536 3577 ἀνήρ’
3576 3504 3643 3558 οὗ

2048 3594 2155 3665 γάρ
2182 3597 2327 3649 ἐστιν
2372 3598 2436 3650 ἐκ
2473 3596 2730 3667 γυναικὸς
2763 3595 2923 3667 ἀνὴρ,
2961 3595 3095 3651 ἀλλά
3136 3595 3275 3668 γυνὴ
3316 3595 3377 3660 ἐξ
3421 3596 3643 3668 ἀνδρὸς.

2049 3685 2194 3759 Πλὴν
2214 3685 2335 3740 οὔτε
2354 3689 2488 3760 γυνὴ
2506 3690 2675 3761 χωρὶς
2701 3689 2911 3761 ἀνδρὸς,
2932 3687 3055 3742 οὗτε
3080 3688 3219 3760 ἀνὴρ
3248 3688 3419 3758 χωρὶς
3450 3704 3646 3755 γυναι-

2049 3776 2144 3841 κὸς
2189 3779 2247 3832 ὲν
2290 3779 2497 3852 Κυρίῳ.
2537 3798 2556 3830 ι
2592 3780 2682 3844 Ὠς
2713 3779 2822 3851 γὰρ
2874 3778 3126 3851 σώφρονα
3171 3778 3262 3833 τὸν
3311 3777 3503 3850 ἄνδρα,
3549 3779 3645 3830 καὶ

2047 3872 2156 3924 τῶν
2197 3870 2398 3942 ἡδονῶν
2447 3873 2731 3944 κρείττονα
2776 3873 2886 3927 δεῖν
2931 3868 3073 3926 εἶναι
3126 3872 3323 3944 φαμὲν,
3352 3869 3501 3925 οὓτω
3547 3870 3647 3924 καὶ

2047 3962 2145 4036 τὴν
2170 3965 2406 4033 γυναῖκα
2461 3963 2713 4038 σώφρονά
2756 3985 2818 4021 τε
2867 3966 3069 4039 ὁμοίως
3101 3963 3436 4035 ἀξιώσαιμεν
3477 3957 3643 4026 εἶναι,

2048 4057 2143 4109 καὶ
2187 4057 2324 4131 πρὸς
2370 4059 2469 4124 τὰς
2518 4059 2712 4131 ἡδονὰς
2759 4058 3120 4135 διαμάχεσθαι
3182 4056 3641 4131 μεμελετηκυῖαν.

2054 4166 2072 4199 ι
2101 4148 2258 4219 Λέγω
2280 4149 2358 4214 δὲ,
2382 4149 2651 4221 πνεύματι
2678 4154 3047 4224 περιπατεῖτε,
3075 4151 3165 4205 καὶ
3189 4147 3486 4220 ἐπιθυμίαν
3512 4165 3646 4220 σαρ-

2048 4244 2143 4308 κὸς
2190 4244 2251 4298 ού
2302 4243 2375 4315 μὴ
2423 4244 2677 4317 τελέσητε
2697 4284 2712 4309 ,
2760 4245 2838 4316 »ἡ
2877 4242 3232 4313 ’Δποστολικὴ
3280 4239 3647 4312 συμϐουλεύει

2049 4337 2235 4411 ἐντολή
2257 4355 2271 4370 ο
2307 4357 2326 4391 ι
2368 4339 2434 4392 Ἡ
2468 4338 2576 4412 γὰρ
2611 4335 2750 4411 σὰρξ
2784 4337 3040 4409 ἐπιθυμεῖ
3087 4335 3227 4390 κατά
3264 4333 3361 4387 τοῦ
3396 4334 3649 4405 πνεύμα-

2049 4448 2158 4499 τος,
2193 4430 2254 4484 τὸ
2275 4430 2333 4485 δὲ
2355 4429 2570 4502 πνεῦμα
2606 4430 2747 4485 κατὰ
2775 4430 2875 4502 τῆς
2895 4429 3116 4501 σαρκός.
3148 4426 3334 4481 Ταῦτα
3367 4421 3464 4481 οὖν
3492 4424 3647 4479 ἀντί-

373 4521 634 4589 adversus
659 4537 901 4576 carnem.
951 4518 1077 4576 Hmc
1105 4535 1236 4592 ergo
1262 4530 1630 4591 opponuntur,
1666 4539 1686 4573 ι
1746 4536 1855 4585 non
1887 4529 1947 4575 ut

2051 4540 2249 4588 κειται,
2279 4544 2298 4576 ›
2329 4524 2426 4592 οὐχ
2460 4524 2536 4588 ὡς
2580 4523 2747 4577 κακὸν
2772 4520 2981 4593 ἀγαθῷ,
3004 4520 3118 4575 ἀλλ’
3139 4518 3213 4583 ὡς
3255 4518 3649 4590 συμφερόντως

372 4613 578 4667 malum
610 4613 791 4676 bono,
855 4613 950 4668 sed
985 4623 1044 4669 ut
1068 4628 1191 4684 quae
1231 4622 1477 4685 pugnant
1519 4614 1743 4671 utiliter.
1806 4611 1948 4668 Sub—

367 4703 546 4777 jungit
572 4705 794 4775 itaque:
826 4723 846 4754 ι
878 4702 949 4759 Ut
980 4719 1089 4761 non
1120 4721 1243 4776 qua:
1272 4705 1578 4772 volueritis,
1615 4722 1676 4762 ea
1708 4702 1969 4763 faciatis.'

372 4793 657 4869 Manifesta
697 4808 879 4853 autem
912 4805 1035 4861 sunt
1069 4812 1232 4871 opera
1279 4798 1482 4862 carnis,
1516 4814 1639 4869 quae
1677 4807 1807 4865 sunt
1837 4799 1949 4855 for-

2057 4616 2356 4689 μαχόμενα.
2401 4615 2680 4686 Ἐπιφέρει
2723 4613 2881 4683 γοῦν·
2924 4614 3074 4667 «Ἵνα
3128 4611 3203 4684 μὴ
3242 4610 3277 4665 ἃ
3314 4609 3379 4663 ἂν
3425 4608 3644 4680 θέλητε,

2053 4708 2225 4765 ταῦτα
2267 4710 2476 4781 ποιῆτε.
2502 4706 2716 4780 Φανερά
2752 4707 2809 4762 δέ
2852 4709 2968 4760 ἐστι
2998 4704 3068 4761 τὰ
3111 4703 3248 4779 ἔργα
3286 4702 3385 4774 τῆς
3418 4700 3644 4774 σαρκὸς,

2055 4802 2214 4857 ἅτινά
2239 4804 2377 4866 ἐστι,
2399 4801 2631 4872 πορνεία
2657 4800 2757 4872 (3),
2789 4797 3121 4873 ἀκαθαρσία,
3171 4796 3453 4866 ἀσέλγεια,
3486 4793 3649 4848 εἰδω-

444 4964 504 5019 ἦι
546 4955 608 5016 Ρ..
639 4957 736 5013 591
772 4955 880 5012 ED.
914 4955 1212 5026 POTTER,
1251 4959 1358 5014 498
1396 4957 1505 5012 ED.
1542 4957 1767 5015 PARIS.
1809 4974 1835 5003 ι
1864 4958 1947 5017 lC

2075 4976 2149 5028 τι,
2188 4960 2242 5025 5,
2276 4960 2331 5027 8,
2359 4959 2445 5012 ll.

442 5101 558 5169 (97)
585 5100 1476 5175 eratxtigr_0‘oy.7Tertullianus
1507 5103 1604 5157 lib.
1637 5101 1722 5175 .44
1753 5113 1955 5175 marty-

373 5189 478 5236 res,
503 5186 624 5244 cap.
658 5171 694 5225 4
723 5190 792 5244 ς(
832 5170 936 5244 Sed
970 5170 1196 5243 spiritus
1222 5182 1585 5244 contraponat
1612 5172 1715 5229 sibi
1745 5184 1799 5229 et
1827 5170 1952 5230 car—

374 5245 453 5309 ni,
483 5243 679 5314 acerba
728 5243 858 5297 licet
904 5242 1032 5307 ista,
1061 5260 1091 5299 a
1124 5244 1314 5312 multis
1344 5242 1529 5299 tamen
1571 5260 1730 5314 aequo
1766 5246 1954 5300 animo

372 5322 621 5385 excepta,
650 5312 841 5386 imoet
864 5314 1007 5368 ultro
1043 5317 1298 5386 appetita,
1324 5314 1483 5371 fama:
1518 5325 1573 5371 et
1608 5312 1793 5386 gloriae
1821 5331 1954 5372 cau-

372 5401 470 5451 sa;
506 5383 609 5440 nec
633 5400 664 5439 a
698 5383 826 5438 viris
856 5383 1093 5451 tantum,
1116 5383 1214 5442 sed
1246 5387 1411 5441 etiam
1437 5401 1467 5439 a
1501 5383 1742 5452 feminis,
1770 5397 1829 5441 ut
1855 5404 1953 5443 vos

370 5472 613 5542 quoque,
638 5453 956 5537 benedictae,
983 5458 1137 5511 sexui
1161 5466 1343 5513 vestro
1370 5456 1766 5527 respondeatis,
1802 5478 1820 5510 ι
1844 5468 1950 5513 etc.

371 5526 533 5582 Lonf.
562 5528 782 5582 Pwdaa.
810 5526 905 5580 11b.
937 5541 977 5582 t.
1006 5542 1056 5581 c.
1088 5528 1142 5582 4.

456 5544 533 5582 ut.
562 5544 782 5590 rwaag.
811 5544 905 5580 ut).
937 5544 977 5590 ι,
1006 5544 1056 5581 c.
1088 5544 1142 5582 4.

445 5543 533 5582 mt.
562 5543 782 5598 rwaag.
811 5543 905 5580 un.
937 5543 977 5590 ι,
1006 5543 1056 5581 c.
1088 5543 1142 5582 4.

445 5598 559 5669 (98)
588 5596 716 5653 Κᾶν
739 5596 1066 5669 βάρϐαρος.
1096 5597 1271 5654 Galat.
1308 5614 1390 5659 ιιι,
1420 5598 1526 5654 28ε
1557 5599 1671 5652 Οὐκ
1702 5599 1781 5653 ἔνι
1827 5600 1956 5652 ’1ου-

371 5667 547 5742 δαῖος,
577 5670 699 5742 ούδὲ
735 5667 1103 5742 Ἕλληνχούκ
1141 5669 1219 5742 {ut
1257 5669 1462 5742 δοῦλος,
1496 5670 1616 5723 οὐδὲ
1649 5670 1950 5742 ἐλεύθερος·

371 5738 473 5793 οὐκ
502 5740 582 5862 Egi.
613 5740 798 5811 ἄρσεν,
837 5738 931 5793 καὶ
957 5738 1109 5810 θῆλυ.
1141 5739 1299 5795 Conf.
1344 5739 1504 5797 Rom.
1544 5757 1597 5800 κ.
1636 5742 1735 5805 l2;
1776 5738 1950 5795 lCur.

373 5825 475 5862 ιιι.
577 5852 587 5862 .

373 5825 475 5873 ιιι,
502 5812 587 5865 l5.

446 5881 557 5951 (99)
589 5883 764 5960 Ἔχει.
799 5881 1017 5939 Rectius
1042 5881 1181 5936 forte
1211 5880 1353 5953 ἔχειν
1384 5882 1536 5938 inﬁn.
1570 5882 1752 5948 modo,
1781 5892 1839 5938 ut
1867 5898 1951 5939 re-

2063 5112 2224 5174 gatur
2248 5115 2281 5174 α
2298 5099 2480 5174 verbo
2508 5101 2777 5174 φαίνεται.
2813 5098 3077 5174 Svuaonc.

2133 5173 2208 5256 (Ι)
2249 5164 2561 5256 Ὲλιάτεροὶρ
2614 5169 2831 5226 αὐτῶν.
2891 5170 3055 5224 Forte
3113 5164 3318 5221 rectius
3379 5164 3649 5239 ἑκάτερος

2060 5242 2259 5298 αὐτῶν.
2302 5242 2567 5297 SvLauaG.

2132 5315 2210 5386 (2)
2250 5311 2402 5386 ΑΓάρ.
2439 5312 2727 5386 AélCor.
2769 5327 2849 5386 xi,
2886 5311 2980 5386 ubi
3021 5324 3173 5386 mox,
3213 5308 3410 5386 ἀνδρδς
3446 5310 3484 5382 ἡ
3514 5324 3646 5386 κερ.

2058 5381 2436 5457 Χριστόςνὲ-στι
2454 5384 2646 5457 χρίσω,
2676 5382 2737 5457 οὐ
2763 5384 2870 5455 γὰρ
2895 5382 3036 5457 ἀνὴρ
3068 5382 3133 5434 ἐκ
3152 5381 3411 5457 γυναικιξς
3430 5396 3446 5410 ·
3478 5394 3589 5449 pan

2058 5449 2211 5527 post,
2259 5452 2564 5527 aliquoties
2601 5454 2741 5527 ἀνὴρ
2776 5449 2949 5527 χωρὶς
2987 5449 3286 5521 γυναικὸς,
3334 5450 3461 5504 οὔτε
3506 5449 3647 5521 γυνὴ

2059 5526 2229 5600 χωρὶς
2266 5526 2475 5599 ἀνδρός.
2696 5526 2699 5527 ⁷

2133 5598 2210 5670 (5)
2248 5596 2447 5652 "Anni
2476 5597 2629 5662 ἐστι,
2662 5608 2725 5650 π.
2763 5594 2955 5650 Ἀτινά
2979 5596 3114 5659 ἐστι,
3149 5593 3387 5664 μοιχεία,
3419 5609 3509 5655 π.,
3538 5589 3650 5647 Ga-

2057 5669 2180 5723 lat..
2226 5668 2318 5722 ubi
2370 5683 2519 5723 mox.
2577 5666 2897 5723 φαρμακεία
2939 5681 3039 5723 pro
3081 5664 3461 5723 φαρμακεῖαιο
3492 5663 3647 5723 dein.

2061 5678 2180 5731 lat.,
2226 5678 2318 5722 ubi
2370 5683 2519 5732 mox,
2577 5678 2897 5741 φαρμακεία
2939 5681 3039 5737 pro
3081 5680 3461 5788 φαὲμακειαι·
3492 5678 3647 5724 aetn,

2061 5739 2266 5824 φθόνοι,
2308 5738 2477 5824 φδνοι,
2510 5738 2647 5824 μεθ.
2692 5738 2852 5824 paulo
2880 5734 3164 5824 ροεῑἊάγα
3200 5733 3647 5824 ω’σύνη..πίσῖἱςζ

2062 5802 2669 5932 πραότηῖίὲγκρᾶτεια.
2692 5802 2847 5877 Mox,
2880 5802 3207 5878 παραθεῖναι
3231 5802 3379 5861 forte
3400 5806 3499 5875 leg.
3534 5808 3649 5875 pro

2062 5898 2280 5951 παρατα
2317 5897 2465 5950 ηναι.
