3956 6318
319 323 458 378 1277

1551 323 1980 382 STROMATUM
2022 325 2149 382 [ΛΒ.
2196 326 2282 381 ιν.

3411 334 3546 389 1278

321 462 341 494 ι
377 441 444 496 Δί
491 445 764 511 γυναῖκες,
803 445 984 515 φησιν,
1024 443 1388 497 ὑποτάσσεσθε
1440 447 1552 507 τοῖς
1603 445 1867 518 ἀνδράσιν,

1981 463 2100 501 esse
2135 447 2306 501 amari
2357 448 2410 501 in
2461 447 2598 503 illas.
2633 449 2776 511 Filii,
2819 451 3036 506 obcdite
3087 449 3399 519 parentibus
3449 467 3547 518 per

313 534 390 598 ὡς
421 534 612 604 ἀνήκει
655 535 765 604 (16)
794 537 849 588 ἐν
896 535 1100 607 Κυρίῳ.
1152 539 1212 588 Οί
1263 535 1472 608 ἄνδρες,
1511 537 1757 605 ἀγαπᾶτε
1784 539 1882 601 τὰς

313 627 597 693 γυναῖκας,
625 626 716 679 καὶ⁹
743 627 816 697 μὴ
843 627 1189 700 πικραίνεσθε
1216 627 1350 698 πρὸς
1375 629 1559 691 αύτάς.
1593 629 1670 681 Τά
1693 629 1878 692 τέκνα,

313 715 618 770 ὑπακούετε
652 719 763 780 τοῖς
786 718 999 786 γονεῦσι
1027 717 1169 772 κατά
1195 719 1371 773 πάντα
1389 735 1402 749 ·
1443 719 1598 776 τοῦτο
1623 719 1731 791 γὰρ
1755 721 1881 774 εὑά-

314 825 503 878 ρεστον
550 808 628 880 τῷ
666 809 872 882 Κυρίῳ.
932 813 993 864 Οἱ
1043 811 1307 883 πατέρες,
1367 810 1442 883 μὴ
1496 810 1764 883 ἐρεθίζετε
1811 812 1878 866 τὰ

309 899 475 953 τέκνα
502 901 676 972 ὑμῶν,
703 902 788 955 ἵνα
819 901 892 973 μὴ
919 902 1216 974 ἀθυμῶσιν.
1251 905 1314 957 Ui
1345 904 1540 970 δοῦλοι,
1575 905 1875 958 ὑπακούετε

311 991 450 1044 κατά
483 991 659 1045 πάντα
691 995 803 1056 τοῖς
833 992 972 1046 κατά
1017 993 1192 1064 σάρκα
1220 996 1447 1068 κυρίοις,
1493 996 1565 1067 μὴ
1591 998 1647 1048 ἐν
1675 995 1876 1066 ὀφθαλ-

311 1075 650 1146 μοδουλείαις
691 1077 766 1142 ὡς
814 1079 1282 1152 ἀνθρωπάρεσκοι,
1325 1083 1440 1136 ἀλλ’
1507 1087 1566 1137 ἐν
1615 1084 1876 1156 ἁπλότητι

307 1167 554 1236 καρδίας,
607 1169 925 1240 φοϐούμενοι
977 1170 1068 1224 τὸν
1118 1173 1351 1244 Κύριον·
1405 1177 1498 1229 και)⁹
1551 1178 1657 1229 πᾶν
1703 1177 1732 1228 ὃ
1778 1175 1872 1229 ἐάν

308 1259 499 1330 ποιῆτε
533 1258 665 1331 (17),
697 1262 762 1314 ἐκ
782 1261 960 1332 ψυχῆς
994 1263 1306 1336 ἐργάζεσθε,
1337 1266 1410 1330 ὡς
1431 1267 1508 1337 τῷ
1544 1267 1733 1339 Κυρίῳ
1757 1268 1874 1320 δου-

306 1345 571 1413 λεύοντες,
597 1350 688 1403 καὶ
713 1351 812 1404 οὑκ
838 1351 1160 1424 ἀνθρώποις,
1184 1355 1381 1420 εἰδότες
1407 1358 1488 1409 ὅτι
1523 1358 1630 1410 ἀπὺ
1668 1357 1871 1428 Κυρίου

307 1438 646 1511 ἀπολήψεσθε
677 1443 774 1514 τὴν
807 1445 1157 1498 ἀνταπόδοσιν
1207 1447 1306 1517 τῆς
1358 1447 1747 1520 κληρονομίας’
1795 1449 1873 1520 τῷ

305 1531 415 1602 γάρ
441 1533 628 1604 Κυρίῳ
660 1535 877 1607 Χριστῷ
909 1536 1183 1591 δουλεύετε
1203 1555 1216 1567 ·
1244 1541 1272 1591 0
1299 1538 1408 1610 γάρ
1439 1539 1620 1604 ἄδικος
1653 1541 1872 1612 κομίσε-

303 1638 394 1676 ται
422 1623 450 1675 ὃ
480 1624 762 1694 ἠδίκησεν·
798 1629 891 1680 καὶ
919 1629 1018 1682 οὑκ
1045 1627 1159 1682 ἐστι
1196 1631 1640 1703 προσωποληψία.
1675 1636 1736 1686 Οἱ
1769 1633 1869 1688 κύ-

309 1733 430 1786 ριοι,
462 1716 522 1769 τὸ
551 1717 754 1771 δίκαιον
799 1720 892 1773 καὶ
937 1721 1036 1792 τὴν
1073 1721 1291 1793 ίσὸτητα
1325 1725 1436 1786 τοῖς
1463 1724 1666 1790 δούλοις
1702 1728 1872 1798 παρέ-

1983 536 2195 602 omnia;
2229 537 2334 590 hoc
2355 537 2500 591 enim
2529 536 2921 608 beneplacitum
2945 549 3028 595 est
3049 539 3304 594 Domino.
3330 534 3542 604 Patres,

1981 628 2149 682 nolite
2178 627 2244 681 ad
2293 627 2720 698 indignationem
2762 645 3057 698 provocare
3103 630 3249 686 ﬁlios
3292 639 3544 693 vestros,

1982 728 2040 772 ut
2069 733 2175 772 non
2206 719 2402 788 pusillo
2432 719 2614 773 animo
2643 721 2794 774 ﬁant.
2836 721 3010 787 Servi,
3055 721 3272 776 obedite
3301 736 3396 791 per
3421 735 3545 774 om-

1980 811 2065 863 nia
2095 810 2330 864 dominis
2359 811 2692 874 carnalibus,
2725 827 2834 865 non
2868 812 2935 865 ad
2967 812 3185 866 oculum
3215 811 3552 876 servientes,’

1979 911 2236 971 tauquam
2273 902 2584 956 hominibus
2629 903 2923 972 placentes,
2957 903 3049 957 sed
3102 904 3154 956 in
3196 903 3541 972 simplicitate

1977 993 2176 1060 cordis,
2211 993 2463 1048 timentes
2508 992 2814 1047 Dominum.
2854 991 2918 1048 Et
2948 994 3308 1064 quodcunque
3340 992 3536 1057 facitis,

1975 1100 2038 1138 ex
2083 1086 2267 1138 animo
2311 1084 2632 1152 operamini,
2671 1084 2824 1154 sicut.
2852 1083 3082 1138 Domino
3129 1084 3446 1148 servientes,
3486 1093 3540 1137 et

1978 1191 2083 1230 non
2120 1175 2452 1237 hominibus,
2487 1176 2720 1230 scientes
2751 1176 2892 1244 quod
2923 1191 2952 1230 a
2998 1174 3230 1229 Domino
3260 1174 3538 1242 accipietis

1974 1267 2385 1322 retributionem
2439 1267 2801 1333 hereditatis;
2857 1267 3081 1321 domino
3128 1265 3272 1321 enim
3322 1264 3538 1319 Christo

1973 1359 2210 1416 servitis.
2244 1358 2346 1426 Qui
2375 1360 2518 1415 enim
2555 1359 2806 1430 injuriam
2840 1358 2987 1427 facit,
3016 1359 3236 1428 recipiet
3270 1357 3347 1420 id,
3389 1357 3534 1426 quod

1973 1451 2159 1521 inique
2183 1453 2381 1521 gessit;
2415 1461 2468 1506 et
2497 1467 2604 1507 non
2636 1461 2718 1506 est
2745 1465 3099 1520 personarum
3126 1451 3369 1518 acceptio
3392 1448 3535 1518 apud

1972 1543 2162 1599 Deum.
2201 1543 2438 1606 Domini,
2468 1543 2612 1614 quod
2643 1543 2852 1612 justum
2885 1550 2968 1596 est
3007 1550 3061 1595 et
3086 1555 3321 1610 atquum,
3359 1540 3535 1593 servis

1968 1641 2241 1704 praestate,
2277 1632 2510 1687 scientes
2536 1631 2680 1701 quod
2714 1641 2767 1686 et
2796 1646 2893 1686 vos
2933 1629 3214 1684 dominum
3240 1628 3454 1682 habetis
3479 1629 3530 1681 iu

1967 1723 2110 1778 caelo
2135 1734 2193 1789 ις
2228 1723 2320 1776 ubi
2353 1737 2460 1776 non
2491 1731 2576 1776 est
2605 1719 2826 1776 Graecus
2851 1734 2949 1774 nec
2975 1717 3220 1785 Iudaeus,
3245 1719 3536 1774 circumci-

303 1824 449 1877 χετε,
479 1807 674 1872 είδότες
706 1810 786 1863 ὅτι
839 1812 932 1864 καὶ
959 1813 1116 1882 ὑμεῖς
1143 1792 1295 1885 ἔχετε
1337 1815 1522 1887 κύριον
1550 1819 1607 1870 ἐν
1635 1792 1866 1890 οὑραύῷ,

1974 1812 2054 1866 sio
2087 1822 2140 1867 et
2189 1812 2532 1882 praeputium,
2567 1826 2667 1866 nec
2700 1811 2983 1875 barbarus,
3037 1826 3136 1865 nec
3171 1809 3390 1881 Scytha,
3433 1825 3533 1864 nec

301 1900 436 1952 ὅπου
465 1901 563 1967 οὑκ
590 1900 666 1954 ενι
686 1901 880 1974 Ἕλλην
903 1906 994 1957 καὶ
1024 1906 1288 1971 Ἰουδαῖος,
1311 1909 1576 1982 περιτομὴ
1599 1913 1690 1964 καὶ
1715 1912 1870 1982 ἀκρο-

304 1992 516 2056 δυστία,
569 1993 858 2066 βάρϐαρος,
883 1997 1089 2070 Σκύθης
1138 1998 1267 2070 (18),
1313 1999 1514 2065 δοῦλος,
1567 2002 1864 2074 ἐλεύθερος,

303 2081 438 2136 ἀλλά
470 2085 645 2138 πάντα
689 2088 783 2140 καὶ
827 2088 885 2139 ἐν
920 2089 1051 2142 πᾶσι
1099 2091 1351 2160 Χριστός.
1391 2111 1409 2143 ι
1454 2092 1632 2146 Είκὼν
1672 2094 1727 2146 δέ
1769 2093 1867 2164 τῆς

302 2175 553 2244 οὐρανίου
590 2177 698 2249 (19)
742 2179 1062 2251 Ἐκκλησίας
1168 2182 1405 2250 ἐπίγειος
1426 2201 1439 2214 ο
1470 2184 1607 2256 ὅπερ
1633 2184 1742 2255 (20)
1780 2187 1868 2238 εύ-

303 2267 509 2337 χόμεθα
539 2271 632 2322 καὶ
666 2288 684 2320 ι
722 2271 814 2324 ἐπὶ
840 2273 941 2342 γῆς
969 2273 1216 2340 γενέσθαι
1248 2274 1309 2326 τὸ
1343 2273 1551 2346 θέλημα
1584 2275 1676 2328 τοῦ
1707 2276 1862 2340 θεοῦ,

301 2357 378 2421 ὡς
425 2358 481 2410 ἐν
527 2359 756 2432 οὐρανῷ.
801 2361 1172 2434 Ἐνδυσάμενοι
1210 2363 1324 2435 (2|)
1353 2365 1630 2437 σπλάγχνα
1659 2369 1864 2440 οἰκτιρ-

305 2445 429 2516 μοῦ,
465 2450 822 2522 χρηστότητα,
869 2453 1382 2524 ταπεινοφροσύνην,
1410 2457 1714 2528 πραότητα,
1762 2475 1866 2529 μα-

303 2538 634 2610 κροθυμίανο
691 2543 1006 2613 ἀνεχόμενοι
1061 2544 1327 2617 ἀλλήλων,
1381 2550 1473 2602 καὶ
1523 2548 1862 2620 χαριζόμενοι

302 2633 534 2696 ἑαυτοῖς,
568 2634 660 2687 ἐάν
687 2651 768 2698 τις
800 2636 932 2705 πρός
968 2655 1088 2690 τινα
1120 2637 1216 2712 ἔχῃ
1265 2642 1482 2711 μομφήν
1502 2659 1516 2673 ο
1551 2641 1729 2706 καθὼς
1773 2643 1865 2696 καὶ

302 2725 332 2774 0
375 2724 608 2794 Χριστὸς
642 2726 930 2796 ἐχαρίσατο
962 2730 1111 2798 ἡμῖν,
1164 2729 1335 2793 οὕτως
1380 2733 1472 2784 καὶ
1520 2733 1678 2803 ἡμεῖς
1730 2734 1860 2804 (22).

315 2815 436 2868 Ἐπὶ
472 2818 602 2870 πᾶσι
633 2817 689 2870 δέ
723 2819 930 2883 τούτοις
960 2823 991 2892 ἡ
1026 2822 1231 2893 ἀγάπη,
1259 2825 1286 2876 ὃ
1312 2825 1424 2877 ἐστι
1449 2824 1740 2896 σύνδεσμος
1768 2827 1864 2898 τῆς

299 2907 634 2979 τελειότητος
653 2927 665 2939 ο
699 2913 788 2964 καὶ
813 2915 845 2981 ή
882 2914 1066 2984 εἰρήνη
1090 2913 1181 2966 τοῦ
1213 2916 1444 2986 Χριστοῦ
1473 2916 1778 2988 βραϐευέτω
1807 2921 1862 2971 ἐν

299 2999 418 3062 ταῖς
449 3000 690 3071 καρδίαις
718 3002 890 3072 ὑμῶν,
921 3007 999 3066 είς
1028 3006 1092 3076 ἥν
1136 3008 1226 3059 καὶ
1272 3006 1534 3079 ἐκλήθητε
1565 3010 1623 3062 ἐν
1651 3011 1730 3063 ἐνὶ
1761 3010 1866 3064 σώ-

302 3109 433 3160 ματι
453 3107 464 3120 ⁸
486 3093 576 3145 καὶ
597 3094 900 3166 εὐχάριστοι
921 3097 1154 3165 γίνεσθε.
1184 3119 1202 3150 ι
1221 3099 1384 3154 Οὑδέν
1399 3101 1507 3172 γάρ
1521 3101 1716 3156 κωλύει
1735 3103 1862 3157 πολ-

298 3184 456 3248 λάκις
493 3185 593 3257 τὴν
623 3187 792 3258 αὐτὴν
821 3190 1209 3262 παρατίθεσθαι
1243 3193 1460 3266 Γραφὴν
1487 3197 1568 3258 είς
1603 3197 1868 3270 ἐντροπὴν

301 3274 643 3346 Μαρκίωνος,
667 3277 731 3346 ἦν
784 3296 898 3342 πως
943 3279 1307 3352 μεταϐάληται
1345 3283 1610 3348 πεισθείς
1647 3286 1866 3358 εὐχάρι-

301 3383 424 3420 στον
449 3368 556 3421 δεῖν
587 3369 767 3440 μαθὼν
793 3371 883 3424 τὸν
913 3372 1098 3426 πιστὸν
1123 3370 1258 3427 εἶναι
1285 3373 1362 3446 τῷ
1387 3375 1700 3450 δημιουργῷ
1727 3378 1862 3450 Θεῷ,

299 3461 376 3532 τῷ
401 3462 685 3518 καλέσαντι
724 3467 889 3537 ἡμᾶς,
917 3465 1009 3520 καὶ
1039 3467 1512 3540 εὑαγγελισαμένιρ
1543 3471 1599 3524 ἐν
1631 3471 1858 3543 σώματι.

299 3552 484 3623 Σαφὴς
508 3555 639 3624 ἡμῖν
665 3556 727 3608 ἐκ
767 3554 967 3609 τούτων
996 3557 1028 3628 ὴ
1064 3557 1127 3609 ἐκ
1155 3555 1389 3621 πίστεως
1412 3557 1628 3628 ἐνότηςο
1665 3561 1759 3613 καὶ
1782 3559 1865 3624 τίς

300 3643 330 3692 0
361 3640 581 3707 τέλειος,
613 3645 875 3698 δέδεικται
895 3663 906 3675 ⁸
936 3646 1073 3700 ὥστε
1118 3647 1209 3700 καὶ
1234 3647 1472 3702 ἀκόντων
1493 3649 1654 3702 τινῶν
1681 3651 1774 3704 καὶ
1798 3650 1864 3705 τὰ

300 3731 526 3786 πλεῖστα
555 3736 936 3807 ἐνισταμένων,
963 3737 1064 3791 κᾶν
1092 3738 1339 3802 κολάσεις
1368 3740 1706 3811 ἐπαρτῶνται
1733 3742 1864 3813 πρὸς

298 3828 396 3880 τοῦ
428 3828 636 3899 ἀνδρὸς,
663 3829 706 3902 ἦ,
748 3829 882 3901 πρὸς
927 3830 1020 3884 τοῦ
1068 3830 1344 3895 δεσπότου,
1383 3832 1732 3906 φιλοσοφήσει
1760 3837 1864 3890 ὅτε

300 3919 517 3990 οἰκέτης
556 3919 590 3989 ἦ
631 3937 690 3972 τε
725 3923 878 3992 γυνή.
912 3921 1019 3974 Ναὶ
1053 3922 1159 3994 μὴν
1187 3925 1280 3976 καὶ
1309 3923 1605 3997 ἐλεύθερος,
1635 3925 1737 3980 κάν
1773 3945 1866 3980 τυ·-

304 4010 494 4082 ράννου
525 4012 636 4082 (25)
669 4011 893 4078 θάνατος
931 4013 1218 4084 ἀπειλῆται
1247 4014 1438 4086 τούτῳ,
1491 4017 1594 4072 κᾶν
1644 4017 1737 4072 ἐπὶ
1788 4018 1866 4072 δι·-

300 4106 572 4176 καστήρια
616 4105 843 4176 ἄγηται,
896 4107 989 4158 καὶ
1034 4107 1114 4170 είς
1160 4105 1432 4171 κινδύνους
1478 4108 1737 4178 ἐσχάτους
1771 4125 1867 4160 πε-

304 4200 602 4271 ριέλκηται,
641 4200 769 4271 περί
803 4217 861 4254 τε
888 4201 988 4270 τῆς
1017 4201 1261 4270 κτήσεως
1284 4199 1498 4270 άπάσης
1528 4199 1862 4273 κινδυνεύσῃ,

299 4292 400 4344 οὑκ
443 4291 695 4360 ἀφέξεται
747 4292 846 4361 τῆς
879 4289 1185 4354 θεοσεϐείας
1225 4291 1332 4343 οὐδ’
1382 4290 1708 4345 ὁπωστιοῦν·
1745 4291 1865 4345 οὑδέ

301 4383 513 4454 ἀπαυδή
523 4401 603 4437 σει
629 4385 830 4455 ποτέ,ή
863 4385 956 4455 μὲν
972 4385 1108 4456 γυνὴ
1139 4383 1322 4456 φαύλῳ
1347 4385 1662 4440 συνοικοῦσα
1690 4385 1861 4456 ἀνδρὶ,

1971 1920 2184 1968 servus,
2237 1920 2337 1959 nec
2369 1905 2524 1969 iiber,
2559 1902 2654 1958 sed
2692 1904 2875 1957 omnia
2904 1913 2958 1957 et
2999 1902 3052 1955 in
3089 1902 3342 1957 omnibus
3369 1901 3530 1956 Chri-

1972 2006 2090 2051 stus
2111 1996 2160 2050 δι
2198 2014 2216 2047 ι
2264 1995 2517 2051 Caelestis
2564 2004 2746 2050 autem
2795 1993 3054 2049 Ecclesia:
3088 1994 3268 2063 imago
3301 2001 3382 2048 est
3425 2002 3531 2047 ter-

1969 2087 2179 2142 restris.
2237 2085 2500 2154 Quocirca
2537 2102 2831 2156 precamur
2876 2087 3040 2140 etiam
3085 2105 3103 2139 ι
3133 2086 3188 2140 in
3235 2096 3377 2140 terra
3414 2085 3528 2139 ﬁeri

1971 2181 2300 2235 voluntatem
2335 2179 2428 2234 Dei
2459 2179 2599 2236 sicut
2628 2179 2681 2234 in
2715 2179 2854 2234 coelo
2883 2189 2904 2217 ο
2941 2197 2952 2232 :
2991 2177 3278 2233 ludueutes
3323 2179 3528 2233 viscera

1971 2272 2362 2335 miserationis,
2400 2272 2811 2342 benignitatem,
2850 2271 3230 2332 humilitatem,
3276 2285 3531 2324 mansue-

1971 2370 2238 2433 tudinem,
2291 2369 2590 2431 lenitatem,
2645 2368 2978 2422 sustinentes
3034 2382 3133 2420 nos
3186 2365 3435 2430 invicem,
3475 2375 3532 2418 et

1968 2463 2338 2517 contionantes
2371 2462 2531 2516 nobis
2578 2462 2832 2526 invicem,
2875 2461 2918 2514 si
2952 2459 3076 2528 quis
3119 2457 3381 2512 adversus
3423 2457 3531 2510 ali-

1967 2567 2126 2620 quem
2160 2551 2355 2605 habeat
2379 2551 2446 2605 de
2479 2565 2586 2620 quo
2617 2561 2908 2620 queratur;
2943 2550 3082 2603 sicut
3113 2547 3365 2603 Christus
3397 2561 3532 2602 cou-

1966 2641 2185 2696 donavit
2218 2641 2395 2704 nobis,
2434 2642 2507 2696 ita
2533 2649 2586 2696 et
2632 2656 2752 2695 nos.
2790 2639 2963 2708 Super
2995 2640 3108 2693 haec
3138 2647 3318 2693 autem
3345 2638 3525 2692 omnia

1966 2732 2236 2798 charitas,
2268 2731 2412 2802 quod
2457 2740 2541 2788 est
2583 2731 2856 2786 vinculum
2912 2728 3290 2800 perfectionis;
3334 2736 3386 2782 et
3423 2742 3526 2795 pax

1965 2823 2164 2878 Christi
2207 2831 2393 2892 regnet
2420 2822 2475 2875 in
2516 2822 2773 2876 cordibus
2803 2821 3016 2885 vestris,
3059 2820 3123 2873 ad
3157 2833 3321 2889 quam
3362 2817 3524 2870 etiam

1965 2914 2144 2969 vocati
2200 2913 2334 2968 estis
2383 2914 2437 2967 in
2489 2927 2600 2968 uno
2641 2927 2895 2981 corpore;
2931 2920 2985 2965 et
3030 2910 3166 2979 grati
3215 2917 3386 2962 eswte
3407 2907 3456 2960 ά.
3501 2926 3520 2957 ι

1965 3003 2109 3059 Nihil
2136 3005 2281 3059 enim
2319 3011 2460 3058 vetat
2498 3003 2795 3072 quominus
2827 3016 2968 3070 saepe
3005 3001 3190 3054 eadem
3225 2999 3526 3052 adducatur

1969 3096 2272 3166 Scriptura,
2303 3096 2348 3150 si
2378 3109 2484 3165 qua
2513 3094 2722 3149 ratione
2752 3092 2988 3147 Marcion
3024 3090 3373 3160 pudefactus,
3407 3105 3526 3144 mu-

1967 3195 2078 3241 tata
2127 3187 2413 3251 sententia,
2463 3185 2678 3240 tandem
2728 3191 2988 3252 agnoscat
3026 3193 3272 3252 Oportere
3316 3180 3524 3235 ﬁdelem

1965 3294 2084 3334 esse
2119 3288 2332 3350 gratum
2364 3279 2418 3332 in
2451 3277 2620 3333 Deum
2655 3277 2921 3347 opiﬁcem,
2973 3277 3066 3343 qui
3101 3290 3200 3330 nos
3230 3274 3442 3330 vocavit
3473 3281 3529 3326 et

1965 3369 2123 3425 nobis
2165 3369 2512 3441 Evangelium
2556 3369 2898 3424 annuntiavit
2937 3368 2989 3422 in
3027 3381 3277 3436 corpore.
3313 3364 3392 3418 Ex
3440 3364 3528 3420 his

1964 3478 2092 3534 ergo
2122 3462 2278 3518 nobis
2307 3471 2391 3518 est
2430 3470 2635 3533 aperta,
2681 3476 2803 3532 quae
2829 3469 2913 3515 est
2943 3474 3009 3514 ex
3047 3458 3173 3524 ﬁde,
3210 3459 3420 3523 unitas;
3473 3466 3528 3510 ct

1964 3563 2245 3610 ostensum
2280 3563 2384 3620 est,
2421 3555 2544 3624 quis
2575 3554 2647 3608 sit
2685 3551 2977 3623 perfectus.
3011 3550 3191 3616 Quare
3225 3550 3306 3603 vel
3338 3548 3526 3602 invitis

1964 3646 2237 3716 aliquibus
2280 3655 2334 3701 et
2365 3659 2464 3715 pro
2492 3645 2635 3700 virili
2665 3644 3063 3706 resistentibus,
3097 3642 3308 3696 etiamsi
3344 3656 3374 3694 a
3406 3653 3531 3693 ma-

1964 3741 2070 3794 rito
2111 3739 2193 3793 vel
2237 3755 2266 3792 a
2301 3739 2524 3793 domino
2559 3737 2905 3807 impendeant
2948 3735 3235 3804 supplicia,
3284 3733 3532 3802 philoso-

1965 3830 2221 3901 pbabitur
2261 3846 2450 3886 servus
2481 3839 2535 3884 et
2566 3830 2783 3884 mulier.
2831 3826 3138 3894 Quinetiam
3195 3826 3334 3879 liber
3385 3837 3532 3892 quo-

1963 3938 2088 3992 que,
2113 3923 2322 3976 etiamsi
2353 3931 2614 3992 tyrannus
2643 3922 2693 3975 ei
2725 3929 2954 3974 mortem
2983 3919 3286 3982 minitetur,
3311 3915 3534 3971 etiamsi

1964 4013 2194 4068 ducatur
2221 4013 2287 4067 ad
2311 4012 2518 4082 judicia
2552 4022 2605 4066 et
2635 4011 2884 4065 trahatur
2913 4009 2980 4064 ad
3016 4009 3207 4063 ultima
3238 4005 3536 4076 supplicia,

1964 4113 2018 4158 et
2044 4104 2111 4159 de
2143 4102 2490 4158 facultatibus
2520 4117 2585 4157 ac
2625 4100 2862 4156 fortunis
2903 4100 3019 4155 suis
3051 4099 3308 4154 omnibus
3347 4098 3532 4151 veniat

1965 4195 2020 4250 in
2051 4197 2372 4266 periculum,
2409 4194 2557 4249 nullo
2588 4194 2749 4248 modo
2783 4199 2840 4256 Ψ
2881 4192 3173 4246 abstinebit
3202 4205 3230 4244 a
3273 4203 3401 4242 vero
3435 4187 3530 4240 Dei

1964 4288 2135 4342 cultu.
2171 4286 2352 4358 Neque
2382 4303 2622 4356 unquam
2649 4285 2884 4346 deficiet,
2918 4283 3112 4337 mulier
3140 4281 3382 4350 quidem,
3408 4293 3533 4347 qua:

1965 4396 2089 4435 cum
2121 4382 2262 4434 malo
2292 4381 2487 4434 marito
2519 4379 2748 4441 habitat,
2786 4385 2879 4430 aut
2909 4376 3076 4439 Illius,
3111 4373 3157 4427 si
3194 4372 3394 4426 malum
3433 4370 3532 4422 ha-

297 4479 328 4530 0
357 4475 413 4529 δὲ
452 4475 584 4540 υἱὸς,
609 4476 702 4528 ἐὰν
728 4475 925 4545 φαῦλον
964 4476 1062 4549 ἔχῃ
1084 4476 1312 4548 πατέρα,
1343 4475 1376 4548 ἢ
1409 4473 1642 4546 πονηρὸν
1672 4474 1864 4527 δεσπό-

1974 4473 2091 4527 bcat
2120 4480 2348 4542 patrem,
2381 4471 2463 4524 vel
2493 4470 2800 4540 improbum
2838 4467 3120 4522 dominum
3159 4477 3371 4526 servus,
3403 4459 3531 4514 forti

296 4583 399 4636 την
445 4567 473 4618 0
515 4566 752 4635 οἰκέτης,
779 4567 875 4636 τῆς
913 4565 1110 4638 ἀρετῆς
1144 4565 1386 4636 ἐχόμενοι
1415 4565 1706 4634 γενναίως·
1743 4563 1857 4617 ἀλλ’

299 4657 376 4721 ὠς
420 4658 573 4728 ἀνδρὶ
599 4657 957 4728 ἀποθνήσκειν
993 4657 1155 4710 καλὸν
1186 4657 1326 4728 ὑπέρ
1363 4673 1422 4710 τε
1452 4658 1669 4728 ἀρετῆς,
1719 4656 1860 4729 ὑπέρ

1966 4579 2030 4618 ac
2060 4578 2324 4634 generoso
2361 4565 2544 4617 animo
2579 4563 2832 4615 virtutem
2880 4564 3287 4627 persequentes.
3330 4549 3434 4605 Sed
3469 4561 3531 4604 ut

1966 4655 2083 4708 viro
2115 4654 2404 4724 pulchrum
2435 4662 2488 4708 et
2518 4654 2828 4715 honestum,
2871 4657 2925 4704 et
2959 4663 3057 4718 pro
3087 4646 3308 4710 virtute,
3343 4652 3396 4697 et
3433 4656 3530 4710 prc

378 4803 434 4860 va
463 4797 524 4852 ρ.
550 4799 654 4853 594
684 4796 791 4851 ED.
834 4793 1128 4852 eorum.
1155 4793 1250 4849 501
1289 4793 1393 4847 ιιι).
1422 4791 1648 4847 PARIS.
1690 4767 1867 4846 ιἐοιο

1984 4809 2066 4855 ιιι,
2101 4791 2182 4852 18,
2212 4791 2298 4853 l9,
2325 4790 2413 4853 20,
2441 4789 2530 4853 Ἡ,
2555 4787 2644 4850 22,
2675 4787 2765 4849 25,
2794 4784 2883 4850 24,
2908 4783 3012 4850 25;
3037 4799 3110 4846 Iv,
3139 4781 3184 4836 1.
3262 4780 3289 4819 δ
3315 4777 3529 4832 Coloss.

302 4887 386 4933 ιιι,
439 4871 524 4925 11.
599 4879 622 4908 ο
656 4867 844 4922 Matth.
903 4882 978 4928 vr,
1029 4864 1126 4929 i0;
1183 4863 1313 4916 Luc.
1368 4880 1441 4928 χι,
1485 4864 1536 4918 2.
1619 4861 1867 4918 dColoss

1983 4860 2464 4929 ,12,15,14,15.

375 5003 486 5072 (16)
546 5003 672 5068 τοῖς
704 5001 998 5072 ἀνδράσι-ν
1039 4999 1119 5064 ὡς
1161 4995 1385 5072 ᾴγήκει.
1422 4997 1545 5072 Τοῖς
1581 4997 1733 5072 ἰδίοις
1771 4999 1864 5050 ἀν-

301 5066 510 5146 δράσιν,
529 5075 602 5137 ὡς
626 5066 844 5143 ἀνῆκεν.
868 5071 1102 5132 Coloss.,
1127 5069 1216 5122 ubi
1249 5083 1394 5128 mox,
1413 5066 1568 5119 τοῦτο
1589 5069 1697 5138 γάρ
1721 5071 1867 5121 ἐστιν

302 5146 554 5200 εύάοεστ.

380 5163 641 5284 ἷῗῗῗττὸν
671 5214 910 5281 Κύριον·
948 5210 1043 5284 {al
1091 5207 1212 5263 πᾶν
1242 5207 1275 5284 ε
1303 5206 1419 5284 ,ἐὰν
1464 5223 1526 5258 π.
1562 5206 1664 5284 Τὸν
1699 5207 1864 5284 ess»-

304 5278 400 5342 καί
429 5287 535 5338 πᾶν
563 5286 590 5338 ὅ
619 5303 673 5336 τι
703 5278 796 5337 ἐάν
833 5301 915 5343 π.,
951 5281 1186 5340 Coloss.,
1227 5279 1313 5330 ubi
1370 5292 1492 5330 mox
1526 5278 1866 5346 participium

303 5355 642 5417 δουλεύοντες
675 5355 1012 5408 desideratur
1054 5369 1066 5403 :
1100 5351 1245 5414 dein,
1279 5350 1307 5400 0
1349 5347 1402 5399 δὲ
1436 5347 1636 5419 ἀδικῶν
1666 5351 1874 5419 κομιεῖ-

299 5445 393 5480 ται
421 5426 450 5479 δ
479 5426 562 5495 ηδ.
605 5433 659 5479 et
692 5439 930 5485 rursum,
979 5419 1184 5483 δούλοις
1227 5417 1529 5490 παρέχεσθε
1547 5417 1566 5446 ”
1590 5433 1736 5484 mox,
1760 5417 1873 5470 Κύ-

306 5496 805 5571 ριονᾷἐν-οὑρανοῖς.
857 5565 895 5571 _
988 5559 1057 5571 Μ
1107 5557 1134 5571 Δ
1373 5557 1385 5571 ε
1428 5558 1464 5571 _
1521 5557 1566 5571 ,Α
1691 5507 1720 5571 μ’

376 5567 489 5634 (18)
520 5555 821 5633 Βάρϐαρος
851 5565 956 5634 Σκ.
985 5557 1268 5634 Βάρόαρος
1295 5557 1399 5634 ,καῖ
1428 5557 1660 5634 Σκύθης,
1687 5555 1868 5619 δοῦλος

302 5628 397 5692 καὶ
430 5628 617 5690 ἐλεύθῖ
642 5628 876 5695 llo—loss"
908 5631 999 5685 ubi
1034 5628 1155 5683 mox
1187 5628 1320 5681 ἀλλὰ
1347 5628 1412 5680 τὰ
1447 5628 1641 5682 πάντα.

373 5708 484 5776 (19)
519 5705 709 5759 Εὶκὼν
862 5701 971 5769 τῆς
993 5703 1128 5776 cup:
1178 5697 1468 5776 Slcélqlebr.
1518 5715 1594 5767 iis,
1622 5697 1691 5750 25
1731 5717 1746 5763 τΔ
1783 5696 1860 5750 Τά

305 5771 672 5846 ὑποδείγματα
707 5773 812 5825 τῶν
846 5776 903 5826 ἐν
933 5773 1043 5835 τοῖς
1075 5771 1332 5840 οὐρανοῖς.

2045 4997 2157 5079 (‘29)
2189 5000 2391 5066 Ὅπερ.
2417 4997 2636 5078 Rectius
2663 4995 2801 5051 forte
2824 4995 3035 5060 διόπερ,
3069 5012 3087 5042 ι
3114 5000 3443 5114 quapropter
3465 5009 3495 5070 :_
3511 5009 3532 5040 ι

2045 5082 2150 5114 τιιιι
2196 5069 2344 5114 Svlh-
2386 5068 2592 5114 Scribe-
2629 5067 2817 5114 διόπερ)
2847 5062 3114 5114 εὑγόιιεθα
3157 5078 3227 5114 κα
3296 5060 3386 5114 ἐπὶ
3433 5077 3532 5114 γης

1974 5060 2150 5138 inquit
2196 5060 2348 5138 Sylb:
2386 5068 2593 5130 Scribe,
2629 5060 3386 5138 διόπλερᾼεὺχόμεθα’καὶέπὶ
3433 5060 3536 5128 γῆς

1973 5127 2221 5209 γενέσθαι
2238 5127 2297 5191 τὸ
2313 5138 2435 5209 θέλη
2446 5155 2520 5209 μα
2533 5127 2626 5190 τοῦ
2641 5135 2770 5209 65:05
2783 5127 2797 5195 ξ
2810 5127 2956 5209 ὡςέν
2972 5127 3232 5209 οὐρανοῖς.
3261 5127 3534 5209 Haustus,

2047 5208 2156 5280 (Ἡ)
2210 5200 2648 5280 Ἑνδυσᾶμενρέ.
2671 5205 2798 5280 Post
2827 5200 3366 5280 aliqtuit'interjecta,
3395 5200 3532 5280 redit

1976 5269 2285 5333 ad‘tloloss.
2316 5295 2398 5340 Ill,
2431 5269 2494 5330 1:2
2526 5297 2538 5331 :
2580 5275 2898 5330 Ἐνδύσασθε
2922 5269 3042 5336 οὖν,
3076 5272 3150 5336 ὼς
3184 5271 3426 5325 ἐκλεκτοὶ
3445 5269 3531 5321 τοῦ

1981 5348 2280 5425 Θεοῦ-ᾷγιοι
2299 5339 2394 5425 καὶ
2421 5347 2782 5425 ἠγαπημένοι,
2810 5344 3095 5425 σπλάγχνα
3106 5339 3424 5425 οξκτιρμῶν,
3446 5355 3529 5425 χρἶ

2053 5418 2163 5489 (2‘2)
2186 5408 2394 5488 "Hpir,
2428 5408 2627 5489 ὁῧτωξ
2660 5417 2757 5470 καὶ
2799 5408 3210 5489 ήμεῖςξΪξΥμῖν,
3245 5408 3529 5489 ρὑωςικαξ

1977 5477 2159 5558 ὑμεῖς,
2201 5477 2438 5549 Coloss.,
2482 5477 2772 5548 ubi-mox,
2818 5477 2916 5554 τὴν
2947 5477 3198 5551 ἀγάπην,
3245 5481 3365 5549 ἥτις
3421 5477 3528 5532 ἐστί

1976 5559 2121 5612 σύνδ.
2159 5559 2304 5621 dein,
2335 5559 2522 5628 είρήνη
2555 5555 2647 5628 τοῦ
2679 5555 2811 5608 Θεοῦ
2848 5552 3192 5628 βασιλευέτω.
3319 5618 3332 5628 _
3469 5618 3481 5628 .

2045 5575 2121 5612 νο.
2159 5575 2304 5621 (rem,
2335 5575 2522 5630 ειρηνη
2555 5575 2647 5609 του
2679 5575 2811 5608 σεου
2848 5575 3192 5624 Ρασιλευετω.

2044 5630 2156 5701 (25)
2196 5628 2514 5701 Τυράννου..
2561 5626 2704 5701 Cum
2739 5623 3116 5701 prmpqsitienc
3149 5618 3432 5690 iegcnilutt)
3467 5618 3534 5681 ix

1969 5693 2378 5770 τυρᾷνῖιούξδοιι
2415 5697 2547 5768 πρὸς
2579 5693 2863 5768 τυράννου.
2901 5693 3160 5754 Summo.
