3956 6318
456 312 591 367 19.83
1578 307 1969 364 CLEMENTIS
2009 301 2477 360 ALEXANDRINI
3531 303 3649 360 19.85

451 443 640 504 utpote
672 431 764 503 qui
798 433 853 486 in
885 432 992 487 illis
1031 431 1262 496 habitat,
1287 440 1342 486 et
1386 431 1455 485 ab
1486 431 1591 487 illis
1622 440 1856 487 tenetur.
1887 428 2007 497 Quo

2087 434 2105 488 ι
2140 448 2158 480 ι
2199 425 2536 500 ἀρνήσασθαι
2586 425 2776 479 ἑαυτὸν
2800 423 3052 478 οὐδέποτε
3088 423 3303 478 δύναται
3325 439 3339 453 ο
3377 442 3396 476 ι
3435 425 3649 496 ’Λρνοῦν-

451 528 600 581 circa
635 544 653 577 ι
706 541 982 595 nunquam
1031 533 1209 595 potest
1239 525 1481 594 seipsum
1516 540 1715 596 negare
1746 539 1795 580 ι.
1834 545 1853 578 ι
1886 525 2013 580 Eum

2127 539 2218 576 ται
2253 519 2310 574 δὲ
2341 519 2503 574 αὑτὸν
2546 519 2596 570 οἱ
2659 518 2733 589 μὴ
2765 517 2915 581 ὅντες
2959 519 3014 569 ἐν
3043 516 3219 587 αὐτῷ’
3247 517 3305 569 οὐ
3353 516 3455 588 γὰρ
3499 513 3646 572 εἶπεν·

453 625 636 669 autem
665 626 882 684 negant,
912 615 1004 684 qui
1029 629 1136 668 non
1164 623 1293 668 sunt
1319 615 1373 668 in
1396 615 1535 684 ipso.
1564 615 1680 670 Non
1703 617 1846 670 enim
1867 615 2015 684 dixit:

2136 631 2154 664 ι
2193 614 2289 674 Ὃς
2317 610 2616 682 ἀρνήσηται
2647 609 2702 660 ἐν
2727 606 2872 677 ἐμοὶ,
2907 626 2925 657 ι
2955 605 3088 671 ἀλλ’,
3123 625 3142 658 ι
3179 606 3298 675 ἐμέ.
3334 608 3539 672 »Οὐδεὶς
3564 611 3650 681 γὰρ

460 726 478 757 ι
508 706 613 773 Qui
654 707 932 776 negaverit
968 707 1020 759 in
1054 722 1162 768 me,
1193 725 1211 758 ι
1247 707 1341 761 sed
1401 725 1418 758 ι
1451 724 1556 762 me.
1593 727 1613 759 ι
1648 707 1840 762 Nullus
1882 709 2022 762 enim

2133 722 2290 770 ποτε,
2312 703 2386 756 ὢν
2414 705 2471 756 ἐν
2496 701 2664 773 αὐτῷ,
2687 701 2931 772 ἀρνεῖται
2959 699 3137 752 αὐτόν.
3165 699 3238 752 Τὸ
3261 699 3316 752 δὲ
3343 719 3362 752 ι
3392 701 3652 773 ἔμπροσθεν

458 816 721 870 unquam,
757 800 848 870 qui
877 809 960 854 est
999 800 1052 853 in
1081 799 1218 869 ipso,
1250 800 1426 869 ipsum
1461 811 1639 870 negat.
1686 801 1817 856 Illud
1848 812 2020 857 autem

2133 794 2240 848 τῶν
2277 791 2594 866 ἀνθρώπων,
2638 811 2656 843 ι
2695 791 2794 844 καὶ
2831 790 2941 843 τῶν
2973 789 3312 860 σωζομένων,
3340 790 3430 843 καὶ
3455 790 3549 845 τῶν
3581 794 3651 847 ἐθ-

467 913 485 943 ‹
515 909 702 948 coram
730 893 1066 957 hominibus,
1095 911 1113 942 ι
1144 901 1196 946 et
1231 893 1298 946 iis
1327 894 1420 962 qui
1448 894 1580 948 salvi
1609 896 1764 957 ﬁunt.
1791 905 1844 949 et
1867 896 2029 950 etiam

2133 887 2297 940 νικῶν
2323 887 2380 939 δὲ
2402 886 2624 957 ὁμοίως,
2658 887 2786 955 παρ’
2816 879 2897 947 οἷς
2931 883 3028 954 μὲν
3060 884 3154 936 καὶ
3183 883 3249 954 τῇ
3280 883 3524 955 πολιτείᾳ,
3551 891 3651 958 παρ’

465 986 754 1056 gentilibus
778 984 1049 1046 similiter,
1091 984 1231 1053 apud
1255 986 1394 1039 alios
1428 985 1643 1054 quidem
1675 987 1798 1042 vitat
1822 987 2027 1043 institu-

2134 972 2214 1040 οἷς
2235 975 2300 1028 ’δὲ
2333 976 2425 1028 καὶ
2450 977 2515 1044 τῇ
2552 976 2702 1044 φωνῇ
2728 990 2742 1002 ⁸
2777 973 2966 1044 διόπερ
3000 972 3336 1046 ἀρνήσασθαι
3366 974 3514 1028 αὑτὸν
3537 977 3653 1031 οὐδὲ·

466 1082 634 1141 tione,
659 1080 800 1150 apud
824 1081 958 1134 alios
990 1095 1115 1134 vero
1138 1089 1301 1134 etiam
1328 1094 1482 1134 voce.
1507 1078 1871 1146 Quamobrem
1895 1097 2028 1135 nun-

2137 1082 2266 1118 ποτε
2312 1063 2592 1118 δύνανται·
2627 1063 2916 1137 ἀρνοῦνται
2949 1063 3006 1116 δὲ
3038 1063 3201 1118 αὐτὸν
3248 1067 3296 1117 οἱ
3346 1067 3416 1137 μὴ
3451 1067 3582 1131 ὄντες
3612 1072 3653 1124 ἐν

465 1190 629 1244 quam
670 1180 904 1241 possunt
933 1172 1035 1241 ipsi
1067 1187 1264 1240 negare
1288 1190 1299 1224 :
1326 1187 1449 1224 eum
1487 1181 1666 1225 autem
1695 1181 1913 1242 negant,
1941 1175 2027 1243 qui

2138 1157 2305 1228 αὐτῷ.
2350 1176 2368 1208 ι
2412 1156 2597 1210 Ταῦτα
2631 1157 2726 1226 μὲν
2767 1158 2796 1209 ὁ
2849 1156 3193 1228 Ἡρακλέων·
3224 1158 3317 1210 καὶ
3346 1157 3410 1211 τὰ
3443 1161 3528 1230 μὲν
3553 1162 3656 1216 ἄλλα

467 1281 576 1319 non
605 1274 734 1319 sunt
762 1264 816 1316 in
851 1263 988 1332 ipso.
1031 1283 1049 1314 ι
1088 1261 1212 1316 Haec
1241 1263 1460 1332 quidem
1506 1262 1841 1332 Ileracleon;
1899 1273 1953 1319 et
1981 1265 2029 1318 in

2140 1248 2386 1316 φαίνεται
2416 1245 2689 1318 ὁμοδοξεῖν
2719 1250 2849 1320 ἡμῖν
2866 1248 3007 1302 κατά
3028 1248 3125 1320 τὴν
3154 1251 3449 1320 περικοπὴν
3472 1252 3653 1322 ταύτην·

471 1357 594 1411 aliis
625 1357 846 1426 quidem
881 1355 1094 1408 videtur
1129 1355 1420 1409 nobiscum
1450 1355 1652 1410 sentire
1683 1357 1736 1410 in
1767 1356 1872 1411 hac
1894 1359 2033 1427 peri-

2141 1342 2316 1395 ἐκεῖνο
2348 1340 2403 1393 δὲ
2432 1341 2531 1394 οὑκ
2563 1341 2883 1412 ἐπέστησεν,
2909 1343 2992 1396 ὅτι
3026 1345 3073 1395 εἰ
3119 1343 3215 1396 καὶ
3246 1341 3318 1413 μὴ
3343 1342 3523 1414 πράξει
3546 1348 3656 1410 τινες

470 1461 638 1514 cope;
702 1446 832 1499 illud
879 1454 1058 1498 autem
1098 1459 1206 1498 non
1257 1445 1531 1511 advertit,
1579 1447 1723 1516 quod
1768 1447 1871 1502 etsi
1927 1462 2032 1502 non

2142 1434 2236 1488 καὶ
2277 1434 2354 1506 τῷ
2397 1433 2496 1506 βίῳ
2551 1453 2569 1486 ι
2626 1434 2982 1506 ὡμολόγησαν
3008 1436 3101 1489 τὸν
3135 1437 3367 1506 Χριστὸν
3401 1437 3658 1509 ἔμπροσθεν

471 1539 685 1592 actione
719 1539 898 1607 aliqua
924 1547 977 1592 et
1004 1538 1112 1591 vita
1160 1557 1178 1589 ι
1206 1537 1444 1593 confessi
1474 1547 1603 1593 sunt
1630 1538 1910 1595 Christum
1948 1556 2033 1596 co-

2142 1525 2250 1580 τῶν
2273 1525 2596 1598 ἀνθρώπων,
2634 1544 2654 1578 ι
2690 1527 2752 1579 τὸ
2782 1526 2965 1597 μέντοι
3000 1527 3111 1599 (45)
3142 1528 3281 1581 κατά
3308 1529 3477 1600 φωνὴν
3505 1529 3658 1600 ὁμολο-

470 1645 586 1684 ram
622 1629 952 1694 hominibus,
979 1647 996 1680 ι
1034 1643 1099 1683 eo
1131 1637 1331 1695 tamen,
1360 1630 1502 1699 quod
1528 1645 1659 1684 voce
1681 1630 2032 1686 conﬁteantur

2143 1621 2258 1687 γεῖν
2292 1619 2348 1670 ἐν
2371 1618 2758 1690 δικαστηρίοις,
2795 1619 2889 1672 καὶ
2922 1619 3083 1691 μέχρι
3113 1618 3340 1673 Θανάτου
3371 1620 3660 1692 βασανιζομέρ

472 1723 526 1776 in
558 1721 813 1791 iudiciis,
847 1730 899 1775 et
927 1736 1103 1790 usque
1148 1721 1216 1775 ad
1267 1731 1497 1775 mortem
1532 1721 1757 1775 cruciati
1801 1736 1907 1775 non
1946 1736 2034 1776 ne-

2143 1729 2268 1775 νους
2329 1710 2402 1783 μὴ
2453 1711 2766 1784 ἀρνεῖσθαι,
2818 1712 2926 1766 ἀπὸ
2959 1711 3254 1777 διαθέσεως
3296 1715 3660 1769 πεπιστευκέναι

474 1823 617 1884 gent,
649 1829 714 1867 ex
742 1812 910 1866 animi
939 1812 1218 1882 proposito
1244 1812 1537 1866 credidisse
1564 1821 1882 1866 cernuntur.
1910 1811 2036 1867 Pro«

2096 1804 2116 1857 3
2146 1805 2441 1874 φαίνονται.
2479 1803 2727 1868 Διάθεσις
2757 1804 2815 1858 δὲ
2845 1805 3270 1878 ὁμολογουμένη,
3301 1807 3391 1858 καὶ
3423 1806 3658 1879 μάλισταὴ

471 1906 708 1976 positum
733 1912 912 1958 autem
932 1904 1078 1974 quod
1097 1903 1406 1970 conﬁtetur,
1428 1905 1697 1974 praecipue
1722 1903 1767 1958 si
1786 1919 1853 1958 ne
1870 1914 2033 1960 morte

2150 1896 2284 1967 μηδέ
2317 1895 2530 1983 θανάτῳ
2569 1897 2878 1970 τρεπομένη
2899 1937 2914 1961 ,
2947 1899 3036 1968 ὑφ’
3071 1899 3172 1952 ἕνα
3206 1898 3312 1964 (Ml
3347 1899 3539 1953 πάντων
3577 1901 3661 1954 τῶν

470 1997 694 2066 quidem
738 2005 1000 2062 mutetur,
1037 1995 1219 2049 omnia
1264 1997 1427 2051 simul
1476 1997 1638 2062 vitia,
1697 2011 1818 2066 quae
1859 1998 2032 2068 gigne-

2148 1988 2356 2055 παθῶν,
2392 1989 2428 2044 ἃ
2455 1989 2519 2062 δὴ
2547 1989 2633 2044 διὰ
2659 1991 2757 2060 τῆς
2777 1991 3100 2062 σωματικῆς
3133 1991 3418 2064 ἐπιθυμίας
3436 1995 3659 2061 ἐγεννᾶτο,

474 2089 675 2143 bantur
707 2105 800 2158 per
826 2089 1180 2158 cupiditatem
1214 2089 1482 2158 corporis,
1517 2088 1740 2144 omnino
1764 2088 2036 2144 rescindit.

2148 2082 2435 2153 ἀποκοπὴν
2463 2084 2730 2136 ποιεῖται·
2785 2081 2898 2136 ἐστι
2943 2082 3086 2155 γὰρ,
3139 2084 3215 2148 ὡς
3248 2085 3371 2150 ἔπος
3400 2087 3568 2151 εἰπεῖν,
3593 2087 3663 2140 ἐπὶ

476 2175 572 2233 Est
600 2179 770 2244 enim,
804 2188 864 2232 ut
896 2179 970 2233 ita
999 2179 1201 2240 dicam,
1237 2181 1289 2234 in
1323 2180 1428 2235 ﬁne
1458 2180 1583 2235 vita;
1606 2189 1714 2234 tota
1753 2180 1916 2236 simul
1952 2194 2038 2249 pet

2147 2172 2292 2226 τέλει
2328 2171 2423 2226 τοῦ
2459 2172 2574 2245 βίου
2601 2173 2772 2246 ἀθρόα
2793 2174 2934 2228 κατὰ
2964 2175 3063 2246 τὴν
3093 2176 3292 2247 πρᾶξιν
3323 2178 3570 2248 μετάνοια,
3591 2180 3661 2234 καὶ

480 2272 744 2325 actionem
775 2272 1112 2340 pmnitentia,
1141 2282 1195 2326 et
1217 2289 1343 2328 vera
1374 2273 1426 2326 in
1449 2272 1723 2327 Christum
1752 2273 2042 2340 confessio,

2151 2262 2356 2336 ἀληθὴς
2388 2266 2466 2327 είς
2510 2265 2743 2336 Χριστὸν
2783 2265 3062 2338 ὁμολογία,
3107 2268 3560 2341 ἐπιμαρτυρούσης
3586 2269 3659 2339 τῆς

480 2379 614 2419 voce
666 2365 1008 2420 testiﬁcante.
1060 2365 1118 2420 Si
1166 2375 1347 2420 autem
1386 2384 1404 2418 ι
1456 2366 1694 2435 Spiritus
1721 2364 1903 2420 Patris
1937 2385 1955 2418 ι
1991 2365 2042 2419 in

2152 2356 2353 2426 φωνῆς.
2402 2356 2465 2410 Ei
2517 2357 2574 2410 δὲ
2620 2357 2680 2411 τὸ
2708 2375 2726 2409 ι
2773 2357 2996 2430 Πνεῦμα
3039 2359 3138 2413 τοῦ
3174 2361 3382 2430 Πατρὸς
3425 2380 3442 2413 ι
3473 2364 3520 2414 ἐν
3559 2365 3661 2432 ἡμῖν

480 2458 642 2514 nobis
698 2459 1050 2523 testiﬁcatur,
1108 2460 1386 2528 quomodo
1434 2473 1624 2513 sumus
1665 2459 1844 2514 adhuc
1881 2459 2042 2530 hypo-

2156 2450 2440 2519 μαρτυρεῖ,
2476 2447 2595 2511 πῶς
2627 2448 2711 2502 ἐτι
2745 2450 3056 2522 ὑποκριταὶ,
3089 2451 3188 2516 οὒς
3223 2456 3366 2524 φωνῇ
3409 2455 3528 2527 μόνῃ
3555 2471 3662 2526 μαρ-

479 2550 654 2610 critae.
687 2566 826 2619 quos
859 2550 998 2604 dixit
1030 2551 1145 2605 sola
1176 2566 1307 2605 voce
1340 2549 1561 2606 testari?
1610 2551 1836 2606 Dabitur
1867 2561 2041 2607 autem

2151 2541 2336 2610 τυρεῖν
2370 2538 2590 2611 εἴρηκεν
2639 2540 2773 2608 (45);
2807 2541 3102 2614 Δοθήσεται
3140 2544 3198 2598 δέ
3241 2562 3397 2609 τισιν,
3428 2547 3511 2599 ἐὰν
3558 2563 3662 2616 συμ-

482 2640 783 2709 aliquibus,
817 2641 862 2695 si
909 2641 1182 2711 expediat,
1210 2641 1492 2712 religionis
1519 2656 1741 2699 causam
1764 2644 1964 2709 dicere,
1990 2653 2044 2699 ut

2155 2630 2316 2704 φέρῃ,
2349 2629 2807 2703 ἀπολογήσασθαι,
2843 2635 2926 2686 ἵνα
2958 2635 3046 2688 διά
3076 2654 3140 2690 τε
3168 2637 3266 2708 τῆς
3294 2639 3564 2710 μαρτυρίας
3597 2636 3661 2691 διά

482 2743 537 2787 et
567 2748 662 2802 per
689 2732 1010 2801 martyrium
1040 2748 1136 2788 seu
1172 2733 1541 2789 testimonium
1569 2743 1624 2790 et
1651 2734 2044 2791 confessionem

2152 2737 2215 2775 τε
2245 2720 2346 2793 τῆς
2378 2723 2666 2794 ὁμολογίας
2693 2724 3008 2794 ὠφελῶνται
3034 2729 3084 2781 οἱ
3119 2729 3334 2793 πάντες,
3355 2730 3661 2802 ἰσχυροποιοὺ⁴

483 2838 674 2878 omnes
709 2823 972 2890 juventur
995 2864 1011 2891 ,
1043 2824 1173 2879 dum
1203 2826 1600 2881 conﬁrmantur
1640 2826 1858 2896 quidem
1885 2867 1900 2893 ,
1955 2828 2045 2898 qui

2157 2827 2310 2885 μενοι
2344 2814 2442 2885 μὲν
2473 2816 2518 2866 οἱ
2565 2815 2686 2868 κατ’
2729 2817 3070 2888 Ἐκκλησίαν,
3111 2819 3469 2893 θαυμάζοντες
3504 2823 3551 2875 δὲ
3593 2824 3661 2875 καὶ

483 2925 611 2970 sunt
638 2916 690 2970 in
740 2915 1011 2984 Ecclesia;
1062 2915 1405 2972 admirantur
1451 2926 1657 2984 autem,
1688 2928 1743 2974 et
1777 2919 1842 2974 ad
1889 2919 2045 2975 ﬁdem

2156 2905 2237 2970 είς
2262 2904 2446 2960 πίστιν
2471 2905 2805 2978 ὑπαγόμενοι
2833 2910 2882 2962 οἱ
2910 2909 2967 2977 ἐξ
2999 2911 3172 2967 ἐθνῶν
3194 2913 3292 2985 τὴν
3327 2913 3568 2983 σωτηρίαν
3589 2930 3659 2966 m-

482 2995 851 3075 deducuntur,
886 3009 980 3080 qui
1014 3024 1081 3064 ex
1115 3010 1366 3080 gentibus
1397 3011 1629 3066 salutem
1667 3013 1884 3068 curiose
1905 3031 2044 3084 qua:-

2156 2998 2708 3075 λυπραγμονήσαντες
2731 3019 2745 3033 ·
2805 3004 2854 3056 οἱ
2903 3003 3079 3059 λοιποὶ
3144 3005 3221 3071 δὲ,
3275 3008 3363 3060 ὑπ’
3411 3007 3661 3078 ἐκπλήξεως

483 3101 708 3167 sierint;
745 3100 939 3171 reliqui
967 3113 1146 3156 autem
1173 3110 1397 3171 stupore
1424 3100 1752 3158 adiciuntur.
1779 3102 2045 3170 Quamob«

2159 3091 2530 3162 κατεχόμενοι.
2560 3093 2721 3146 Ὥστε
2753 3094 2814 3146 τὸ
2846 3095 3129 3165 ὁμολογεῖν
3169 3099 3235 3152 ἐκ
3279 3099 3465 3162 παντὸς
3487 3100 3573 3152 δεῖ·
3601 3101 3661 3166 ἐφ’

485 3205 599 3244 rem
625 3199 842 3259 oportet
867 3190 1093 3245 omnino
1117 3191 1399 3258 conﬁteri;
1438 3191 1489 3246 id
1515 3193 1661 3246 enim
1688 3193 1855 3248 situm
1886 3204 1970 3250 est
1998 3195 2047 3250 in

2101 3171 2128 3230 Ξ
2157 3184 2290 3253 ἡμῖν
2319 3183 2463 3252 γάρ·
2497 3183 2878 3253 ἀπολογεῖσθαι
2925 3187 2982 3240 δὲ
3011 3190 3111 3242 οὐκ
3159 3190 3223 3243 ἐκ
3256 3194 3464 3255 παντός·
3499 3192 3550 3244 οὐ
3583 3190 3663 3262 γὰρ

486 3291 669 3337 nostra
694 3291 989 3351 potestate:
1021 3298 1243 3338 causam
1267 3298 1396 3338 vero
1419 3285 1699 3356 religionis
1721 3285 1923 3350 dicere,
1945 3303 2048 3341 non

2160 3274 2252 3367 καὶ
2302 3275 2462 3329 τοῦτο
2511 3279 2769 3350 ἐφ’ήμῖν.
2814 3299 2832 3332 ι
2881 3280 2940 3332 ὐ
2982 3281 3040 3334 δὲ
3091 3283 3395 3367 ’ὑπομείνας
3443 3286 3512 3348 εις
3553 3285 3663 3346 τέλος

485 3374 712 3428 omnino
741 3389 990 3444 semper;
1023 3391 1132 3430 non
1167 3385 1252 3430 est
1294 3377 1438 3430 enim
1475 3377 1578 3433 hoc
1619 3394 1839 3449 quoque
1889 3381 2047 3434 situm

2157 3360 2310 3430 οὗτος
2330 3366 2628 3440 σωθήσεται
2649 3387 2662 3401 ο
2707 3391 2726 3422 ι
2756 3373 2877 3424 ἐπεὶ
2904 3373 2988 3436 τίς
3019 3360 3121 3428 οὐκ
3158 3377 3223 3430 ἂν
3248 3376 3354 3429 τῶν
3384 3371 3438 3430 εὖ
3464 3375 3665 3449 φροιούν-

488 3463 545 3517 in
583 3472 770 3518 nostra
796 3473 1086 3534 potestate.
1123 3483 1142 3516 ι
1188 3465 1294 3532 Qui
1334 3477 1516 3522 autem
1543 3470 1873 3524 sustinuerit
1905 3471 1958 3524 in
1989 3472 2050 3525 ﬁ-

2159 3476 2268 3514 των
2321 3459 2624 3530 βασιλεύειν
2665 3466 2724 3520 ἐν
2771 3467 2907 3538 Θεῷ,
2957 3467 3069 3522 ἀλλ’
3112 3472 3178 3523 οὐ
3223 3470 3476 3523 δουλεύειν
3503 3469 3662 3533 anno;

489 3568 638 3614 nem,
669 3554 718 3608 is
752 3555 937 3610 salvus
963 3556 1071 3608 erit
1104 3553 1154 3610 δ.
1190 3575 1209 3607 ι
1246 3554 1379 3611 Nam
1419 3558 1545 3627 quis
1583 3573 1648 3613 ex
1706 3560 1793 3627 iis,
1842 3560 1936 3630 qui
1971 3577 2051 3617 sa-

2170 3571 2186 3602 ι
2218 3550 2349 3605 Θεὸν
2380 3549 2471 3607 οὖν
2504 3556 2822 3626 ὁμολογοῦσί
2857 3578 2876 3610 ι
2922 3571 3065 3622 τινες
3103 3579 3122 3610 ι
3164 3560 3373 3622 εἰδέναι,
3413 3580 3430 3613 ι
3461 3557 3578 3613 κατὰ
3601 3559 3665 3611 τὸν

490 3645 670 3714 piunt,
702 3661 806 3699 non
831 3646 1054 3716 elegerit
1082 3647 1137 3701 in
1178 3647 1289 3702 Deo
1335 3664 1583 3719 regnare,
1613 3660 1707 3705 aut
1752 3652 1916 3708 etiam
1947 3670 2052 3709 ser-

2177 3648 2515 3715 Ἀπόστολον,
2549 3668 2567 3700 ι
2617 3654 2729 3714 τοῖς
2775 3651 2830 3704 δὲ
2865 3650 3046 3724 ἐργοις
3093 3651 3379 3723 ἀρνοῦνται
3400 3669 3413 3682 ι
3452 3647 3667 3721 βδελυκτοὶ

489 3737 647 3791 vire?
677 3756 694 3788 ι
730 3736 898 3791 Deum
927 3753 1058 3809 ergo
1103 3739 1431 3796 conﬁtentur
1456 3762 1474 3795 ι
1513 3744 1736 3814 quidam
1769 3765 1786 3798 ι
1822 3762 2004 3814 nosse,
2036 3768 2051 3800 ι

2163 3739 2314 3804 ὅντες
2343 3742 2436 3795 καὶ
2469 3741 2733 3807 ἀπειθεῖς,
2759 3743 2854 3796 καὶ
2881 3743 3015 3815 πρὸς
3041 3744 3155 3796 πᾶν
3184 3744 3337 3816 ἔργον
3375 3742 3549 3811 ἀγαθὸν
3577 3737 3667 3794 ἀδό-

491 3838 554 3883 ιιι
576 3829 708 3884 dicit
735 3831 1049 3898 Apostolus,
1084 3851 1102 3883 ι
1137 3831 1295 3888 factis
1319 3844 1501 3890 autem
1529 3847 1756 3908 negant:
1798 3856 1923 3896 cum
1951 3842 2053 3898 sint

2166 3849 2337 3902 κιμοι.
2377 3852 2396 3884 ι
2429 3834 2492 3886 0i
2520 3833 2597 3898 δὲ,
2630 3833 2732 3886 κᾶν
2763 3834 2920 3888 τοῦτο
2962 3835 3118 3906 μόνον
3141 3837 3535 3907 ὁμολογήσωσιν,
3565 3832 3610 3884 ἓν
3629 3847 3668 3882 τι

492 3922 863 3987 abominandi,
895 3923 1184 3991 increduli,
1217 3936 1272 3981 et
1301 3929 1370 3982 ad
1398 3944 1559 3985 omne
1589 3947 1727 4001 opus
1770 3933 1933 4006 216
1968 3935 2054 3989 bo-

2168 3924 2581 3996 κατεπράξαντο
2629 3925 2720 3979 ἐπὶ
2757 3925 2899 3979 τέλει
2952 3927 3109 3999 ἔργον
3159 3928 3376 3998 ἀγαθόν.
3403 3929 3584 3980 Ἔοικεν
3601 3917 3669 3976 οὖν

496 4027 626 4067 num
648 4015 867 4082 reprobi
897 4025 977 4068 ο.»
1006 4014 1085 4070 Illi
1113 4026 1315 4082 autem,
1335 4019 1460 4075 licet
1489 4022 1565 4076 nil
1592 4023 1740 4078 aliud
1763 4040 1925 4095 quam
1940 4040 2058 4080 con-

2167 4015 2229 4068 τὸ
2294 4017 2593 4089 μαρτύριον
2661 4018 3036 4090 ἀποκάθαρσις
3081 4015 3222 4074 εἶναι
3269 4019 3524 4090 ἁμαρτιῶν
3567 4012 3669 4084 μετά

495 4105 625 4162 fessi
651 4105 870 4170 fuerint,
898 4124 1067 4162 unum
1091 4109 1283 4163 saltem
1302 4109 1355 4164 in
1383 4110 1490 4166 ﬁne
1507 4113 1634 4167 vitae
1647 4114 1849 4169 bonum
1875 4114 2057 4172 effece-

2168 4103 2346 4176 δόξης.
2399 4106 2604 4162 Αὐτίκα
2646 4110 2674 4161 ὁ
2720 4109 2930 4180 Ποιμὴν
2979 4110 3090 4183 (46)
3137 4112 3301 4184 φησίν
3326 4128 3337 4142 ·
3381 4103 3668 4178 Ἑκφεύξεσθε

497 4196 624 4253 rint.
650 4195 878 4252 Videtur
893 4212 1022 4267 ergo
1039 4197 1359 4268 martyrium
1390 4214 1510 4255 esse
1535 4203 1858 4272 expurgatio
1883 4219 2059 4274 pecca-

2169 4199 2267 4271 τὴν
2296 4199 2573 4271 ἐνέργειαν
2596 4200 2689 4254 τοῦ
2723 4202 2915 4275 ἀγρίου
2945 4201 3161 4277 θηρίου,
3192 4205 3284 4259 ἐὰν
3309 4207 3340 4275 ἡ
3370 4203 3537 4276 καρδία
3554 4198 3667 4271 ὑμῶν

495 4300 674 4345 torum
702 4305 825 4344 cum
847 4290 1040 4362 gloria.
1062 4287 1182 4344 Jam
1200 4307 1331 4346 vero
1352 4292 1482 4348 dicit
1502 4291 1714 4350 Pastor:
1741 4313 1760 4346 ‹
1785 4293 2057 4366 Eﬂ‘ugietis

2175 4293 2400 4363 γένηται
2437 4292 2655 4365 καθαρά
2685 4294 2778 4348 καὶ
2816 4293 3064 4367 ἄμωμος.
3123 4317 3144 4349 ι
3206 4297 3360 4350 Ἀλλά
3391 4296 3475 4351 καὶ
3503 4291 3669 4354 αὐτὸςὸ

497 4385 874 4454 operationem
923 4383 1053 4440 fera
1100 4386 1351 4454 agrestis,
1410 4386 1454 4441 si
1510 4401 1602 4441 cor
1637 4387 2059 4444 vestrumfueril

2172 4386 2405 4458 Κύριοςο
2445 4404 2464 4438 ι
2508 4385 2836 4458 Ἐξῃτήσατο
2853 4387 2961 4460 (47)
2980 4389 3124 4458 ὑμᾶς
3157 4393 3186 4444 ό
3211 4390 3460 4455 Σατανᾶς,
3497 4406 3514 4439 ι
3541 4386 3667 4452 λέγειν

497 4475 824 4528 mundumet
847 4475 914 4529 ab
932 4475 1080 4530 omni
1111 4476 1532 4545 reprehensione
1560 4478 1818 4533 alienum.
1844 4498 1864 4532 ι
1896 4478 2059 4547 Quin-

2107 4513 2142 4568 υ
2177 4496 2196 4529 ‹
2233 4477 2489 4568 σινιάσαιέ
2523 4477 2635 4546 ἐγὼ
2665 4480 2720 4532 δὲ
2777 4482 3210 4553 παρῃτησάμην.
3270 4498 3288 4534 ι
3311 4481 3470 4543 Μόνος
3494 4477 3669 4568 τοίνννό

495 4567 657 4622 etiam
706 4568 821 4638 ipse
859 4567 1124 4624 Dominus
1157 4587 1170 4622 :
1208 4587 1228 4621 ι
1267 4566 1555 4638 Expetivit,
1595 4570 1787 4641 inquit,
1817 4587 1915 4627 vos
1959 4570 2057 4627 Sa-

2107 4566 2118 4568 ?
2172 4567 2375 4638 Κύριος
2407 4567 2496 4623 διὰ
2525 4570 2621 4641 τὴν
2645 4569 2750 4623 τῶν
2783 4570 3238 4628 ἐπιϐουλευόντων
3261 4572 3400 4643 αὐτῷ
3432 4567 3669 4641 ἀνθρώπων

497 4670 654 4715 tanas
680 4669 739 4715 ut
761 4660 1050 4727 cribraret;
1079 4675 1179 4731 ego
1195 4668 1374 4715 autem
1406 4662 1590 4731 rogavi
1615 4661 1666 4717 ά.
1701 4682 1720 4714 ι
1753 4662 1913 4719 Solus
1935 4679 2059 4734 ergo

2171 4661 2264 4714 καῖ
2295 4660 2392 4733 τὴν
2422 4661 2531 4714 τῶν
2569 4663 2810 4718 ἀπίστων
2845 4665 3241 4738 ἀποκάθαρσιν,
3263 4685 3282 4718 ι
3331 4667 3438 4720 ἐπιε
3470 4661 3520 4717 τὸ
3546 4657 3669 4727 ποτή-

498 4749 760 4808 Dominus
787 4763 1007 4823 propter
1053 4767 1265 4818 eorum,
1294 4753 1386 4823 qui
1413 4753 1461 4809 ei
1518 4754 1932 4821 insidiabantur,
1967 4757 2060 4810 ho-

2177 4772 2309 4826 ριον⁶
2359 4775 2378 4807 ³
2421 4755 2481 4810 δν
2518 4755 2840 4829 μιμούμενοι
2876 4761 2926 4813 οἱ
2959 4748 3261 4826 ἀπόστολοι,
3403 4756 3464 4812 ἂν
3492 4751 3556 4823 τῷ
3585 4751 3668 4803 ὄντι

498 4847 729 4909 minum,
770 4854 825 4900 et
853 4845 1150 4900 inﬁdelium
1197 4847 1661 4917 expurgationem,
1689 4865 1709 4900 t
1751 4848 1884 4903 bibit
1935 4849 2060 4904 cali-

2176 4849 2464 4916 γνωστικοὶ
2491 4850 2586 4903 καὶ
2627 4850 2854 4915 τέλειοι,
2903 4852 3045 4924 ὑπὲρ
3094 4853 3203 4906 τῶν
3261 4846 3580 4919 Ἐκκλησιῶν,
3621 4839 3669 4900 ἃς

497 4951 613 4991 cem
649 4947 694 4990 ο.
730 4955 748 4988 ι
785 4935 957 5002 Quem
991 4937 1268 4993 imitantes
1298 4938 1632 5006 apostoli,ut
1660 4939 1751 5008 qui
1777 4953 1966 4994 revera
1992 4955 2059 4994 cs-

2176 4940 2403 5011 ἔπηξαν,
2440 4940 2659 4997 ἔπαθον.
2709 4943 2894 5008 Οὕτως
2930 4941 3024 4999 οὗν
3069 4947 3161 5001 καὶ
3212 4947 3258 4999 οξ
3308 4944 3422 4997 κατ’
3473 4929 3667 5009 lxi/0:15

573 5117 631 5190 g4
663 5112 722 5166 Ρ.
751 5114 854 5168 597
898 5113 1378 5190 gDL_POT'_I‘_ER,
1411 5116 1536 5184 sos,
1565 5116 1667 5190 εισι
1693 5116 1803 5173 El).
1845 5115 2068 5172 pAms.

2181 5131 2207 5160 ι
2235 5119 2275 5174 ll
2306 5119 2448 5177 Tim.
2475 5138 2537 5189 ll,
2569 5123 2653 5178 15.
2760 5123 2790 5164 δ
2816 5122 3000 5178 Matth.
3030 5139 3177 5190 xxw,
3209 5123 3290 5177 15.
3393 5116 3523 5169 ετίι.
3551 5128 3580 5172 ι,
3605 5105 3664 5160 ιϐ.

496 5181 524 5221 ἀ
556 5181 690 5238 Luc.
731 5200 864 5251 xx",
897 5187 986 5250 5i,
1008 5187 1096 5241 52.
1179 5197 1203 5226 ο
1227 5186 1417 5242 Matth.
1445 5181 1535 5253 xx,
1571 5189 1662 5242 22.

573 5338 686 5415 (ᾧ)
715 5337 973 5415 73w???-
1020 5339 1116 5415 νει
1139 5342 1324 5415 potius
1347 5341 1426 5412 τῷ
1461 5342 1624 5415 μέντε

2178 5359 2304 5415 gere
2335 5346 2479 5399 illam
2505 5347 2605 5415 (se.
2625 5339 2898 5414 bestiam),
2920 5341 2964 5399 si
2989 5351 3335 5415 corvestrum
3353 5337 3493 5393 fuerit
3514 5339 3662 5415 purity]

716 5406 860 5490 ξήρ’
898 5409 1023 5463 ἕνα.
1059 5406 1500 5468 Subaudiendunt
1531 5414 1740 5485 χρόνον,
1776 5424 1870 5470 aut
1895 5415 2073 5471 simile

2179 5406 2244 5490 ac
2267 5415 2385 5490 sine
2419 5406 2657 5490 macula,
2689 5425 2740 5469 et
2771 5406 3010 5486 reliquos
3049 5414 3165 5469 dies
3196 5423 3395 5466 vestros
3418 5406 3662 5462 servientis

500 5479 676 5555 qui«_l_._7
714 5479 978 5555 Srwuno.
1037 5549 1077 5555 __
1286 5552 1327 5555 __
1465 5554 1469 5555 7
1639 5554 1644 5555 7
2181 5485 2291 5539 Deo
2329 5486 2449 5540 sine
2473 5487 2748 5555 querela.)
2855 5479 2901 5555 7'
3191 5554 3196 5555 7
3313 5550 3370 5555 Α
3441 5540 3495 5555 _'
3585 5531 3658 5555 Μ

574 5549 686 5626 (45)
723 5553 995 5620 Εἴρηκεν.
1037 5549 1240 5622 Nempe
1286 5552 1581 5610 Heraclcon
1636 5554 1690 5609 in
1729 5556 1910 5612 verbis
1952 5557 2067 5626 jam

2183 5534 2205 5538 “
2232 5534 2814 5625 ’(ζιᾰ“ί”ῖεέ’ῂῖἦὲὰὲο.
2850 5553 2981 5610 an.
3013 5571 3149 5616 xm,
3189 5554 3275 5626 751,
3312 5550 3403 5626 572:
3430 5540 3556 5626 Em,
3576 5534 3663 5626 ἓξ

504 5613 864 5698 δίψης-ν
977 5690 988 5698 7
1088 5690 1128 5698 __
1174 5613 1191 5622 “
1314 5693 1345 5698 _
1622 5697 1627 5698 7
1732 5696 1762 5698 77
1830 5696 1838 5698 _
1910 5613 1970 5698 777'
2178 5613 2417 5698 Κῦριοςο
2455 5613 2654 5698 ξέεῖων,
2690 5627 2888 5698 Σίμων,
2925 5627 3066 5687 ἰδοὺ.
3109 5613 3663 5698 δ’Σᾳτᾳνᾷςέςῃτήῗξῗ

787 5690 1063 5768 [Immin
1088 5690 1298 5748 Herma:
1314 5693 1592 5768 Pastorem
1620 5696 1888 5768 intelligit,
1908 5697 2001 5768 lih.
2032 5713 2068 5761 ι,

2179 5671 2378 5698 ·“*ι’”ν
2455 5671 2654 5696 --Γ--τν
2690 5671 2888 5696 --Γ-νν
2925 5671 3066 5687 ""v
3112 5671 3134 5679 ν
3165 5671 3401 5706 --ην-νχτ,
3462 5671 3508 5686 ’··
3551 5671 3561 5680 ·

2180 5698 2343 5767 ὑμᾶς,
2391 5696 2508 5768 τοῦ
2535 5697 2771 5768 σινιάσαι
2799 5696 2874 5760 ὡς
2907 5699 3047 5750 σῖτον
3067 5712 3080 5725 ⁸
3136 5694 3242 5763 ἐγὼ
3273 5694 3321 5747 δὲ
3352 5685 3543 5756 εοεήθην
3565 5671 3663 5744 περὶ

503 5760 608 5816 vis.
636 5760 700 5817 ἐς
733 5781 751 5815 ι
785 5760 840 5818 Si
869 5760 996 5834 ergo
1022 5766 1457 5836 prmparaveritis
1487 5783 1604 5835 vos,
1638 5760 1886 5836 poteritis
1930 5760 2065 5823 eﬁ‘ué

1638 5760 1886 5836 poteritis
1930 5760 2067 5823 eﬁ‘u?
2180 5760 2315 5836 σοῦ,
2340 5767 2427 5822 ἵνα
2455 5767 2528 5840 μὴ
2555 5767 2780 5839 ἐκλείπῃ
2801 5769 2834 5837 ἡ
2869 5769 3046 5831 πίστις
3089 5760 3197 5820 σου.
