  <div class='ocr_page' id='page_1' title='image "/cluster/home/n/w/nwhite01/storage/ocr_20150623/8/hvd.32044073501306/654.png"; bbox 0 0 3956 6318; ppageno 0'>
   <div class='ocr_carea' id='block_1_1' title="bbox 327 264 466 320">
    <p class='ocr_par' dir='ltr' id='par_1_1' title="bbox 327 264 466 320">
     <span class='ocr_line' id='line_1_1' title="bbox 327 264 466 320; baseline 0 0"><span class='ocrx_word' id='word_1_1' title='bbox 327 264 466 320; x_wconf 72' lang='grc'><strong>1293</strong></span> 
     </span>
    </p>
   </div>
   <div class='ocr_carea' id='block_1_2' title="bbox 1545 254 2256 314">
    <p class='ocr_par' dir='ltr' id='par_1_2' title="bbox 1545 254 2256 314">
     <span class='ocr_line' id='line_1_2' title="bbox 1545 254 2256 314; baseline -0.004 -1"><span class='ocrx_word' id='word_1_2' title='bbox 1545 254 1972 314; x_wconf 79' lang='lat' dir='ltr'><strong>STROMATUM</strong></span> <span class='ocrx_word' id='word_1_3' title='bbox 2004 255 2130 312; x_wconf 81' lang='lat' dir='ltr'><strong>LIB.</strong></span> <span class='ocrx_word' id='word_1_4' title='bbox 2167 257 2256 312; x_wconf 83' lang='lat' dir='ltr'><strong>IV.</strong></span> 
     </span>
    </p>
   </div>
   <div class='ocr_carea' id='block_1_3' title="bbox 3395 258 3532 314">
    <p class='ocr_par' dir='ltr' id='par_1_3' title="bbox 3395 258 3532 314">
     <span class='ocr_line' id='line_1_3' title="bbox 3395 258 3532 314; baseline 0 -2"><span class='ocrx_word' id='word_1_5' title='bbox 3395 258 3532 314; x_wconf 68' lang='lat' dir='ltr'><strong>12M</strong></span> 
     </span>
    </p>
   </div>
   <div class='ocr_carea' id='block_1_4' title="bbox 326 347 1901 454">
    <p class='ocr_par' dir='ltr' id='par_1_4' title="bbox 326 347 1888 454">
     <span class='ocr_line' id='line_1_4' title="bbox 326 347 1888 454; baseline -0.004 -18"><span class='ocrx_word' id='word_1_6' title='bbox 326 383 512 438; x_wconf 78' lang='grc' dir='ltr'>λύεται</span> <span class='ocrx_word' id='word_1_7' title='bbox 545 381 654 454; x_wconf 80' lang='grc' dir='ltr'>γὰρ</span> <span class='ocrx_word' id='word_1_8' title='bbox 677 382 770 436; x_wconf 74' lang='grc' dir='ltr'><strong>ἐπὶ</strong></span> <span class='ocrx_word' id='word_1_9' title='bbox 817 379 910 434; x_wconf 83' lang='grc' dir='ltr'><strong>τοῦ</strong></span> <span class='ocrx_word' id='word_1_10' title='bbox 954 347 1320 452; x_wconf 79' lang='grc' dir='ltr'>ἀρνησομένου</span> <span class='ocrx_word' id='word_1_11' title='bbox 1363 377 1396 450; x_wconf 82' lang='grc' dir='ltr'><strong>ἡ</strong></span> <span class='ocrx_word' id='word_1_12' title='bbox 1437 380 1576 434; x_wconf 79' lang='grc' dir='ltr'>κατὰ</span> <span class='ocrx_word' id='word_1_13' title='bbox 1613 379 1702 434; x_wconf 77' lang='grc' dir='ltr'><strong>τὸν</strong></span> <span class='ocrx_word' id='word_1_14' title='bbox 1729 379 1888 432; x_wconf 84' lang='grc' dir='ltr'>Βασι-</span> 
     </span>
    </p>
   </div>
   <div class='ocr_carea' id='block_1_5' title="bbox 2001 347 3534 454">
    <p class='ocr_par' dir='ltr' id='par_1_5' title="bbox 2001 377 3534 450">
     <span class='ocr_line' id='line_1_5' title="bbox 2001 377 3534 450; baseline -0.001 -16"><span class='ocrx_word' id='word_1_15' title='bbox 2001 380 2226 450; x_wconf 62' lang='lat' dir='ltr'><strong>quidem,</strong></span> <span class='ocrx_word' id='word_1_16' title='bbox 2286 385 2347 432; x_wconf 90' lang='lat' dir='ltr'><strong>ut</strong></span> <span class='ocrx_word' id='word_1_17' title='bbox 2387 377 2646 447; x_wconf 79' lang='lat' dir='ltr'><strong>puniatur</strong></span> <span class='ocrx_word' id='word_1_18' title='bbox 2697 377 2994 435; x_wconf 80' lang='lat' dir='ltr'><strong>honoriﬁce</strong></span> <span class='ocrx_word' id='word_1_19' title='bbox 3041 393 3138 450; x_wconf 87' lang='lat' dir='ltr'><strong>per</strong></span> <span class='ocrx_word' id='word_1_20' title='bbox 3181 378 3534 450; x_wconf 73' lang='lat' dir='ltr'><strong>martyrium;</strong></span> 
     </span>
    </p>
   </div>
   <div class='ocr_carea' id='block_1_6' title="bbox 328 469 1883 546">
    <p class='ocr_par' dir='ltr' id='par_1_6' title="bbox 328 469 1883 546">
     <span class='ocr_line' id='line_1_6' title="bbox 328 469 1883 546; baseline -0.005 -17"><span class='ocrx_word' id='word_1_21' title='bbox 328 474 505 545; x_wconf 86' lang='grc' dir='ltr'>λείδην</span> <span class='ocrx_word' id='word_1_22' title='bbox 534 473 775 546; x_wconf 86' lang='grc' dir='ltr'>πρόνοια.</span> <span class='ocrx_word' id='word_1_23' title='bbox 811 471 950 545; x_wconf 84' lang='grc' dir='ltr'>Ἐρῶ</span> <span class='ocrx_word' id='word_1_24' title='bbox 981 469 1092 542; x_wconf 74' lang='lat'><strong>(6&#39;1)</strong></span> <span class='ocrx_word' id='word_1_25' title='bbox 1120 469 1298 524; x_wconf 69' lang='grc' dir='ltr'>τοίνυν</span> <span class='ocrx_word' id='word_1_26' title='bbox 1325 469 1486 523; x_wconf 76' lang='grc' dir='ltr'>αὐτὸν</span> <span class='ocrx_word' id='word_1_27' title='bbox 1513 470 1606 524; x_wconf 70' lang='grc' dir='ltr'><strong>ἐπὶ</strong></span> <span class='ocrx_word' id='word_1_28' title='bbox 1627 469 1720 524; x_wconf 88' lang='grc' dir='ltr'><strong>τοῦ</strong></span> <span class='ocrx_word' id='word_1_29' title='bbox 1751 487 1883 540; x_wconf 87' lang='grc' dir='ltr'>κρα-</span> 
     </span>
    </p>
   </div>
   <div class='ocr_carea' id='block_1_7' title="bbox 328 560 1888 639">
    <p class='ocr_par' dir='ltr' id='par_1_7' title="bbox 328 560 1888 639">
     <span class='ocr_line' id='line_1_7' title="bbox 328 560 1888 639; baseline -0.006 -18"><span class='ocrx_word' id='word_1_30' title='bbox 328 567 577 639; x_wconf 86' lang='grc' dir='ltr'>τηθέντος</span> <span class='ocrx_word' id='word_1_31' title='bbox 599 562 924 636; x_wconf 84' lang='grc' dir='ltr'>ὁμολογητοῦ</span> <span class='ocrx_word' id='word_1_32' title='bbox 940 601 955 626; x_wconf 94' lang='grc'><strong>,</strong></span> <span class='ocrx_word' id='word_1_33' title='bbox 989 562 1116 614; x_wconf 87' lang='grc' dir='ltr'>πότε</span> <span class='ocrx_word' id='word_1_34' title='bbox 1125 578 1214 632; x_wconf 90' lang='grc' dir='ltr'><strong>ρον</strong></span> <span class='ocrx_word' id='word_1_35' title='bbox 1243 562 1580 633; x_wconf 74' lang='grc' dir='ltr'><strong>μαρτυρήσει</strong></span> <span class='ocrx_word' id='word_1_36' title='bbox 1611 562 1704 614; x_wconf 71' lang='grc' dir='ltr'>καὶ</span> <span class='ocrx_word' id='word_1_37' title='bbox 1731 560 1888 612; x_wconf 84' lang='grc' dir='ltr'>κολα-</span> 
     </span>
    </p>
   </div>
   <div class='ocr_carea' id='block_1_8' title="bbox 332 649 1885 728">
    <p class='ocr_par' dir='ltr' id='par_1_8' title="bbox 332 649 1885 728">
     <span class='ocr_line' id='line_1_8' title="bbox 332 649 1885 728; baseline -0.006 -18"><span class='ocrx_word' id='word_1_38' title='bbox 332 656 587 728; x_wconf 87' lang='grc' dir='ltr'>σθήσεται</span> <span class='ocrx_word' id='word_1_39' title='bbox 609 655 750 708; x_wconf 84' lang='grc' dir='ltr'>κατὰ</span> <span class='ocrx_word' id='word_1_40' title='bbox 766 652 864 724; x_wconf 80' lang='grc' dir='ltr'>τὴν</span> <span class='ocrx_word' id='word_1_41' title='bbox 885 652 1160 723; x_wconf 80' lang='grc' dir='ltr'>πρόνοιαν,</span> <span class='ocrx_word' id='word_1_42' title='bbox 1185 651 1218 721; x_wconf 83' lang='grc' dir='ltr'>ἢ</span> <span class='ocrx_word' id='word_1_43' title='bbox 1243 649 1302 702; x_wconf 75' lang='grc' dir='ltr'>οὔ</span> <span class='ocrx_word' id='word_1_44' title='bbox 1329 668 1344 716; x_wconf 89' lang='grc'><strong>;</strong></span> <span class='ocrx_word' id='word_1_45' title='bbox 1383 650 1569 721; x_wconf 84' lang='grc' dir='ltr'>Ἀρνού</span> <span class='ocrx_word' id='word_1_46' title='bbox 1579 667 1735 722; x_wconf 87' lang='grc' dir='ltr'>μενος</span> <span class='ocrx_word' id='word_1_47' title='bbox 1755 649 1885 720; x_wconf 78' lang='grc' dir='ltr'>γὰρ,</span> 
     </span>
    </p>
   </div>
   <div class='ocr_carea' id='block_1_9' title="bbox 331 739 1886 826">
    <p class='ocr_par' dir='ltr' id='par_1_9' title="bbox 331 739 1886 826">
     <span class='ocr_line' id='line_1_9' title="bbox 331 739 1886 826; baseline -0.005 -26"><span class='ocrx_word' id='word_1_48' title='bbox 331 749 392 802; x_wconf 82' lang='grc' dir='ltr'>οὐ</span> <span class='ocrx_word' id='word_1_49' title='bbox 433 746 821 817; x_wconf 73' lang='grc' dir='ltr'><strong>κολασθήσεται</strong></span> <span class='ocrx_word' id='word_1_50' title='bbox 841 761 854 774; x_wconf 89' lang='grc'><strong>·</strong></span> <span class='ocrx_word' id='word_1_51' title='bbox 896 744 944 796; x_wconf 80' lang='grc' dir='ltr'><strong>εί</strong></span> <span class='ocrx_word' id='word_1_52' title='bbox 981 743 1040 796; x_wconf 72' lang='grc' dir='ltr'>δὲ</span> <span class='ocrx_word' id='word_1_53' title='bbox 1071 743 1165 795; x_wconf 74' lang='grc' dir='ltr'>καὶ</span> <span class='ocrx_word' id='word_1_54' title='bbox 1195 741 1296 826; x_wconf 71' lang='grc' dir='ltr'>τῆς</span> <span class='ocrx_word' id='word_1_55' title='bbox 1332 741 1650 804; x_wconf 78' lang='grc' dir='ltr'>ἀποϐάσεως</span> <span class='ocrx_word' id='word_1_56' title='bbox 1677 741 1771 794; x_wconf 73' lang='grc' dir='ltr'>καὶ</span> <span class='ocrx_word' id='word_1_57' title='bbox 1794 739 1886 792; x_wconf 82' lang='grc' dir='ltr'><strong>τοῦ</strong></span> 
     </span>
    </p>
   </div>
   <div class='ocr_carea' id='block_1_10' title="bbox 337 832 1890 912">
    <p class='ocr_par' dir='ltr' id='par_1_10' title="bbox 337 832 1890 912">
     <span class='ocr_line' id='line_1_10' title="bbox 337 832 1890 912; baseline -0.003 -20"><span class='ocrx_word' id='word_1_58' title='bbox 337 840 412 912; x_wconf 84' lang='grc' dir='ltr'>μὴ</span> <span class='ocrx_word' id='word_1_59' title='bbox 442 839 548 892; x_wconf 84' lang='grc' dir='ltr'>δεῖν</span> <span class='ocrx_word' id='word_1_60' title='bbox 577 837 902 908; x_wconf 84' lang='grc' dir='ltr'>κολασθῆναι</span> <span class='ocrx_word' id='word_1_61' title='bbox 928 835 1113 890; x_wconf 84' lang='grc' dir='ltr'>τοῦτον</span> <span class='ocrx_word' id='word_1_62' title='bbox 1146 837 1306 906; x_wconf 86' lang='grc' dir='ltr'>φήσει</span> <span class='ocrx_word' id='word_1_63' title='bbox 1333 833 1430 905; x_wconf 85' lang='grc' dir='ltr'>τὴν</span> <span class='ocrx_word' id='word_1_64' title='bbox 1469 832 1742 886; x_wconf 80' lang='grc' dir='ltr'>ἀπώλειαν</span> <span class='ocrx_word' id='word_1_65' title='bbox 1783 833 1890 887; x_wconf 82' lang='grc' dir='ltr'>τῶν</span> 
     </span>
    </p>
   </div>
   <div class='ocr_carea' id='block_1_11' title="bbox 336 927 1885 1002">
    <p class='ocr_par' dir='ltr' id='par_1_11' title="bbox 336 927 1885 1002">
     <span class='ocr_line' id='line_1_11' title="bbox 336 927 1885 1002; baseline 0 -18"><span class='ocrx_word' id='word_1_66' title='bbox 336 931 712 1002; x_wconf 82' lang='grc' dir='ltr'>ἀρνησομένων</span> <span class='ocrx_word' id='word_1_67' title='bbox 733 933 796 982; x_wconf 82' lang='grc' dir='ltr'>ὲκ</span> <span class='ocrx_word' id='word_1_68' title='bbox 813 928 1085 1000; x_wconf 84' lang='grc' dir='ltr'><strong>προνοίας,</strong></span> <span class='ocrx_word' id='word_1_69' title='bbox 1099 929 1246 982; x_wconf 77' lang='grc' dir='ltr'>ἄκων</span> <span class='ocrx_word' id='word_1_70' title='bbox 1261 945 1577 1000; x_wconf 85' lang='grc' dir='ltr'>προσμαρτυ</span> <span class='ocrx_word' id='word_1_71' title='bbox 1586 929 1737 998; x_wconf 87' lang='grc' dir='ltr'>ρήσει</span> <span class='ocrx_word' id='word_1_72' title='bbox 1754 927 1885 1000; x_wconf 83' lang='grc'><strong>(68).</strong></span> 
     </span>
    </p>
   </div>
   <div class='ocr_carea' id='block_1_12' title="bbox 335 1019 1888 1091">
    <p class='ocr_par' dir='ltr' id='par_1_12' title="bbox 335 1019 1888 1091">
     <span class='ocr_line' id='line_1_12' title="bbox 335 1019 1888 1091; baseline -0.001 -16"><span class='ocrx_word' id='word_1_73' title='bbox 335 1021 459 1085; x_wconf 82' lang='grc' dir='ltr'><strong>Πῶς</strong></span> <span class='ocrx_word' id='word_1_74' title='bbox 483 1021 539 1074; x_wconf 81' lang='grc' dir='ltr'>δὲ</span> <span class='ocrx_word' id='word_1_75' title='bbox 564 1021 641 1074; x_wconf 72' lang='grc' dir='ltr'>ἔτι</span> <span class='ocrx_word' id='word_1_76' title='bbox 661 1020 848 1091; x_wconf 83' lang='grc' dir='ltr'>μισθὸς</span> <span class='ocrx_word' id='word_1_77' title='bbox 869 1021 902 1072; x_wconf 79' lang='grc' dir='ltr'><strong>ὁ</strong></span> <span class='ocrx_word' id='word_1_78' title='bbox 923 1019 1256 1081; x_wconf 75' lang='grc' dir='ltr'><strong>ἐνδοξότατος</strong></span> <span class='ocrx_word' id='word_1_79' title='bbox 1275 1022 1334 1072; x_wconf 82' lang='grc' dir='ltr'>ὲν</span> <span class='ocrx_word' id='word_1_80' title='bbox 1361 1019 1572 1089; x_wconf 80' lang='grc' dir='ltr'>οὐρανῷ</span> <span class='ocrx_word' id='word_1_81' title='bbox 1604 1019 1888 1074; x_wconf 83' lang='grc' dir='ltr'>ἀπόκειται</span> 
     </span>
    </p>
   </div>
   <div class='ocr_carea' id='block_1_13' title="bbox 334 1110 1894 1187">
    <p class='ocr_par' dir='ltr' id='par_1_13' title="bbox 334 1110 1894 1187">
     <span class='ocr_line' id='line_1_13' title="bbox 334 1110 1894 1187; baseline -0.001 -19"><span class='ocrx_word' id='word_1_82' title='bbox 334 1113 412 1185; x_wconf 78' lang='grc' dir='ltr'>τῷ</span> <span class='ocrx_word' id='word_1_83' title='bbox 456 1114 854 1187; x_wconf 79' lang='grc' dir='ltr'><strong>μαρτυρήσαντι</strong></span> <span class='ocrx_word' id='word_1_84' title='bbox 909 1111 996 1165; x_wconf 72' lang='grc' dir='ltr'><strong>διὰ</strong></span> <span class='ocrx_word' id='word_1_85' title='bbox 1047 1110 1108 1164; x_wconf 84' lang='grc' dir='ltr'>τὸ</span> <span class='ocrx_word' id='word_1_86' title='bbox 1165 1113 1544 1184; x_wconf 81' lang='grc' dir='ltr'>μαρτυρῆσαι;</span> <span class='ocrx_word' id='word_1_87' title='bbox 1595 1113 1657 1166; x_wconf 78' lang='lat' dir='ltr'><strong>Ei</strong></span> <span class='ocrx_word' id='word_1_88' title='bbox 1705 1113 1759 1166; x_wconf 87' lang='grc' dir='ltr'>δὲ</span> <span class='ocrx_word' id='word_1_89' title='bbox 1802 1114 1894 1166; x_wconf 73' lang='grc' dir='ltr'>τὸν</span> 
     </span>
    </p>
   </div>
   <div class='ocr_carea' id='block_1_14' title="bbox 337 1201 1894 1276">
    <p class='ocr_par' dir='ltr' id='par_1_14' title="bbox 337 1201 1894 1276">
     <span class='ocr_line' id='line_1_14' title="bbox 337 1201 1894 1276; baseline -0.001 -18"><span class='ocrx_word' id='word_1_90' title='bbox 337 1203 704 1276; x_wconf 75' lang='grc' dir='ltr'>ἁμαρτητικὸν</span> <span class='ocrx_word' id='word_1_91' title='bbox 751 1204 850 1256; x_wconf 78' lang='grc' dir='ltr'>οὐκ</span> <span class='ocrx_word' id='word_1_92' title='bbox 875 1201 1056 1255; x_wconf 75' lang='grc' dir='ltr'>εἴασεν</span> <span class='ocrx_word' id='word_1_93' title='bbox 1103 1205 1136 1274; x_wconf 92' lang='grc' dir='ltr'><strong>ή</strong></span> <span class='ocrx_word' id='word_1_94' title='bbox 1172 1202 1396 1274; x_wconf 85' lang='grc' dir='ltr'>πρόνοια</span> <span class='ocrx_word' id='word_1_95' title='bbox 1427 1203 1520 1255; x_wconf 72' lang='grc' dir='ltr'>ἐπὶ</span> <span class='ocrx_word' id='word_1_96' title='bbox 1543 1203 1602 1256; x_wconf 77' lang='grc' dir='ltr'>τὸ</span> <span class='ocrx_word' id='word_1_97' title='bbox 1628 1204 1894 1275; x_wconf 82' lang='grc' dir='ltr'><strong>ἁμαρτεῖν</strong></span> 
     </span>
    </p>
   </div>
   <div class='ocr_carea' id='block_1_15' title="bbox 337 1293 1894 1362">
    <p class='ocr_par' dir='ltr' id='par_1_15' title="bbox 337 1293 1894 1362">
     <span class='ocr_line' id='line_1_15' title="bbox 337 1293 1894 1362; baseline 0 -14"><span class='ocrx_word' id='word_1_98' title='bbox 337 1294 540 1358; x_wconf 77' lang='grc' dir='ltr'>ἐλθεῖν,</span> <span class='ocrx_word' id='word_1_99' title='bbox 575 1294 756 1356; x_wconf 74' lang='grc' dir='ltr'>ἄδικος</span> <span class='ocrx_word' id='word_1_100' title='bbox 803 1294 1008 1362; x_wconf 85' lang='grc' dir='ltr'>γίνεται</span> <span class='ocrx_word' id='word_1_101' title='bbox 1051 1294 1168 1346; x_wconf 84' lang='grc' dir='ltr'>κατ’</span> <span class='ocrx_word' id='word_1_102' title='bbox 1213 1293 1407 1362; x_wconf 78' lang='grc' dir='ltr'><strong>ἄμφω⁸</strong></span> <span class='ocrx_word' id='word_1_103' title='bbox 1431 1294 1542 1346; x_wconf 73' lang='grc' dir='ltr'>-καὶ</span> <span class='ocrx_word' id='word_1_104' title='bbox 1589 1294 1678 1347; x_wconf 82' lang='grc' dir='ltr'>τὸν</span> <span class='ocrx_word' id='word_1_105' title='bbox 1707 1294 1792 1347; x_wconf 85' lang='grc' dir='ltr'><strong>διὰ</strong></span> <span class='ocrx_word' id='word_1_106' title='bbox 1819 1295 1894 1348; x_wconf 89' lang='grc' dir='ltr'>δι-</span> 
     </span>
    </p>
   </div>
   <div class='ocr_carea' id='block_1_16' title="bbox 337 1383 1936 1460">
    <p class='ocr_par' dir='ltr' id='par_1_16' title="bbox 337 1383 1936 1460">
     <span class='ocr_line' id='line_1_16' title="bbox 337 1383 1936 1460; baseline 0 -22"><span class='ocrx_word' id='word_1_107' title='bbox 337 1385 628 1456; x_wconf 81' lang='grc' dir='ltr'>καιοσύνην</span> <span class='ocrx_word' id='word_1_108' title='bbox 667 1387 746 1447; x_wconf 82' lang='grc' dir='ltr'>εἰς</span> <span class='ocrx_word' id='word_1_109' title='bbox 795 1384 1014 1438; x_wconf 79' lang='grc' dir='ltr'><strong>κόλασιν</strong></span> <span class='ocrx_word' id='word_1_110' title='bbox 1065 1383 1350 1454; x_wconf 78' lang='grc' dir='ltr'>ἑλκόμενον</span> <span class='ocrx_word' id='word_1_111' title='bbox 1400 1384 1472 1455; x_wconf 80' lang='grc' dir='ltr'>μὴ</span> <span class='ocrx_word' id='word_1_112' title='bbox 1502 1387 1756 1456; x_wconf 77' lang='grc' dir='ltr'>ῥυομένη,</span> <span class='ocrx_word' id='word_1_113' title='bbox 1803 1387 1936 1460; x_wconf 47' lang='grc' dir='ltr'>καὶ,</span> 
     </span>
    </p>
   </div>
   <div class='ocr_carea' id='block_1_17' title="bbox 336 1477 1896 1550">
    <p class='ocr_par' dir='ltr' id='par_1_17' title="bbox 336 1477 1896 1550">
     <span class='ocr_line' id='line_1_17' title="bbox 336 1477 1896 1550; baseline 0.001 -20"><span class='ocrx_word' id='word_1_114' title='bbox 336 1479 427 1530; x_wconf 78' lang='grc' dir='ltr'><strong>τὸν</strong></span> <span class='ocrx_word' id='word_1_115' title='bbox 449 1479 654 1531; x_wconf 77' lang='grc' dir='ltr'><strong>ἀδικεῖν</strong></span> <span class='ocrx_word' id='word_1_116' title='bbox 677 1477 1001 1549; x_wconf 79' lang='grc' dir='ltr'><strong>ἐθελήσαντα</strong></span> <span class='ocrx_word' id='word_1_117' title='bbox 1023 1477 1318 1550; x_wconf 76' lang='grc' dir='ltr'>ῥυσαμένη·</span> <span class='ocrx_word' id='word_1_118' title='bbox 1339 1477 1432 1530; x_wconf 86' lang='grc' dir='ltr'><strong>τοῦ</strong></span> <span class='ocrx_word' id='word_1_119' title='bbox 1456 1479 1550 1549; x_wconf 77' lang='grc' dir='ltr'>μὲν</span> <span class='ocrx_word' id='word_1_120' title='bbox 1579 1479 1896 1550; x_wconf 87' lang='grc' dir='ltr'>ποιήσαντος</span> 
     </span>
    </p>
   </div>
   <div class='ocr_carea' id='block_1_18' title="bbox 337 1562 1894 1642">
    <p class='ocr_par' dir='ltr' id='par_1_18' title="bbox 337 1562 1894 1642">
     <span class='ocr_line' id='line_1_18' title="bbox 337 1562 1894 1642; baseline 0.001 -20"><span class='ocrx_word' id='word_1_121' title='bbox 337 1569 404 1622; x_wconf 80' lang='grc' dir='ltr'>δι’</span> <span class='ocrx_word' id='word_1_122' title='bbox 437 1562 510 1622; x_wconf 85' lang='grc' dir='ltr'>ὧν</span> <span class='ocrx_word' id='word_1_123' title='bbox 537 1568 818 1638; x_wconf 71' lang='grc' dir='ltr'>ἐϐουλήθη,</span> <span class='ocrx_word' id='word_1_124' title='bbox 854 1569 952 1638; x_wconf 81' lang='grc' dir='ltr'>τῆς</span> <span class='ocrx_word' id='word_1_125' title='bbox 982 1569 1038 1621; x_wconf 79' lang='grc' dir='ltr'>δὲ</span> <span class='ocrx_word' id='word_1_126' title='bbox 1066 1567 1382 1640; x_wconf 85' lang='grc' dir='ltr'>κωλυσάσης</span> <span class='ocrx_word' id='word_1_127' title='bbox 1407 1569 1466 1620; x_wconf 81' lang='grc' dir='ltr'>τὸ</span> <span class='ocrx_word' id='word_1_128' title='bbox 1491 1568 1666 1640; x_wconf 78' lang='grc' dir='ltr'>ἔργον,</span> <span class='ocrx_word' id='word_1_129' title='bbox 1701 1571 1792 1624; x_wconf 77' lang='grc' dir='ltr'>καὶ</span> <span class='ocrx_word' id='word_1_130' title='bbox 1821 1571 1894 1642; x_wconf 86' lang='grc' dir='ltr'>μὴ</span> 
     </span>
    </p>
   </div>
   <div class='ocr_carea' id='block_1_19' title="bbox 337 1658 1894 1731">
    <p class='ocr_par' dir='ltr' id='par_1_19' title="bbox 337 1658 1894 1731">
     <span class='ocr_line' id='line_1_19' title="bbox 337 1658 1894 1731; baseline 0.001 -19"><span class='ocrx_word' id='word_1_131' title='bbox 337 1660 558 1722; x_wconf 78' lang='grc' dir='ltr'>δικαίως</span> <span class='ocrx_word' id='word_1_132' title='bbox 589 1659 934 1730; x_wconf 82' lang='grc' dir='ltr'>περιέποντος</span> <span class='ocrx_word' id='word_1_133' title='bbox 967 1658 1073 1727; x_wconf 84' lang='grc'><strong>(69)</strong></span> <span class='ocrx_word' id='word_1_134' title='bbox 1105 1659 1196 1712; x_wconf 84' lang='grc' dir='ltr'>τὸν</span> <span class='ocrx_word' id='word_1_135' title='bbox 1227 1661 1616 1731; x_wconf 79' lang='grc' dir='ltr'>ἁμαρτητικόν.</span> <span class='ocrx_word' id='word_1_136' title='bbox 1666 1661 1790 1724; x_wconf 85' lang='grc' dir='ltr'>Πῶς</span> <span class='ocrx_word' id='word_1_137' title='bbox 1837 1661 1894 1714; x_wconf 83' lang='grc' dir='ltr'>δὲ</span> 
     </span>
    </p>
   </div>
   <div class='ocr_carea' id='block_1_20' title="bbox 339 1750 1894 1823">
    <p class='ocr_par' dir='ltr' id='par_1_20' title="bbox 339 1750 1894 1823">
     <span class='ocr_line' id='line_1_20' title="bbox 339 1750 1894 1823; baseline 0.002 -21"><span class='ocrx_word' id='word_1_138' title='bbox 339 1751 438 1803; x_wconf 71' lang='grc' dir='ltr'>οὐκ</span> <span class='ocrx_word' id='word_1_139' title='bbox 466 1750 653 1813; x_wconf 76' lang='grc' dir='ltr'>ἄθεος,</span> <span class='ocrx_word' id='word_1_140' title='bbox 703 1750 928 1814; x_wconf 78' lang='grc' dir='ltr'>θειάζων</span> <span class='ocrx_word' id='word_1_141' title='bbox 962 1752 1056 1821; x_wconf 78' lang='grc' dir='ltr'>μὲν</span> <span class='ocrx_word' id='word_1_142' title='bbox 1088 1751 1176 1804; x_wconf 77' lang='grc' dir='ltr'>τὸν</span> <span class='ocrx_word' id='word_1_143' title='bbox 1209 1750 1476 1818; x_wconf 72' lang='grc' dir='ltr'>διάϐολον,</span> <span class='ocrx_word' id='word_1_144' title='bbox 1520 1751 1798 1823; x_wconf 78' lang='grc' dir='ltr'>ἄνθρωπον</span> <span class='ocrx_word' id='word_1_145' title='bbox 1839 1753 1894 1807; x_wconf 78' lang='grc' dir='ltr'>δὲ</span> 
     </span>
    </p>
   </div>
   <div class='ocr_carea' id='block_1_21' title="bbox 341 1841 1893 1918">
    <p class='ocr_par' dir='ltr' id='par_1_21' title="bbox 341 1841 1893 1918">
     <span class='ocr_line' id='line_1_21' title="bbox 341 1841 1893 1918; baseline 0.003 -25"><span class='ocrx_word' id='word_1_146' title='bbox 341 1841 708 1912; x_wconf 75' lang='grc' dir='ltr'>ἁμαρτητικὸν</span> <span class='ocrx_word' id='word_1_147' title='bbox 727 1841 1000 1912; x_wconf 82' lang='grc' dir='ltr'>τολμήσας</span> <span class='ocrx_word' id='word_1_148' title='bbox 1031 1843 1201 1895; x_wconf 78' lang='grc' dir='ltr'>εἰπεῖν</span> <span class='ocrx_word' id='word_1_149' title='bbox 1227 1843 1315 1896; x_wconf 78' lang='grc' dir='ltr'>τὸν</span> <span class='ocrx_word' id='word_1_150' title='bbox 1339 1843 1538 1915; x_wconf 84' lang='grc' dir='ltr'>Κύριον</span> <span class='ocrx_word' id='word_1_151' title='bbox 1567 1861 1582 1909; x_wconf 88' lang='grc'><strong>;</strong></span> <span class='ocrx_word' id='word_1_152' title='bbox 1617 1843 1893 1918; x_wconf 81' lang='grc' dir='ltr'>Πειράζων</span> 
     </span>
    </p>
   </div>
   <div class='ocr_carea' id='block_1_22' title="bbox 341 1933 1896 2006">
    <p class='ocr_par' dir='ltr' id='par_1_22' title="bbox 341 1933 1896 2006">
     <span class='ocr_line' id='line_1_22' title="bbox 341 1933 1896 2006; baseline 0.001 -20"><span class='ocrx_word' id='word_1_153' title='bbox 341 1935 448 2004; x_wconf 72' lang='grc' dir='ltr'>γὰρ</span> <span class='ocrx_word' id='word_1_154' title='bbox 478 1935 626 2002; x_wconf 78' lang='grc' dir='ltr'>ἡμᾶς</span> <span class='ocrx_word' id='word_1_155' title='bbox 668 1935 696 1985; x_wconf 83' lang='grc' dir='ltr'><strong><em>ὁ</em></strong></span> <span class='ocrx_word' id='word_1_156' title='bbox 723 1933 980 1998; x_wconf 76' lang='grc' dir='ltr'>διάϐολος,</span> <span class='ocrx_word' id='word_1_157' title='bbox 1007 1934 1160 1997; x_wconf 82' lang='grc' dir='ltr'>εἰδὼς</span> <span class='ocrx_word' id='word_1_158' title='bbox 1205 1936 1301 2006; x_wconf 79' lang='grc' dir='ltr'>μὲν</span> <span class='ocrx_word' id='word_1_159' title='bbox 1333 1935 1360 1987; x_wconf 83' lang='grc' dir='ltr'><strong>ὃ</strong></span> <span class='ocrx_word' id='word_1_160' title='bbox 1390 1937 1584 2005; x_wconf 72' lang='grc' dir='ltr'>ἐσμεν,</span> <span class='ocrx_word' id='word_1_161' title='bbox 1613 1937 1713 1988; x_wconf 82' lang='grc' dir='ltr'>οὐκ</span> <span class='ocrx_word' id='word_1_162' title='bbox 1743 1935 1896 2000; x_wconf 76' lang='grc' dir='ltr'>εἰδὼς</span> 
     </span>
    </p>
   </div>
   <div class='ocr_carea' id='block_1_23' title="bbox 339 2020 1896 2095">
    <p class='ocr_par' dir='ltr' id='par_1_23' title="bbox 339 2020 1896 2095">
     <span class='ocr_line' id='line_1_23' title="bbox 339 2020 1896 2095; baseline 0.004 -21"><span class='ocrx_word' id='word_1_163' title='bbox 339 2022 396 2075; x_wconf 78' lang='grc' dir='ltr'>δὲ</span> <span class='ocrx_word' id='word_1_164' title='bbox 427 2023 476 2074; x_wconf 80' lang='grc' dir='ltr'>εἰ</span> <span class='ocrx_word' id='word_1_165' title='bbox 501 2020 891 2092; x_wconf 74' lang='grc' dir='ltr'>ὑπομενοῦμεν,</span> <span class='ocrx_word' id='word_1_166' title='bbox 918 2021 1352 2095; x_wconf 32' lang='grc' dir='ltr'>ἁλλὰ-ἀποσεῖσαι</span> <span class='ocrx_word' id='word_1_167' title='bbox 1371 2025 1468 2094; x_wconf 83' lang='grc' dir='ltr'>τῆς</span> <span class='ocrx_word' id='word_1_168' title='bbox 1492 2024 1725 2088; x_wconf 87' lang='grc' dir='ltr'>πίστεως</span> <span class='ocrx_word' id='word_1_169' title='bbox 1749 2026 1896 2095; x_wconf 81' lang='grc' dir='ltr'>ἡμᾶς</span> 
     </span>
    </p>
   </div>
   <div class='ocr_carea' id='block_1_24' title="bbox 345 2091 1898 2187">
    <p class='ocr_par' dir='ltr' id='par_1_24' title="bbox 345 2091 1898 2187">
     <span class='ocr_line' id='line_1_24' title="bbox 345 2091 1898 2187; baseline 0.001 -23"><span class='ocrx_word' id='word_1_170' title='bbox 345 2111 694 2183; x_wconf 88' lang='grc' dir='ltr'>βουλόμενος,</span> <span class='ocrx_word' id='word_1_171' title='bbox 727 2112 820 2164; x_wconf 79' lang='grc' dir='ltr'>καὶ</span> <span class='ocrx_word' id='word_1_172' title='bbox 867 2091 1166 2180; x_wconf 76' lang='grc' dir='ltr'>ὑπάγεσθαι</span> <span class='ocrx_word' id='word_1_173' title='bbox 1210 2111 1388 2182; x_wconf 80' lang='grc' dir='ltr'>ἐαυτῷ</span> <span class='ocrx_word' id='word_1_174' title='bbox 1430 2112 1712 2184; x_wconf 72' lang='grc' dir='ltr'>πειράζειν</span> <span class='ocrx_word' id='word_1_175' title='bbox 1761 2113 1898 2187; x_wconf 82' lang='grc' dir='ltr'>ὅπερ</span> 
     </span>
    </p>
   </div>
   <div class='ocr_carea' id='block_1_25' title="bbox 346 2203 1898 2275">
    <p class='ocr_par' dir='ltr' id='par_1_25' title="bbox 346 2203 1898 2275">
     <span class='ocr_line' id='line_1_25' title="bbox 346 2203 1898 2275; baseline 0.001 -19"><span class='ocrx_word' id='word_1_176' title='bbox 346 2203 444 2256; x_wconf 72' lang='grc' dir='ltr'><strong>καὶ</strong></span> <span class='ocrx_word' id='word_1_177' title='bbox 493 2203 648 2274; x_wconf 78' lang='grc' dir='ltr'>μόνον</span> <span class='ocrx_word' id='word_1_178' title='bbox 691 2203 1076 2275; x_wconf 76' lang='grc' dir='ltr'>ἐπιτέτραπται</span> <span class='ocrx_word' id='word_1_179' title='bbox 1122 2203 1306 2274; x_wconf 77' lang='grc' dir='ltr'>αὐτῷ,</span> <span class='ocrx_word' id='word_1_180' title='bbox 1351 2205 1440 2258; x_wconf 81' lang='grc' dir='ltr'>διά</span> <span class='ocrx_word' id='word_1_181' title='bbox 1488 2221 1548 2257; x_wconf 90' lang='grc' dir='ltr'><strong>τε</strong></span> <span class='ocrx_word' id='word_1_182' title='bbox 1581 2204 1647 2257; x_wconf 76' lang='grc' dir='ltr'>τὸ</span> <span class='ocrx_word' id='word_1_183' title='bbox 1670 2206 1812 2275; x_wconf 80' lang='grc' dir='ltr'>ἡμᾶς</span> <span class='ocrx_word' id='word_1_184' title='bbox 1839 2203 1898 2270; x_wconf 77' lang='grc' dir='ltr'><strong>ἐξ</strong></span> 
     </span>
    </p>
   </div>
   <div class='ocr_carea' id='block_1_26' title="bbox 344 2293 1897 2368">
    <p class='ocr_par' dir='ltr' id='par_1_26' title="bbox 344 2293 1897 2368">
     <span class='ocr_line' id='line_1_26' title="bbox 344 2293 1897 2368; baseline -0.001 -20"><span class='ocrx_word' id='word_1_185' title='bbox 344 2296 548 2349; x_wconf 70' lang='grc' dir='ltr'>ἑαυτῶν</span> <span class='ocrx_word' id='word_1_186' title='bbox 594 2295 856 2360; x_wconf 80' lang='grc' dir='ltr'>σώζεσθαι</span> <span class='ocrx_word' id='word_1_187' title='bbox 899 2295 1043 2359; x_wconf 86' lang='grc' dir='ltr'>δεῖν,</span> <span class='ocrx_word' id='word_1_188' title='bbox 1081 2295 1332 2367; x_wconf 81' lang='grc' dir='ltr'>ἀφορμὰς</span> <span class='ocrx_word' id='word_1_189' title='bbox 1377 2295 1524 2367; x_wconf 75' lang='grc' dir='ltr'>παρὰ</span> <span class='ocrx_word' id='word_1_190' title='bbox 1554 2295 1653 2366; x_wconf 83' lang='grc' dir='ltr'>τῆς</span> <span class='ocrx_word' id='word_1_191' title='bbox 1681 2293 1897 2368; x_wconf 74' lang='grc' dir='ltr'>ἐντολῆς</span> 
     </span>
    </p>
   </div>
   <div class='ocr_carea' id='block_1_27' title="bbox 347 2389 1898 2460">
    <p class='ocr_par' dir='ltr' id='par_1_27' title="bbox 347 2389 1898 2460">
     <span class='ocr_line' id='line_1_27' title="bbox 347 2389 1898 2460; baseline -0.001 -18"><span class='ocrx_word' id='word_1_192' title='bbox 347 2391 654 2460; x_wconf 74' lang='grc' dir='ltr'>είληφὰιας,</span> <span class='ocrx_word' id='word_1_193' title='bbox 681 2391 768 2444; x_wconf 78' lang='grc' dir='ltr'>διᾶ</span> <span class='ocrx_word' id='word_1_194' title='bbox 791 2408 846 2442; x_wconf 87' lang='grc' dir='ltr'><strong>τε</strong></span> <span class='ocrx_word' id='word_1_195' title='bbox 872 2391 964 2443; x_wconf 82' lang='grc' dir='ltr'>τὸν</span> <span class='ocrx_word' id='word_1_196' title='bbox 987 2389 1394 2460; x_wconf 82' lang='grc' dir='ltr'>καταισχυμμδν</span> <span class='ocrx_word' id='word_1_197' title='bbox 1422 2389 1514 2442; x_wconf 85' lang='grc' dir='ltr'><strong>τοῦ</strong></span> <span class='ocrx_word' id='word_1_198' title='bbox 1544 2389 1898 2460; x_wconf 87' lang='grc' dir='ltr'>πειράσαντος</span> 
     </span>
    </p>
   </div>
   <div class='ocr_carea' id='block_1_28' title="bbox 345 2480 1898 2554">
    <p class='ocr_par' dir='ltr' id='par_1_28' title="bbox 345 2480 1898 2554">
     <span class='ocr_line' id='line_1_28' title="bbox 345 2480 1898 2554; baseline -0.003 -16"><span class='ocrx_word' id='word_1_199' title='bbox 345 2485 437 2538; x_wconf 72' lang='grc' dir='ltr'>καὶ</span> <span class='ocrx_word' id='word_1_200' title='bbox 464 2485 838 2553; x_wconf 75' lang='grc' dir='ltr'>ἀποτυχόντος,</span> <span class='ocrx_word' id='word_1_201' title='bbox 869 2483 954 2536; x_wconf 82' lang='grc' dir='ltr'>διὰ</span> <span class='ocrx_word' id='word_1_202' title='bbox 982 2501 1041 2535; x_wconf 88' lang='grc' dir='ltr'><strong>τε</strong></span> <span class='ocrx_word' id='word_1_203' title='bbox 1073 2481 1170 2554; x_wconf 81' lang='grc' dir='ltr'>τὴν</span> <span class='ocrx_word' id='word_1_204' title='bbox 1199 2481 1595 2553; x_wconf 81' lang='grc' dir='ltr'>ίσχυροποίησιν</span> <span class='ocrx_word' id='word_1_205' title='bbox 1620 2481 1726 2534; x_wconf 84' lang='grc' dir='ltr'>τῶν</span> <span class='ocrx_word' id='word_1_206' title='bbox 1757 2480 1898 2534; x_wconf 79' lang='grc' dir='ltr'>κατὰ</span> 
     </span>
    </p>
   </div>
   <div class='ocr_carea' id='block_1_29' title="bbox 343 2573 1900 2647">
    <p class='ocr_par' dir='ltr' id='par_1_29' title="bbox 343 2573 1900 2647">
     <span class='ocr_line' id='line_1_29' title="bbox 343 2573 1900 2647; baseline -0.002 -19"><span class='ocrx_word' id='word_1_207' title='bbox 343 2577 442 2647; x_wconf 81' lang='grc' dir='ltr'>τὴν</span> <span class='ocrx_word' id='word_1_208' title='bbox 482 2575 801 2646; x_wconf 72' lang='grc' dir='ltr'>Ἐκκλησίαν</span> <span class='ocrx_word' id='word_1_209' title='bbox 821 2615 835 2637; x_wconf 93' lang='grc'><strong>,</strong></span> <span class='ocrx_word' id='word_1_210' title='bbox 867 2577 954 2629; x_wconf 82' lang='grc' dir='ltr'>διά</span> <span class='ocrx_word' id='word_1_211' title='bbox 987 2593 1046 2628; x_wconf 89' lang='grc' dir='ltr'><strong>τε</strong></span> <span class='ocrx_word' id='word_1_212' title='bbox 1091 2575 1190 2646; x_wconf 87' lang='grc' dir='ltr'>τὴν</span> <span class='ocrx_word' id='word_1_213' title='bbox 1229 2575 1523 2646; x_wconf 81' lang='grc' dir='ltr'>συνείδησιν</span> <span class='ocrx_word' id='word_1_214' title='bbox 1554 2575 1662 2626; x_wconf 84' lang='grc' dir='ltr'>τῶν</span> <span class='ocrx_word' id='word_1_215' title='bbox 1691 2573 1900 2644; x_wconf 83' lang='grc' dir='ltr'>θαυμα-</span> 
     </span>
    </p>
   </div>
   <div class='ocr_carea' id='block_1_30' title="bbox 349 2665 1900 2738">
    <p class='ocr_par' dir='ltr' id='par_1_30' title="bbox 349 2665 1900 2738">
     <span class='ocr_line' id='line_1_30' title="bbox 349 2665 1900 2738; baseline 0 -20"><span class='ocrx_word' id='word_1_216' title='bbox 349 2667 555 2720; x_wconf 80' lang='grc' dir='ltr'>σάντων</span> <span class='ocrx_word' id='word_1_217' title='bbox 601 2667 699 2738; x_wconf 81' lang='grc' dir='ltr'><strong>τήν</strong></span> <span class='ocrx_word' id='word_1_218' title='bbox 736 2668 1025 2738; x_wconf 83' lang='grc' dir='ltr'>ὑπομονήν.</span> <span class='ocrx_word' id='word_1_219' title='bbox 1063 2667 1126 2718; x_wconf 77' lang='lat' dir='ltr'><strong>Et</strong></span> <span class='ocrx_word' id='word_1_220' title='bbox 1163 2666 1218 2719; x_wconf 82' lang='grc' dir='ltr'>δὲ</span> <span class='ocrx_word' id='word_1_221' title='bbox 1247 2665 1306 2718; x_wconf 73' lang='grc' dir='ltr'>τὸ</span> <span class='ocrx_word' id='word_1_222' title='bbox 1349 2665 1638 2738; x_wconf 72' lang='grc' dir='ltr'>μαρτύριον</span> <span class='ocrx_word' id='word_1_223' title='bbox 1668 2665 1900 2718; x_wconf 81' lang='grc' dir='ltr'>ἀνταπό-</span> 
     </span>
    </p>
   </div>
   <div class='ocr_carea' id='block_1_31' title="bbox 346 2755 1896 2828">
    <p class='ocr_par' dir='ltr' id='par_1_31' title="bbox 346 2755 1896 2828">
     <span class='ocr_line' id='line_1_31' title="bbox 346 2755 1896 2828; baseline -0.001 -18"><span class='ocrx_word' id='word_1_224' title='bbox 346 2759 489 2820; x_wconf 84' lang='grc' dir='ltr'>δοσις</span> <span class='ocrx_word' id='word_1_225' title='bbox 516 2757 602 2811; x_wconf 73' lang='grc' dir='ltr'><strong>διὰ</strong></span> <span class='ocrx_word' id='word_1_226' title='bbox 631 2757 899 2821; x_wconf 78' lang='grc' dir='ltr'>κολάσεως</span> <span class='ocrx_word' id='word_1_227' title='bbox 921 2797 938 2821; x_wconf 88' lang='grc'><strong>,</strong></span> <span class='ocrx_word' id='word_1_228' title='bbox 979 2759 1127 2828; x_wconf 77' lang='grc' dir='ltr'>καὶὴ</span> <span class='ocrx_word' id='word_1_229' title='bbox 1159 2757 1340 2820; x_wconf 78' lang='grc' dir='ltr'>πίστις</span> <span class='ocrx_word' id='word_1_230' title='bbox 1372 2758 1462 2810; x_wconf 77' lang='grc' dir='ltr'>καὶ</span> <span class='ocrx_word' id='word_1_231' title='bbox 1503 2759 1534 2828; x_wconf 91' lang='grc' dir='ltr'><strong>ή</strong></span> <span class='ocrx_word' id='word_1_232' title='bbox 1566 2755 1896 2819; x_wconf 87' lang='grc' dir='ltr'>διδασκαλία,</span> 
     </span>
    </p>
   </div>
   <div class='ocr_carea' id='block_1_32' title="bbox 347 2837 1897 2917">
    <p class='ocr_par' dir='ltr' id='par_1_32' title="bbox 347 2837 1897 2917">
     <span class='ocr_line' id='line_1_32' title="bbox 347 2837 1897 2917; baseline -0.001 -19"><span class='ocrx_word' id='word_1_233' title='bbox 347 2847 412 2899; x_wconf 78' lang='grc' dir='ltr'><strong>δι’</strong></span> <span class='ocrx_word' id='word_1_234' title='bbox 441 2846 506 2909; x_wconf 79' lang='grc' dir='ltr'>ἃς</span> <span class='ocrx_word' id='word_1_235' title='bbox 537 2847 598 2898; x_wconf 84' lang='grc' dir='ltr'>τὸ</span> <span class='ocrx_word' id='word_1_236' title='bbox 633 2845 924 2917; x_wconf 86' lang='grc' dir='ltr'>μαρτύριον</span> <span class='ocrx_word' id='word_1_237' title='bbox 945 2862 958 2874; x_wconf 89' lang='grc'><strong>·</strong></span> <span class='ocrx_word' id='word_1_238' title='bbox 996 2845 1242 2915; x_wconf 75' lang='grc' dir='ltr'>συνεργοὶ</span> <span class='ocrx_word' id='word_1_239' title='bbox 1271 2845 1376 2915; x_wconf 78' lang='grc' dir='ltr'><strong>ἄρα</strong></span> <span class='ocrx_word' id='word_1_240' title='bbox 1424 2837 1579 2898; x_wconf 74' lang='grc' dir='ltr'>αὗται</span> <span class='ocrx_word' id='word_1_241' title='bbox 1608 2843 1897 2907; x_wconf 85' lang='grc' dir='ltr'>κολάσεως,</span> 
     </span>
    </p>
   </div>
   <div class='ocr_carea' id='block_1_33' title="bbox 347 2931 1902 3008">
    <p class='ocr_par' dir='ltr' id='par_1_33' title="bbox 347 2931 1902 3008">
     <span class='ocr_line' id='line_1_33' title="bbox 347 2931 1902 3008; baseline -0.002 -17"><span class='ocrx_word' id='word_1_242' title='bbox 347 2931 416 3008; x_wconf 81' lang='grc' dir='ltr'>ἦς</span> <span class='ocrx_word' id='word_1_243' title='bbox 449 2937 533 3001; x_wconf 87' lang='grc' dir='ltr'><strong>τίς</strong></span> <span class='ocrx_word' id='word_1_244' title='bbox 565 2937 630 2990; x_wconf 82' lang='grc' dir='ltr'>ἂν</span> <span class='ocrx_word' id='word_1_245' title='bbox 671 2936 803 3008; x_wconf 83' lang='grc' dir='ltr'>ἄλλη</span> <span class='ocrx_word' id='word_1_246' title='bbox 844 2936 1040 3006; x_wconf 81' lang='grc' dir='ltr'>μείζων</span> <span class='ocrx_word' id='word_1_247' title='bbox 1083 2936 1399 3006; x_wconf 81' lang='grc' dir='ltr'>ἀπέμφασις</span> <span class='ocrx_word' id='word_1_248' title='bbox 1444 2936 1682 3004; x_wconf 85' lang='grc' dir='ltr'>γένοιτο;</span> <span class='ocrx_word' id='word_1_249' title='bbox 1745 2933 1902 2988; x_wconf 74' lang='grc' dir='ltr'>Ἀλλὰ</span> 
     </span>
    </p>
   </div>
   <div class='ocr_carea' id='block_1_34' title="bbox 353 3026 1972 3124">
    <p class='ocr_par' dir='ltr' id='par_1_34' title="bbox 353 3026 1972 3124">
     <span class='ocr_line' id='line_1_34' title="bbox 353 3026 1972 3124; baseline -0.002 -42"><span class='ocrx_word' id='word_1_250' title='bbox 353 3030 490 3102; x_wconf 71' lang='grc' dir='ltr'>πρὸς</span> <span class='ocrx_word' id='word_1_251' title='bbox 519 3030 616 3100; x_wconf 82' lang='grc' dir='ltr'>μὲν</span> <span class='ocrx_word' id='word_1_252' title='bbox 643 3029 712 3082; x_wconf 89' lang='grc' dir='ltr'><strong>τὰ</strong></span> <span class='ocrx_word' id='word_1_253' title='bbox 735 3029 974 3099; x_wconf 79' lang='grc' dir='ltr'>δόγματα</span> <span class='ocrx_word' id='word_1_254' title='bbox 999 3029 1206 3092; x_wconf 77' lang='grc' dir='ltr'>ἐκεῖνα,</span> <span class='ocrx_word' id='word_1_255' title='bbox 1238 3031 1285 3081; x_wconf 82' lang='grc' dir='ltr'>εἰ</span> <span class='ocrx_word' id='word_1_256' title='bbox 1327 3026 1828 3124; x_wconf 71' lang='grc' dir='ltr'>μετενσωματοῦται</span> <span class='ocrx_word' id='word_1_257' title='bbox 1867 3027 1902 3096; x_wconf 83' lang='grc' dir='ltr'><strong>ή</strong></span> <span class='ocrx_word' id='word_1_258' title='bbox 1931 3067 1972 3124; x_wconf 76' lang='lat' dir='ltr'><strong>C</strong></span> 
     </span>
    </p>
   </div>
   <div class='ocr_carea' id='block_1_35' title="bbox 353 3118 1904 3196">
    <p class='ocr_par' dir='ltr' id='par_1_35' title="bbox 353 3118 1904 3196">
     <span class='ocr_line' id='line_1_35' title="bbox 353 3118 1904 3196; baseline -0.004 -20"><span class='ocrx_word' id='word_1_259' title='bbox 353 3125 529 3196; x_wconf 74' lang='grc' dir='ltr'>ψυχὴ,</span> <span class='ocrx_word' id='word_1_260' title='bbox 581 3123 673 3176; x_wconf 80' lang='grc' dir='ltr'>καὶ</span> <span class='ocrx_word' id='word_1_261' title='bbox 720 3123 847 3196; x_wconf 81' lang='grc' dir='ltr'>περὶ</span> <span class='ocrx_word' id='word_1_262' title='bbox 897 3121 989 3175; x_wconf 84' lang='grc' dir='ltr'><strong>τοῦ</strong></span> <span class='ocrx_word' id='word_1_263' title='bbox 1047 3121 1287 3174; x_wconf 79' lang='grc' dir='ltr'>διαϐόλου</span> <span class='ocrx_word' id='word_1_264' title='bbox 1341 3121 1478 3174; x_wconf 81' lang='grc' dir='ltr'>κατὰ</span> <span class='ocrx_word' id='word_1_265' title='bbox 1522 3123 1646 3183; x_wconf 81' lang='grc' dir='ltr'>τοὺς</span> <span class='ocrx_word' id='word_1_266' title='bbox 1678 3118 1904 3181; x_wconf 76' lang='grc' dir='ltr'>οἰκείους</span> 
     </span>
    </p>
   </div>
   <div class='ocr_carea' id='block_1_36' title="bbox 350 3212 1906 3286">
    <p class='ocr_par' dir='ltr' id='par_1_36' title="bbox 350 3212 1906 3286">
     <span class='ocr_line' id='line_1_36' title="bbox 350 3212 1906 3286; baseline -0.002 -19"><span class='ocrx_word' id='word_1_267' title='bbox 350 3215 664 3286; x_wconf 81' lang='grc' dir='ltr'>λεχθήσεται</span> <span class='ocrx_word' id='word_1_268' title='bbox 714 3213 960 3284; x_wconf 77' lang='grc' dir='ltr'>καιρούς·</span> <span class='ocrx_word' id='word_1_269' title='bbox 1023 3213 1138 3265; x_wconf 74' lang='grc' dir='ltr'>νυνὶ</span> <span class='ocrx_word' id='word_1_270' title='bbox 1191 3213 1248 3266; x_wconf 83' lang='grc' dir='ltr'>δὲ</span> <span class='ocrx_word' id='word_1_271' title='bbox 1299 3215 1409 3275; x_wconf 88' lang='grc' dir='ltr'>τοῖς</span> <span class='ocrx_word' id='word_1_272' title='bbox 1455 3212 1761 3283; x_wconf 78' lang='grc' dir='ltr'>εἰρημένοις</span> <span class='ocrx_word' id='word_1_273' title='bbox 1814 3212 1906 3264; x_wconf 63' lang='grc' dir='ltr'><strong>καὶ¹</strong></span> 
     </span>
    </p>
   </div>
   <div class='ocr_carea' id='block_1_37' title="bbox 348 3303 1906 3376">
    <p class='ocr_par' dir='ltr' id='par_1_37' title="bbox 348 3303 1906 3376">
     <span class='ocr_line' id='line_1_37' title="bbox 348 3303 1906 3376; baseline -0.001 -18"><span class='ocrx_word' id='word_1_274' title='bbox 348 3307 520 3360; x_wconf 82' lang='grc' dir='ltr'>ταῦτα</span> <span class='ocrx_word' id='word_1_275' title='bbox 553 3305 872 3376; x_wconf 80' lang='grc' dir='ltr'>προσθῶμεν</span> <span class='ocrx_word' id='word_1_276' title='bbox 893 3322 904 3334; x_wconf 93' lang='grc'>·</span> <span class='ocrx_word' id='word_1_277' title='bbox 941 3304 1050 3358; x_wconf 83' lang='grc' dir='ltr'><strong>Ποῦ</strong></span> <span class='ocrx_word' id='word_1_278' title='bbox 1088 3303 1166 3357; x_wconf 79' lang='grc' dir='ltr'>ἔτι</span> <span class='ocrx_word' id='word_1_279' title='bbox 1195 3305 1303 3374; x_wconf 89' lang='grc'><strong>(70)</strong></span> <span class='ocrx_word' id='word_1_280' title='bbox 1336 3306 1368 3374; x_wconf 83' lang='grc' dir='ltr'><strong>ἡ</strong></span> <span class='ocrx_word' id='word_1_281' title='bbox 1395 3304 1579 3366; x_wconf 82' lang='grc' dir='ltr'>πίστις</span> <span class='ocrx_word' id='word_1_282' title='bbox 1601 3343 1615 3368; x_wconf 90' lang='grc'><strong>,</strong></span> <span class='ocrx_word' id='word_1_283' title='bbox 1648 3303 1787 3356; x_wconf 78' lang='grc' dir='ltr'>κατὰ</span> <span class='ocrx_word' id='word_1_284' title='bbox 1815 3303 1906 3356; x_wconf 77' lang='grc' dir='ltr'><strong>ἀν-</strong></span> 
     </span>
    </p>
   </div>
   <div class='ocr_carea' id='block_1_38' title="bbox 349 3394 1907 3468">
    <p class='ocr_par' dir='ltr' id='par_1_38' title="bbox 349 3394 1907 3468">
     <span class='ocr_line' id='line_1_38' title="bbox 349 3394 1907 3468; baseline -0.002 -18"><span class='ocrx_word' id='word_1_285' title='bbox 349 3397 632 3452; x_wconf 86' lang='grc' dir='ltr'>ταπόδοσιν</span> <span class='ocrx_word' id='word_1_286' title='bbox 663 3397 768 3449; x_wconf 88' lang='grc' dir='ltr'>τῶν</span> <span class='ocrx_word' id='word_1_287' title='bbox 801 3397 1304 3468; x_wconf 79' lang='grc' dir='ltr'>προημαρτημένων</span> <span class='ocrx_word' id='word_1_288' title='bbox 1324 3394 1414 3448; x_wconf 85' lang='grc' dir='ltr'><strong>τοῦ</strong></span> <span class='ocrx_word' id='word_1_289' title='bbox 1446 3395 1741 3466; x_wconf 82' lang='grc' dir='ltr'>μαρτυρίου</span> <span class='ocrx_word' id='word_1_290' title='bbox 1773 3411 1907 3462; x_wconf 90' lang='grc' dir='ltr'>γινο-</span> 
     </span>
    </p>
   </div>
   <div class='ocr_carea' id='block_1_39' title="bbox 353 3483 1904 3557">
    <p class='ocr_par' dir='ltr' id='par_1_39' title="bbox 353 3483 1904 3557">
     <span class='ocr_line' id='line_1_39' title="bbox 353 3483 1904 3557; baseline -0.003 -18"><span class='ocrx_word' id='word_1_291' title='bbox 353 3487 551 3557; x_wconf 72' lang='grc' dir='ltr'>μένους</span> <span class='ocrx_word' id='word_1_292' title='bbox 584 3486 698 3539; x_wconf 89' lang='grc' dir='ltr'><strong>Ποῦ</strong></span> <span class='ocrx_word' id='word_1_293' title='bbox 726 3485 784 3538; x_wconf 80' lang='grc' dir='ltr'>δὲ</span> <span class='ocrx_word' id='word_1_294' title='bbox 816 3487 850 3556; x_wconf 84' lang='grc' dir='ltr'><strong>ή</strong></span> <span class='ocrx_word' id='word_1_295' title='bbox 881 3486 1066 3554; x_wconf 82' lang='grc' dir='ltr'><strong>ἀγάπη</strong></span> <span class='ocrx_word' id='word_1_296' title='bbox 1111 3487 1144 3555; x_wconf 86' lang='grc' dir='ltr'>ἡ</span> <span class='ocrx_word' id='word_1_297' title='bbox 1183 3486 1317 3554; x_wconf 84' lang='grc' dir='ltr'>πρὸς</span> <span class='ocrx_word' id='word_1_298' title='bbox 1352 3485 1442 3538; x_wconf 74' lang='grc' dir='ltr'>τὸν</span> <span class='ocrx_word' id='word_1_299' title='bbox 1486 3485 1648 3548; x_wconf 71' lang='grc' dir='ltr'>Θεὸν,</span> <span class='ocrx_word' id='word_1_300' title='bbox 1693 3483 1779 3537; x_wconf 78' lang='grc' dir='ltr'><strong>διὰ</strong></span> <span class='ocrx_word' id='word_1_301' title='bbox 1808 3484 1904 3556; x_wconf 82' lang='grc' dir='ltr'>τὴν</span> 
     </span>
    </p>
   </div>
   <div class='ocr_carea' id='block_1_40' title="bbox 350 3575 1905 3649">
    <p class='ocr_par' dir='ltr' id='par_1_40' title="bbox 350 3575 1905 3649">
     <span class='ocr_line' id='line_1_40' title="bbox 350 3575 1905 3649; baseline -0.002 -18"><span class='ocrx_word' id='word_1_302' title='bbox 350 3578 605 3649; x_wconf 78' lang='grc' dir='ltr'>ἀλήθειαν</span> <span class='ocrx_word' id='word_1_303' title='bbox 633 3578 929 3649; x_wconf 79' lang='grc' dir='ltr'>διωκομένη</span> <span class='ocrx_word' id='word_1_304' title='bbox 957 3580 1048 3631; x_wconf 68' lang='grc' dir='ltr'><strong>καὶ¹</strong></span> <span class='ocrx_word' id='word_1_305' title='bbox 1072 3577 1408 3647; x_wconf 84' lang='grc' dir='ltr'>ὑπομένουσα</span> <span class='ocrx_word' id='word_1_306' title='bbox 1433 3594 1446 3640; x_wconf 91' lang='grc'><strong>;</strong></span> <span class='ocrx_word' id='word_1_307' title='bbox 1477 3576 1586 3629; x_wconf 87' lang='grc' dir='ltr'><strong>Ποῦ</strong></span> <span class='ocrx_word' id='word_1_308' title='bbox 1608 3576 1664 3630; x_wconf 87' lang='grc' dir='ltr'>δὲ</span> <span class='ocrx_word' id='word_1_309' title='bbox 1690 3575 1905 3638; x_wconf 77' lang='grc' dir='ltr'>ἔπαινος</span> 
     </span>
    </p>
   </div>
   <div class='ocr_carea' id='block_1_41' title="bbox 349 3663 1903 3740">
    <p class='ocr_par' dir='ltr' id='par_1_41' title="bbox 349 3663 1903 3740">
     <span class='ocr_line' id='line_1_41' title="bbox 349 3663 1903 3740; baseline -0.003 -18"><span class='ocrx_word' id='word_1_310' title='bbox 349 3669 808 3740; x_wconf 80' lang='grc' dir='ltr'>ὁμολογήσαντος,</span> <span class='ocrx_word' id='word_1_311' title='bbox 840 3667 871 3738; x_wconf 86' lang='grc' dir='ltr'>ἢ</span> <span class='ocrx_word' id='word_1_312' title='bbox 898 3667 1061 3737; x_wconf 76' lang='grc' dir='ltr'>ψόγος</span> <span class='ocrx_word' id='word_1_313' title='bbox 1091 3667 1504 3737; x_wconf 78' lang='grc' dir='ltr'>ἀρνησαμένου;</span> <span class='ocrx_word' id='word_1_314' title='bbox 1547 3666 1642 3728; x_wconf 73' lang='grc' dir='ltr'><strong>Εἰς</strong></span> <span class='ocrx_word' id='word_1_315' title='bbox 1664 3664 1717 3717; x_wconf 89' lang='grc' dir='ltr'><strong>τί</strong></span> <span class='ocrx_word' id='word_1_316' title='bbox 1745 3665 1800 3717; x_wconf 82' lang='grc' dir='ltr'>δὲ</span> <span class='ocrx_word' id='word_1_317' title='bbox 1826 3663 1903 3718; x_wconf 77' lang='grc' dir='ltr'>ἔτι</span> 
     </span>
    </p>
   </div>
   <div class='ocr_carea' id='block_1_42' title="bbox 352 3755 1903 3828">
    <p class='ocr_par' dir='ltr' id='par_1_42' title="bbox 352 3755 1903 3828">
     <span class='ocr_line' id='line_1_42' title="bbox 352 3755 1903 3828; baseline -0.001 -18"><span class='ocrx_word' id='word_1_318' title='bbox 352 3759 593 3828; x_wconf 71' lang='grc' dir='ltr'>χρησίμη</span> <span class='ocrx_word' id='word_1_319' title='bbox 623 3761 654 3828; x_wconf 90' lang='grc' dir='ltr'><strong>ή</strong></span> <span class='ocrx_word' id='word_1_320' title='bbox 690 3758 987 3828; x_wconf 84' lang='grc' dir='ltr'>πολιτείαή</span> <span class='ocrx_word' id='word_1_321' title='bbox 1015 3757 1175 3828; x_wconf 78' lang='grc' dir='ltr'>ὀρθὴ,</span> <span class='ocrx_word' id='word_1_322' title='bbox 1206 3758 1267 3810; x_wconf 84' lang='grc' dir='ltr'>τὸ</span> <span class='ocrx_word' id='word_1_323' title='bbox 1296 3755 1562 3828; x_wconf 81' lang='grc' dir='ltr'>νεκρῶσαι</span> <span class='ocrx_word' id='word_1_324' title='bbox 1587 3755 1684 3818; x_wconf 81' lang='grc' dir='ltr'>τὰς</span> <span class='ocrx_word' id='word_1_325' title='bbox 1716 3755 1903 3808; x_wconf 83' lang='grc' dir='ltr'>ἐπιθυ-</span> 
     </span>
    </p>
   </div>
   <div class='ocr_carea' id='block_1_43' title="bbox 354 3847 1904 3921">
    <p class='ocr_par' dir='ltr' id='par_1_43' title="bbox 354 3847 1904 3921">
     <span class='ocr_line' id='line_1_43' title="bbox 354 3847 1904 3921; baseline -0.003 -17"><span class='ocrx_word' id='word_1_326' title='bbox 354 3851 511 3920; x_wconf 86' lang='grc' dir='ltr'>μίας,</span> <span class='ocrx_word' id='word_1_327' title='bbox 552 3850 644 3904; x_wconf 77' lang='grc' dir='ltr'>καὶ</span> <span class='ocrx_word' id='word_1_328' title='bbox 692 3851 856 3921; x_wconf 84' lang='grc' dir='ltr'>μηδὲν</span> <span class='ocrx_word' id='word_1_329' title='bbox 884 3849 992 3902; x_wconf 84' lang='grc' dir='ltr'>τῶν</span> <span class='ocrx_word' id='word_1_330' title='bbox 1041 3849 1346 3918; x_wconf 80' lang='grc' dir='ltr'>κτισμάτων</span> <span class='ocrx_word' id='word_1_331' title='bbox 1381 3850 1582 3918; x_wconf 86' lang='grc' dir='ltr'>μισεῖν;</span> <span class='ocrx_word' id='word_1_332' title='bbox 1623 3849 1684 3901; x_wconf 75' lang='lat' dir='ltr'><strong>Et</strong></span> <span class='ocrx_word' id='word_1_333' title='bbox 1711 3847 1798 3910; x_wconf 84' lang='grc' dir='ltr'>δὲ,</span> <span class='ocrx_word' id='word_1_334' title='bbox 1831 3848 1904 3910; x_wconf 81' lang='grc' dir='ltr'>ὡς</span> 
     </span>
    </p>
   </div>
   <div class='ocr_carea' id='block_1_44' title="bbox 351 3939 1906 4012">
    <p class='ocr_par' dir='ltr' id='par_1_44' title="bbox 351 3939 1906 4012">
     <span class='ocr_line' id='line_1_44' title="bbox 351 3939 1906 4012; baseline -0.003 -16"><span class='ocrx_word' id='word_1_335' title='bbox 351 3943 514 4006; x_wconf 77' lang='grc' dir='ltr'>αὑτός</span> <span class='ocrx_word' id='word_1_336' title='bbox 547 3959 706 4012; x_wconf 78' lang='grc' dir='ltr'>φησιν</span> <span class='ocrx_word' id='word_1_337' title='bbox 729 3944 758 3994; x_wconf 86' lang='grc' dir='ltr'>ὁ</span> <span class='ocrx_word' id='word_1_338' title='bbox 799 3941 1111 4010; x_wconf 80' lang='grc' dir='ltr'>Βασιλείδης</span> <span class='ocrx_word' id='word_1_339' title='bbox 1135 3983 1148 4005; x_wconf 91' lang='grc'><strong>,</strong></span> <span class='ocrx_word' id='word_1_340' title='bbox 1184 3940 1240 3992; x_wconf 77' lang='grc' dir='ltr'>ἓν</span> <span class='ocrx_word' id='word_1_341' title='bbox 1269 3939 1432 4012; x_wconf 83' lang='grc' dir='ltr'>μέρος</span> <span class='ocrx_word' id='word_1_342' title='bbox 1466 3941 1530 3992; x_wconf 79' lang='grc' dir='ltr'>ἐκ</span> <span class='ocrx_word' id='word_1_343' title='bbox 1560 3939 1654 3992; x_wconf 86' lang='grc' dir='ltr'><strong>τοῦ</strong></span> <span class='ocrx_word' id='word_1_344' title='bbox 1681 3939 1906 4010; x_wconf 87' lang='grc' dir='ltr'>λεγομέ-</span> 
     </span>
    </p>
   </div>
   <div class='ocr_carea' id='block_1_45' title="bbox 353 4030 1907 4105">
    <p class='ocr_par' dir='ltr' id='par_1_45' title="bbox 353 4030 1907 4105">
     <span class='ocr_line' id='line_1_45' title="bbox 353 4030 1907 4105; baseline -0.005 -19"><span class='ocrx_word' id='word_1_345' title='bbox 353 4053 443 4088; x_wconf 83' lang='grc' dir='ltr'><strong>νου</strong></span> <span class='ocrx_word' id='word_1_346' title='bbox 478 4034 778 4104; x_wconf 85' lang='grc' dir='ltr'>θελήματος</span> <span class='ocrx_word' id='word_1_347' title='bbox 816 4033 910 4086; x_wconf 86' lang='grc' dir='ltr'><strong>τοῦ</strong></span> <span class='ocrx_word' id='word_1_348' title='bbox 937 4031 1072 4086; x_wconf 84' lang='grc' dir='ltr'>Θεοῦ</span> <span class='ocrx_word' id='word_1_349' title='bbox 1099 4031 1474 4102; x_wconf 72' lang='grc' dir='ltr'>ὑπειλήφαμεν</span> <span class='ocrx_word' id='word_1_350' title='bbox 1494 4071 1508 4096; x_wconf 89' lang='grc'><strong>,</strong></span> <span class='ocrx_word' id='word_1_351' title='bbox 1549 4048 1567 4080; x_wconf 82' lang='grc' dir='ltr'><strong>ι</strong></span> <span class='ocrx_word' id='word_1_352' title='bbox 1589 4030 1667 4105; x_wconf 23' lang='grc' dir='ltr'>’τὺ</span> <span class='ocrx_word' id='word_1_353' title='bbox 1693 4031 1907 4099; x_wconf 74' lang='grc' dir='ltr'>ἠγαπη-</span> 
     </span>
    </p>
   </div>
   <div class='ocr_carea' id='block_1_46' title="bbox 353 4113 1906 4192">
    <p class='ocr_par' dir='ltr' id='par_1_46' title="bbox 353 4113 1906 4192">
     <span class='ocr_line' id='line_1_46' title="bbox 353 4113 1906 4192; baseline -0.005 -11"><span class='ocrx_word' id='word_1_354' title='bbox 353 4129 505 4181; x_wconf 82' lang='grc' dir='ltr'>κέναι</span> <span class='ocrx_word' id='word_1_355' title='bbox 531 4127 762 4187; x_wconf 74' lang='grc' dir='ltr'>ἅπαντα,</span> <span class='ocrx_word' id='word_1_356' title='bbox 805 4146 822 4176; x_wconf 85' lang='grc'><strong>›</strong></span> <span class='ocrx_word' id='word_1_357' title='bbox 860 4127 940 4178; x_wconf 81' lang='grc' dir='ltr'>ὅτι</span> <span class='ocrx_word' id='word_1_358' title='bbox 977 4125 1134 4192; x_wconf 70' lang='grc' dir='ltr'>λόγον</span> <span class='ocrx_word' id='word_1_359' title='bbox 1169 4121 1506 4187; x_wconf 81' lang='grc' dir='ltr'>ἀποσώζουσι</span> <span class='ocrx_word' id='word_1_360' title='bbox 1550 4113 1684 4192; x_wconf 69' lang='grc' dir='ltr'>πρὸς</span> <span class='ocrx_word' id='word_1_361' title='bbox 1711 4121 1770 4173; x_wconf 77' lang='grc' dir='ltr'>τὸ</span> <span class='ocrx_word' id='word_1_362' title='bbox 1801 4123 1906 4174; x_wconf 80' lang='grc' dir='ltr'><strong>πᾶν</strong></span> 
     </span>
    </p>
   </div>
   <div class='ocr_carea' id='block_1_47' title="bbox 351 4213 1906 4292">
    <p class='ocr_par' dir='ltr' id='par_1_47' title="bbox 351 4213 1906 4292">
     <span class='ocr_line' id='line_1_47' title="bbox 351 4213 1906 4292; baseline -0.005 -18"><span class='ocrx_word' id='word_1_363' title='bbox 351 4221 595 4274; x_wconf 70' lang='grc' dir='ltr'>ἅπαντα·</span> <span class='ocrx_word' id='word_1_364' title='bbox 633 4220 816 4292; x_wconf 82' lang='grc' dir='ltr'>ἓτερον</span> <span class='ocrx_word' id='word_1_365' title='bbox 860 4219 948 4282; x_wconf 79' lang='grc' dir='ltr'>δὲ,</span> <span class='ocrx_word' id='word_1_366' title='bbox 982 4237 1002 4268; x_wconf 77' lang='grc' dir='ltr'><strong>ι</strong></span> <span class='ocrx_word' id='word_1_367' title='bbox 1032 4217 1092 4270; x_wconf 77' lang='grc' dir='ltr'>τὸ</span> <span class='ocrx_word' id='word_1_368' title='bbox 1131 4215 1351 4288; x_wconf 81' lang='grc' dir='ltr'>μηδενὸς</span> <span class='ocrx_word' id='word_1_369' title='bbox 1396 4213 1678 4284; x_wconf 81' lang='grc' dir='ltr'>ἐπιθυμεῖν</span> <span class='ocrx_word' id='word_1_370' title='bbox 1702 4231 1716 4244; x_wconf 68' lang='grc' dir='ltr'><strong>ν</strong></span> <span class='ocrx_word' id='word_1_371' title='bbox 1759 4233 1777 4262; x_wconf 76' lang='grc' dir='ltr'><strong>ι</strong></span> <span class='ocrx_word' id='word_1_372' title='bbox 1815 4214 1906 4266; x_wconf 77' lang='grc' dir='ltr'>καὶ</span> 
     </span>
    </p>
   </div>
   <div class='ocr_carea' id='block_1_48' title="bbox 351 4303 1908 4384">
    <p class='ocr_par' dir='ltr' id='par_1_48' title="bbox 351 4303 1908 4384">
     <span class='ocr_line' id='line_1_48' title="bbox 351 4303 1908 4384; baseline -0.006 -18"><span class='ocrx_word' id='word_1_373' title='bbox 351 4313 560 4384; x_wconf 87' lang='grc' dir='ltr'>τρίτον,</span> <span class='ocrx_word' id='word_1_374' title='bbox 593 4331 610 4364; x_wconf 83' lang='grc' dir='ltr'><strong>ι</strong></span> <span class='ocrx_word' id='word_1_375' title='bbox 657 4313 831 4382; x_wconf 86' lang='grc' dir='ltr'>μισεῖν</span> <span class='ocrx_word' id='word_1_376' title='bbox 877 4310 1009 4380; x_wconf 82' lang='grc' dir='ltr'>μηδὲ</span> <span class='ocrx_word' id='word_1_377' title='bbox 1055 4309 1144 4372; x_wconf 81' lang='grc' dir='ltr'>ἓν,</span> <span class='ocrx_word' id='word_1_378' title='bbox 1189 4327 1208 4358; x_wconf 79' lang='grc' dir='ltr'><strong>ι</strong></span> <span class='ocrx_word' id='word_1_379' title='bbox 1255 4307 1512 4377; x_wconf 85' lang='grc' dir='ltr'>θελήματι</span> <span class='ocrx_word' id='word_1_380' title='bbox 1539 4305 1630 4359; x_wconf 67' lang='grc' dir='ltr'><strong>τοῦ</strong></span> <span class='ocrx_word' id='word_1_381' title='bbox 1656 4303 1786 4358; x_wconf 85' lang='grc' dir='ltr'>Θεοῦ</span> <span class='ocrx_word' id='word_1_382' title='bbox 1816 4307 1908 4358; x_wconf 79' lang='grc' dir='ltr'>καὶ</span> 
     </span>
    </p>
   </div>
   <div class='ocr_carea' id='block_1_49' title="bbox 1982 469 3536 543">
    <p class='ocr_par' dir='ltr' id='par_1_49' title="bbox 1982 469 3536 543">
     <span class='ocr_line' id='line_1_49' title="bbox 1982 469 3536 543; baseline -0.001 -17"><span class='ocrx_word' id='word_1_383' title='bbox 1982 471 2142 526; x_wconf 89' lang='lat' dir='ltr'><strong>aliam</strong></span> <span class='ocrx_word' id='word_1_384' title='bbox 2169 477 2374 536; x_wconf 88' lang='lat' dir='ltr'><strong>autem,</strong></span> <span class='ocrx_word' id='word_1_385' title='bbox 2431 478 2492 525; x_wconf 90' lang='lat' dir='ltr'><strong>ut</strong></span> <span class='ocrx_word' id='word_1_386' title='bbox 2533 469 2716 526; x_wconf 76' lang='lat' dir='ltr'><strong>debito</strong></span> <span class='ocrx_word' id='word_1_387' title='bbox 2761 481 3019 543; x_wconf 73' lang='lat' dir='ltr'><strong>purgetur</strong></span> <span class='ocrx_word' id='word_1_388' title='bbox 3065 469 3350 540; x_wconf 85' lang='lat' dir='ltr'><strong>supplicio.</strong></span> <span class='ocrx_word' id='word_1_389' title='bbox 3389 469 3536 536; x_wconf 82' lang='lat' dir='ltr'><strong>Quo—</strong></span> 
     </span>
    </p>
   </div>
   <div class='ocr_carea' id='block_1_50' title="bbox 1984 559 3542 630">
    <p class='ocr_par' dir='ltr' id='par_1_50' title="bbox 1984 559 3542 630">
     <span class='ocr_line' id='line_1_50' title="bbox 1984 559 3542 630; baseline -0.001 -14"><span class='ocrx_word' id='word_1_390' title='bbox 1984 559 2146 616; x_wconf 84' lang='lat' dir='ltr'><strong>modo</strong></span> <span class='ocrx_word' id='word_1_391' title='bbox 2190 569 2368 616; x_wconf 90' lang='lat' dir='ltr'><strong>autem</strong></span> <span class='ocrx_word' id='word_1_392' title='bbox 2416 560 2521 616; x_wconf 85' lang='lat' dir='ltr'><strong>hoc</strong></span> <span class='ocrx_word' id='word_1_393' title='bbox 2571 577 2759 617; x_wconf 88' lang='lat' dir='ltr'><strong>verum</strong></span> <span class='ocrx_word' id='word_1_394' title='bbox 2789 572 2891 630; x_wconf 91' lang='lat' dir='ltr'><strong>est,</strong></span> <span class='ocrx_word' id='word_1_395' title='bbox 2917 562 3126 616; x_wconf 70' lang='lat' dir='ltr'><strong>eum&#39;in</strong></span> <span class='ocrx_word' id='word_1_396' title='bbox 3169 569 3356 615; x_wconf 88' lang='lat' dir='ltr'><strong>nostra</strong></span> <span class='ocrx_word' id='word_1_397' title='bbox 3389 569 3542 629; x_wconf 84' lang='lat' dir='ltr'><strong>pote-</strong></span> 
     </span>
    </p>
   </div>
   <div class='ocr_carea' id='block_1_51' title="bbox 1986 646 3536 718">
    <p class='ocr_par' dir='ltr' id='par_1_51' title="bbox 1986 646 3536 718">
     <span class='ocr_line' id='line_1_51' title="bbox 1986 646 3536 718; baseline -0.002 -13"><span class='ocrx_word' id='word_1_398' title='bbox 1986 659 2126 706; x_wconf 85' lang='lat' dir='ltr'><strong>state</strong></span> <span class='ocrx_word' id='word_1_399' title='bbox 2151 650 2312 705; x_wconf 88' lang='lat' dir='ltr'><strong>situm</strong></span> <span class='ocrx_word' id='word_1_400' title='bbox 2334 650 2405 705; x_wconf 86' lang='lat' dir='ltr'><strong>sit</strong></span> <span class='ocrx_word' id='word_1_401' title='bbox 2431 649 2676 712; x_wconf 76' lang='lat' dir='ltr'><strong>conﬁteri</strong></span> <span class='ocrx_word' id='word_1_402' title='bbox 2697 661 2752 704; x_wconf 86' lang='lat' dir='ltr'><strong>et</strong></span> <span class='ocrx_word' id='word_1_403' title='bbox 2775 649 2979 718; x_wconf 88' lang='lat' dir='ltr'><strong>puniri,</strong></span> <span class='ocrx_word' id='word_1_404' title='bbox 3004 657 3098 704; x_wconf 92' lang='lat' dir='ltr'><strong>aut</strong></span> <span class='ocrx_word' id='word_1_405' title='bbox 3130 649 3274 704; x_wconf 79' lang='lat' dir='ltr'><strong>non?</strong></span> <span class='ocrx_word' id='word_1_406' title='bbox 3311 654 3370 712; x_wconf 55' lang='grc' dir='ltr'><strong>ἦ(</strong></span> <span class='ocrx_word' id='word_1_407' title='bbox 3398 646 3536 702; x_wconf 83' lang='lat' dir='ltr'><strong>Nam</strong></span> 
     </span>
    </p>
   </div>
   <div class='ocr_carea' id='block_1_52' title="bbox 1986 740 3542 812">
    <p class='ocr_par' dir='ltr' id='par_1_52' title="bbox 1986 740 3542 812">
     <span class='ocr_line' id='line_1_52' title="bbox 1986 740 3542 812; baseline 0 -16"><span class='ocrx_word' id='word_1_408' title='bbox 1986 741 2030 796; x_wconf 89' lang='lat' dir='ltr'><strong>si</strong></span> <span class='ocrx_word' id='word_1_409' title='bbox 2065 741 2192 810; x_wconf 83' lang='lat' dir='ltr'><strong>quis</strong></span> <span class='ocrx_word' id='word_1_410' title='bbox 2217 740 2510 812; x_wconf 74' lang='lat' dir='ltr'><strong>negaverit,</strong></span> <span class='ocrx_word' id='word_1_411' title='bbox 2565 741 2742 811; x_wconf 86' lang='lat' dir='ltr'><strong>quoad</strong></span> <span class='ocrx_word' id='word_1_412' title='bbox 2775 755 2900 796; x_wconf 83' lang='lat' dir='ltr'><strong>eum</strong></span> <span class='ocrx_word' id='word_1_413' title='bbox 2937 743 3076 812; x_wconf 85' lang='lat' dir='ltr'><strong>perit</strong></span> <span class='ocrx_word' id='word_1_414' title='bbox 3099 756 3182 806; x_wconf 79' lang='lat' dir='ltr'><strong>ea,</strong></span> <span class='ocrx_word' id='word_1_415' title='bbox 3213 757 3334 812; x_wconf 66' lang='lat' dir='ltr'><strong>quae</strong></span> <span class='ocrx_word' id='word_1_416' title='bbox 3357 749 3442 796; x_wconf 86' lang='lat' dir='ltr'><strong>est</strong></span> <span class='ocrx_word' id='word_1_417' title='bbox 3470 755 3542 796; x_wconf 66' lang='lat' dir='ltr'><strong>es</strong></span> 
     </span>
    </p>
   </div>
   <div class='ocr_carea' id='block_1_53' title="bbox 1986 831 3550 904">
    <p class='ocr_par' dir='ltr' id='par_1_53' title="bbox 1986 831 3550 904">
     <span class='ocr_line' id='line_1_53' title="bbox 1986 831 3550 904; baseline 0 -16"><span class='ocrx_word' id='word_1_418' title='bbox 1986 831 2238 888; x_wconf 84' lang='lat' dir='ltr'><strong>Basilidis</strong></span> <span class='ocrx_word' id='word_1_419' title='bbox 2261 833 2548 896; x_wconf 86' lang='lat' dir='ltr'><strong>sententia,</strong></span> <span class='ocrx_word' id='word_1_420' title='bbox 2589 831 2951 902; x_wconf 80' lang='lat' dir='ltr'><strong>providentia.</strong></span> <span class='ocrx_word' id='word_1_421' title='bbox 2992 831 3214 903; x_wconf 78' lang='lat' dir='ltr'><strong>Rogabo</strong></span> <span class='ocrx_word' id='word_1_422' title='bbox 3249 849 3380 904; x_wconf 89' lang='lat' dir='ltr'><strong>ergo</strong></span> <span class='ocrx_word' id='word_1_423' title='bbox 3413 849 3550 889; x_wconf 73' lang='lat' dir='ltr'><strong>eum</strong></span> 
     </span>
    </p>
   </div>
   <div class='ocr_carea' id='block_1_54' title="bbox 1988 923 3547 996">
    <p class='ocr_par' dir='ltr' id='par_1_54' title="bbox 1988 923 3547 996">
     <span class='ocr_line' id='line_1_54' title="bbox 1988 923 3547 996; baseline 0 -17"><span class='ocrx_word' id='word_1_424' title='bbox 1988 923 2054 979; x_wconf 89' lang='lat' dir='ltr'><strong>de</strong></span> <span class='ocrx_word' id='word_1_425' title='bbox 2075 924 2389 980; x_wconf 77' lang='lat' dir='ltr'><strong>confessore</strong></span> <span class='ocrx_word' id='word_1_426' title='bbox 2419 926 2477 979; x_wconf 89' lang='lat' dir='ltr'><strong>in</strong></span> <span class='ocrx_word' id='word_1_427' title='bbox 2505 925 2752 979; x_wconf 89' lang='lat' dir='ltr'><strong>custodia</strong></span> <span class='ocrx_word' id='word_1_428' title='bbox 2801 933 3088 989; x_wconf 88' lang='lat' dir='ltr'><strong>manente,</strong></span> <span class='ocrx_word' id='word_1_429' title='bbox 3125 932 3305 978; x_wconf 89' lang='lat' dir='ltr'><strong>utrum</strong></span> <span class='ocrx_word' id='word_1_430' title='bbox 3337 933 3547 996; x_wconf 79' lang='lat' dir='ltr'><strong>marty—</strong></span> 
     </span>
    </p>
   </div>
   <div class='ocr_carea' id='block_1_55' title="bbox 1987 1015 3550 1086">
    <p class='ocr_par' dir='ltr' id='par_1_55' title="bbox 1987 1015 3550 1086">
     <span class='ocr_line' id='line_1_55' title="bbox 1987 1015 3550 1086; baseline 0.001 -16"><span class='ocrx_word' id='word_1_431' title='bbox 1987 1016 2130 1070; x_wconf 83' lang='lat' dir='ltr'><strong>rium</strong></span> <span class='ocrx_word' id='word_1_432' title='bbox 2156 1016 2410 1086; x_wconf 87' lang='lat' dir='ltr'><strong>patietur,</strong></span> <span class='ocrx_word' id='word_1_433' title='bbox 2439 1025 2492 1071; x_wconf 89' lang='lat' dir='ltr'><strong>et</strong></span> <span class='ocrx_word' id='word_1_434' title='bbox 2526 1017 2786 1085; x_wconf 84' lang='lat' dir='ltr'><strong>punietur</strong></span> <span class='ocrx_word' id='word_1_435' title='bbox 2817 1031 2884 1072; x_wconf 80' lang='lat' dir='ltr'><strong>ex</strong></span> <span class='ocrx_word' id='word_1_436' title='bbox 2909 1015 3272 1085; x_wconf 87' lang='lat' dir='ltr'><strong>providentia,</strong></span> <span class='ocrx_word' id='word_1_437' title='bbox 3302 1032 3372 1072; x_wconf 86' lang='lat' dir='ltr'><strong>an</strong></span> <span class='ocrx_word' id='word_1_438' title='bbox 3399 1017 3550 1072; x_wconf 64' lang='lat' dir='ltr'><strong>tuon?</strong></span> 
     </span>
    </p>
   </div>
   <div class='ocr_carea' id='block_1_56' title="bbox 1989 1105 3548 1178">
    <p class='ocr_par' dir='ltr' id='par_1_56' title="bbox 1989 1105 3548 1178">
     <span class='ocr_line' id='line_1_56' title="bbox 1989 1105 3548 1178; baseline -0.001 -19"><span class='ocrx_word' id='word_1_439' title='bbox 1989 1105 2122 1161; x_wconf 84' lang='lat' dir='ltr'><strong>Nam</strong></span> <span class='ocrx_word' id='word_1_440' title='bbox 2154 1107 2200 1162; x_wconf 89' lang='lat' dir='ltr'><strong>si</strong></span> <span class='ocrx_word' id='word_1_441' title='bbox 2232 1116 2406 1178; x_wconf 76' lang='lat' dir='ltr'><strong>neget,</strong></span> <span class='ocrx_word' id='word_1_442' title='bbox 2439 1123 2548 1162; x_wconf 90' lang='lat' dir='ltr'><strong>non</strong></span> <span class='ocrx_word' id='word_1_443' title='bbox 2577 1108 2867 1177; x_wconf 79' lang='lat' dir='ltr'><strong>punietur;</strong></span> <span class='ocrx_word' id='word_1_444' title='bbox 2915 1107 3001 1162; x_wconf 88' lang='lat' dir='ltr'><strong>sin</strong></span> <span class='ocrx_word' id='word_1_445' title='bbox 3039 1113 3218 1162; x_wconf 83' lang='lat' dir='ltr'><strong>autem</strong></span> <span class='ocrx_word' id='word_1_446' title='bbox 3251 1121 3306 1162; x_wconf 88' lang='lat' dir='ltr'><strong>et</strong></span> <span class='ocrx_word' id='word_1_447' title='bbox 3343 1109 3548 1173; x_wconf 73' lang='lat' dir='ltr'><strong>exitus,</strong></span> 
     </span>
    </p>
   </div>
   <div class='ocr_carea' id='block_1_57' title="bbox 1991 1200 3548 1272">
    <p class='ocr_par' dir='ltr' id='par_1_57' title="bbox 1991 1200 3548 1272">
     <span class='ocr_line' id='line_1_57' title="bbox 1991 1200 3548 1272; baseline 0.001 -18"><span class='ocrx_word' id='word_1_448' title='bbox 1991 1207 2046 1254; x_wconf 91' lang='lat' dir='ltr'><strong>et</strong></span> <span class='ocrx_word' id='word_1_449' title='bbox 2069 1200 2212 1269; x_wconf 87' lang='lat' dir='ltr'><strong>quod</strong></span> <span class='ocrx_word' id='word_1_450' title='bbox 2243 1215 2351 1256; x_wconf 89' lang='lat' dir='ltr'><strong>non</strong></span> <span class='ocrx_word' id='word_1_451' title='bbox 2385 1209 2634 1270; x_wconf 86' lang='lat' dir='ltr'><strong>oporteat</strong></span> <span class='ocrx_word' id='word_1_452' title='bbox 2659 1215 2786 1256; x_wconf 90' lang='lat' dir='ltr'><strong>eum</strong></span> <span class='ocrx_word' id='word_1_453' title='bbox 2811 1201 3014 1272; x_wconf 89' lang='lat' dir='ltr'><strong>puniri,</strong></span> <span class='ocrx_word' id='word_1_454' title='bbox 3041 1201 3184 1256; x_wconf 83' lang='lat' dir='ltr'><strong>dicet</strong></span> <span class='ocrx_word' id='word_1_455' title='bbox 3227 1216 3350 1272; x_wconf 85' lang='lat' dir='ltr'><strong>esse</strong></span> <span class='ocrx_word' id='word_1_456' title='bbox 3373 1202 3548 1258; x_wconf 86' lang='lat' dir='ltr'><strong>inter-</strong></span> 
     </span>
    </p>
   </div>
   <div class='ocr_carea' id='block_1_58' title="bbox 1994 1289 3546 1362">
    <p class='ocr_par' dir='ltr' id='par_1_58' title="bbox 1994 1289 3546 1362">
     <span class='ocr_line' id='line_1_58' title="bbox 1994 1289 3546 1362; baseline 0.002 -18"><span class='ocrx_word' id='word_1_457' title='bbox 1994 1289 2128 1344; x_wconf 90' lang='lat' dir='ltr'><strong>itum</strong></span> <span class='ocrx_word' id='word_1_458' title='bbox 2179 1305 2389 1356; x_wconf 90' lang='lat' dir='ltr'><strong>eorum,</strong></span> <span class='ocrx_word' id='word_1_459' title='bbox 2415 1293 2509 1362; x_wconf 87' lang='lat' dir='ltr'><strong>qui</strong></span> <span class='ocrx_word' id='word_1_460' title='bbox 2532 1301 2662 1347; x_wconf 84' lang='lat' dir='ltr'><strong>sunt</strong></span> <span class='ocrx_word' id='word_1_461' title='bbox 2687 1291 2960 1361; x_wconf 75' lang='lat' dir='ltr'><strong>negaturi,</strong></span> <span class='ocrx_word' id='word_1_462' title='bbox 2980 1307 3044 1348; x_wconf 81' lang='lat' dir='ltr'><strong>ex</strong></span> <span class='ocrx_word' id='word_1_463' title='bbox 3073 1291 3440 1362; x_wconf 74' lang='lat' dir='ltr'><strong>providentia,</strong></span> <span class='ocrx_word' id='word_1_464' title='bbox 3461 1293 3546 1347; x_wconf 86' lang='lat' dir='ltr'><strong>in-</strong></span> 
     </span>
    </p>
   </div>
   <div class='ocr_carea' id='block_1_59' title="bbox 1993 1379 3554 1452">
    <p class='ocr_par' dir='ltr' id='par_1_59' title="bbox 1993 1379 3554 1452">
     <span class='ocr_line' id='line_1_59' title="bbox 1993 1379 3554 1452; baseline 0.005 -20"><span class='ocrx_word' id='word_1_465' title='bbox 1993 1381 2136 1436; x_wconf 89' lang='lat' dir='ltr'><strong>vitus</strong></span> <span class='ocrx_word' id='word_1_466' title='bbox 2167 1382 2486 1452; x_wconf 85' lang='lat' dir='ltr'><strong>martyrium</strong></span> <span class='ocrx_word' id='word_1_467' title='bbox 2531 1382 2788 1452; x_wconf 86' lang='lat' dir='ltr'><strong>patietur.</strong></span> <span class='ocrx_word' id='word_1_468' title='bbox 2823 1379 3110 1448; x_wconf 82' lang='lat' dir='ltr'><strong>Quomodo</strong></span> <span class='ocrx_word' id='word_1_469' title='bbox 3159 1392 3338 1440; x_wconf 89' lang='lat' dir='ltr'><strong>autem</strong></span> <span class='ocrx_word' id='word_1_470' title='bbox 3367 1387 3554 1442; x_wconf 81' lang='lat' dir='ltr'><strong>adhuc</strong></span> 
     </span>
    </p>
   </div>
   <div class='ocr_carea' id='block_1_60' title="bbox 1995 1473 3548 1550">
    <p class='ocr_par' dir='ltr' id='par_1_60' title="bbox 1995 1473 3548 1550">
     <span class='ocr_line' id='line_1_60' title="bbox 1995 1473 3548 1550; baseline 0.006 -24"><span class='ocrx_word' id='word_1_471' title='bbox 1995 1473 2048 1526; x_wconf 88' lang='lat' dir='ltr'><strong>in</strong></span> <span class='ocrx_word' id='word_1_472' title='bbox 2093 1474 2248 1528; x_wconf 74' lang='lat' dir='ltr'><strong>ccelis</strong></span> <span class='ocrx_word' id='word_1_473' title='bbox 2296 1483 2588 1543; x_wconf 88' lang='lat' dir='ltr'><strong>reponetnr</strong></span> <span class='ocrx_word' id='word_1_474' title='bbox 2637 1474 3028 1544; x_wconf 87' lang='lat' dir='ltr'><strong>gloriosissima</strong></span> <span class='ocrx_word' id='word_1_475' title='bbox 3069 1491 3277 1533; x_wconf 87' lang='lat' dir='ltr'><strong>merces</strong></span> <span class='ocrx_word' id='word_1_476' title='bbox 3323 1479 3418 1543; x_wconf 87' lang='lat' dir='ltr'><strong>ei,</strong></span> <span class='ocrx_word' id='word_1_477' title='bbox 3453 1481 3548 1550; x_wconf 85' lang='lat' dir='ltr'><strong>qui</strong></span> 
     </span>
    </p>
   </div>
   <div class='ocr_carea' id='block_1_61' title="bbox 1995 1563 3550 1638">
    <p class='ocr_par' dir='ltr' id='par_1_61' title="bbox 1995 1563 3550 1638">
     <span class='ocr_line' id='line_1_61' title="bbox 1995 1563 3550 1638; baseline 0.005 -22"><span class='ocrx_word' id='word_1_478' title='bbox 1995 1564 2316 1636; x_wconf 86' lang='lat' dir='ltr'><strong>martyrium</strong></span> <span class='ocrx_word' id='word_1_479' title='bbox 2367 1579 2563 1632; x_wconf 90' lang='lat' dir='ltr'><strong>passus</strong></span> <span class='ocrx_word' id='word_1_480' title='bbox 2618 1563 2800 1632; x_wconf 83' lang='lat' dir='ltr'><strong>fuerit,</strong></span> <span class='ocrx_word' id='word_1_481' title='bbox 2853 1573 3137 1635; x_wconf 87' lang='lat' dir='ltr'><strong>propterea</strong></span> <span class='ocrx_word' id='word_1_482' title='bbox 3185 1569 3330 1638; x_wconf 89' lang='lat' dir='ltr'><strong>quod</strong></span> <span class='ocrx_word' id='word_1_483' title='bbox 3385 1567 3550 1624; x_wconf 80' lang='lat' dir='ltr'><strong>fuerit</strong></span> 
     </span>
    </p>
   </div>
   <div class='ocr_carea' id='block_1_62' title="bbox 1997 1653 3546 1727">
    <p class='ocr_par' dir='ltr' id='par_1_62' title="bbox 1997 1653 3546 1727">
     <span class='ocr_line' id='line_1_62' title="bbox 1997 1653 3546 1727; baseline 0.005 -19"><span class='ocrx_word' id='word_1_484' title='bbox 1997 1655 2235 1726; x_wconf 78' lang='lat' dir='ltr'><strong>martyr?</strong></span> <span class='ocrx_word' id='word_1_485' title='bbox 2267 1653 2362 1710; x_wconf 91' lang='lat' dir='ltr'><strong>Sin</strong></span> <span class='ocrx_word' id='word_1_486' title='bbox 2430 1664 2608 1710; x_wconf 88' lang='lat' dir='ltr'><strong>autem</strong></span> <span class='ocrx_word' id='word_1_487' title='bbox 2638 1671 2784 1721; x_wconf 88' lang='lat' dir='ltr'><strong>eum,</strong></span> <span class='ocrx_word' id='word_1_488' title='bbox 2818 1656 2912 1726; x_wconf 89' lang='lat' dir='ltr'><strong>qui</strong></span> <span class='ocrx_word' id='word_1_489' title='bbox 2958 1671 3184 1727; x_wconf 83' lang='lat' dir='ltr'><strong>peccare</strong></span> <span class='ocrx_word' id='word_1_490' title='bbox 3211 1659 3404 1724; x_wconf 81' lang='lat' dir='ltr'><strong>voluit,</strong></span> <span class='ocrx_word' id='word_1_491' title='bbox 3440 1677 3546 1716; x_wconf 87' lang='lat' dir='ltr'><strong>non</strong></span> 
     </span>
    </p>
   </div>
   <div class='ocr_carea' id='block_1_63' title="bbox 1999 1749 3554 1824">
    <p class='ocr_par' dir='ltr' id='par_1_63' title="bbox 1999 1749 3554 1824">
     <span class='ocr_line' id='line_1_63' title="bbox 1999 1749 3554 1824; baseline 0.002 -20"><span class='ocrx_word' id='word_1_492' title='bbox 1999 1749 2124 1804; x_wconf 89' lang='lat' dir='ltr'><strong>sivit</strong></span> <span class='ocrx_word' id='word_1_493' title='bbox 2155 1749 2490 1818; x_wconf 80' lang='lat' dir='ltr'><strong>providentia</strong></span> <span class='ocrx_word' id='word_1_494' title='bbox 2531 1751 2714 1806; x_wconf 86' lang='lat' dir='ltr'><strong>venire</strong></span> <span class='ocrx_word' id='word_1_495' title='bbox 2739 1750 2804 1806; x_wconf 91' lang='lat' dir='ltr'><strong>ad</strong></span> <span class='ocrx_word' id='word_1_496' title='bbox 2847 1753 3202 1822; x_wconf 87' lang='lat' dir='ltr'><strong>peccandum,</strong></span> <span class='ocrx_word' id='word_1_497' title='bbox 3235 1754 3288 1808; x_wconf 86' lang='lat' dir='ltr'><strong>in</strong></span> <span class='ocrx_word' id='word_1_498' title='bbox 3321 1763 3554 1824; x_wconf 71' lang='lat' dir='ltr'><strong>utroque</strong></span> 
     </span>
    </p>
   </div>
   <div class='ocr_carea' id='block_1_64' title="bbox 1998 1847 3552 1919">
    <p class='ocr_par' dir='ltr' id='par_1_64' title="bbox 1998 1847 3552 1919">
     <span class='ocr_line' id='line_1_64' title="bbox 1998 1847 3552 1919; baseline -0.001 -17"><span class='ocrx_word' id='word_1_499' title='bbox 1998 1855 2082 1902; x_wconf 89' lang='lat' dir='ltr'><strong>est</strong></span> <span class='ocrx_word' id='word_1_500' title='bbox 2131 1847 2363 1915; x_wconf 88' lang='lat' dir='ltr'><strong>injusta;</strong></span> <span class='ocrx_word' id='word_1_501' title='bbox 2395 1856 2449 1902; x_wconf 92' lang='lat' dir='ltr'><strong>et</strong></span> <span class='ocrx_word' id='word_1_502' title='bbox 2490 1849 2632 1918; x_wconf 89' lang='lat' dir='ltr'><strong>quod</strong></span> <span class='ocrx_word' id='word_1_503' title='bbox 2661 1862 2785 1902; x_wconf 91' lang='lat' dir='ltr'><strong>eum</strong></span> <span class='ocrx_word' id='word_1_504' title='bbox 2817 1863 2924 1903; x_wconf 86' lang='lat' dir='ltr'><strong>non</strong></span> <span class='ocrx_word' id='word_1_505' title='bbox 2959 1848 3170 1912; x_wconf 81' lang='lat' dir='ltr'><strong>liberet,</strong></span> <span class='ocrx_word' id='word_1_506' title='bbox 3203 1849 3294 1919; x_wconf 77' lang='lat' dir='ltr'><strong>qui</strong></span> <span class='ocrx_word' id='word_1_507' title='bbox 3333 1855 3552 1918; x_wconf 84' lang='lat' dir='ltr'><strong>propter</strong></span> 
     </span>
    </p>
   </div>
   <div class='ocr_carea' id='block_1_65' title="bbox 1994 1939 3554 2010">
    <p class='ocr_par' dir='ltr' id='par_1_65' title="bbox 1994 1939 3554 2010">
     <span class='ocr_line' id='line_1_65' title="bbox 1994 1939 3554 2010; baseline 0.002 -19"><span class='ocrx_word' id='word_1_508' title='bbox 1994 1939 2260 2007; x_wconf 87' lang='lat' dir='ltr'><strong>justitiam</strong></span> <span class='ocrx_word' id='word_1_509' title='bbox 2294 1939 2524 1994; x_wconf 88' lang='lat' dir='ltr'><strong>trahitur</strong></span> <span class='ocrx_word' id='word_1_510' title='bbox 2545 1939 2611 1993; x_wconf 90' lang='lat' dir='ltr'><strong>ad</strong></span> <span class='ocrx_word' id='word_1_511' title='bbox 2639 1939 2964 2009; x_wconf 91' lang='lat' dir='ltr'><strong>supplicium</strong></span> <span class='ocrx_word' id='word_1_512' title='bbox 2989 1957 3004 2006; x_wconf 87' lang='lat'><strong>;</strong></span> <span class='ocrx_word' id='word_1_513' title='bbox 3035 1949 3086 1994; x_wconf 90' lang='lat' dir='ltr'><strong>et</strong></span> <span class='ocrx_word' id='word_1_514' title='bbox 3115 1941 3260 2010; x_wconf 81' lang='lat' dir='ltr'><strong>quod</strong></span> <span class='ocrx_word' id='word_1_515' title='bbox 3282 1956 3429 2004; x_wconf 85' lang='lat' dir='ltr'><strong>eum,</strong></span> <span class='ocrx_word' id='word_1_516' title='bbox 3453 1941 3554 2010; x_wconf 83' lang='lat' dir='ltr'><strong>qui</strong></span> 
     </span>
    </p>
   </div>
   <div class='ocr_carea' id='block_1_66' title="bbox 2001 2031 3552 2104">
    <p class='ocr_par' dir='ltr' id='par_1_66' title="bbox 2001 2031 3552 2104">
     <span class='ocr_line' id='line_1_66' title="bbox 2001 2031 3552 2104; baseline 0.001 -18"><span class='ocrx_word' id='word_1_517' title='bbox 2001 2032 2212 2087; x_wconf 82' lang='lat' dir='ltr'><strong>volebat</strong></span> <span class='ocrx_word' id='word_1_518' title='bbox 2239 2032 2492 2100; x_wconf 85' lang='lat' dir='ltr'><strong>injuriam</strong></span> <span class='ocrx_word' id='word_1_519' title='bbox 2529 2031 2728 2098; x_wconf 84' lang='lat' dir='ltr'><strong>facere,</strong></span> <span class='ocrx_word' id='word_1_520' title='bbox 2761 2033 3106 2099; x_wconf 84' lang='lat' dir='ltr'><strong>liberaverit;</strong></span> <span class='ocrx_word' id='word_1_521' title='bbox 3144 2049 3268 2088; x_wconf 79' lang='lat' dir='ltr'><strong>cum</strong></span> <span class='ocrx_word' id='word_1_522' title='bbox 3315 2033 3404 2088; x_wconf 75' lang='lat' dir='ltr'><strong>ille</strong></span> <span class='ocrx_word' id='word_1_523' title='bbox 3429 2034 3552 2104; x_wconf 82' lang='lat' dir='ltr'><strong>qui-</strong></span> 
     </span>
    </p>
   </div>
   <div class='ocr_carea' id='block_1_67' title="bbox 2001 2123 3556 2197">
    <p class='ocr_par' dir='ltr' id='par_1_67' title="bbox 2001 2123 3556 2197">
     <span class='ocr_line' id='line_1_67' title="bbox 2001 2123 3556 2197; baseline 0.003 -19"><span class='ocrx_word' id='word_1_524' title='bbox 2001 2125 2120 2178; x_wconf 88' lang='lat' dir='ltr'><strong>dem</strong></span> <span class='ocrx_word' id='word_1_525' title='bbox 2145 2123 2352 2188; x_wconf 79' lang='lat' dir='ltr'><strong>fecerit,</strong></span> <span class='ocrx_word' id='word_1_526' title='bbox 2377 2133 2656 2193; x_wconf 87' lang='lat' dir='ltr'><strong>pr0pterea</strong></span> <span class='ocrx_word' id='word_1_527' title='bbox 2683 2124 2824 2194; x_wconf 90' lang='lat' dir='ltr'><strong>quod</strong></span> <span class='ocrx_word' id='word_1_528' title='bbox 2853 2126 3056 2192; x_wconf 89' lang='lat' dir='ltr'><strong>voluit;</strong></span> <span class='ocrx_word' id='word_1_529' title='bbox 3100 2126 3214 2182; x_wconf 66' lang='lat' dir='ltr'><strong>hmo</strong></span> <span class='ocrx_word' id='word_1_530' title='bbox 3249 2142 3378 2182; x_wconf 87' lang='lat' dir='ltr'><strong>vero</strong></span> <span class='ocrx_word' id='word_1_531' title='bbox 3414 2142 3556 2197; x_wconf 82' lang='lat' dir='ltr'><strong>Opus</strong></span> 
     </span>
    </p>
   </div>
   <div class='ocr_carea' id='block_1_68' title="bbox 2001 2215 3554 2288">
    <p class='ocr_par' dir='ltr' id='par_1_68' title="bbox 2001 2215 3554 2288">
     <span class='ocr_line' id='line_1_68' title="bbox 2001 2215 3554 2288; baseline 0.003 -19"><span class='ocrx_word' id='word_1_532' title='bbox 2001 2215 2360 2285; x_wconf 86' lang='lat' dir='ltr'><strong>prohibuerit,</strong></span> <span class='ocrx_word' id='word_1_533' title='bbox 2385 2223 2438 2270; x_wconf 90' lang='lat' dir='ltr'><strong>et</strong></span> <span class='ocrx_word' id='word_1_534' title='bbox 2463 2231 2570 2270; x_wconf 87' lang='lat' dir='ltr'><strong>non</strong></span> <span class='ocrx_word' id='word_1_535' title='bbox 2597 2216 2720 2285; x_wconf 83' lang='lat' dir='ltr'><strong>jure</strong></span> <span class='ocrx_word' id='word_1_536' title='bbox 2750 2217 2799 2270; x_wconf 89' lang='lat' dir='ltr'><strong>ei</strong></span> <span class='ocrx_word' id='word_1_537' title='bbox 2835 2216 3042 2282; x_wconf 78' lang='lat' dir='ltr'><strong>faveat,</strong></span> <span class='ocrx_word' id='word_1_538' title='bbox 3083 2217 3174 2288; x_wconf 89' lang='lat' dir='ltr'><strong>qui</strong></span> <span class='ocrx_word' id='word_1_539' title='bbox 3201 2233 3428 2288; x_wconf 83' lang='lat' dir='ltr'><strong>peccare</strong></span> <span class='ocrx_word' id='word_1_540' title='bbox 3455 2234 3554 2275; x_wconf 84' lang='lat' dir='ltr'><strong>vo-</strong></span> 
     </span>
    </p>
   </div>
   <div class='ocr_carea' id='block_1_69' title="bbox 2003 2303 3560 2376">
    <p class='ocr_par' dir='ltr' id='par_1_69' title="bbox 2003 2303 3560 2376">
     <span class='ocr_line' id='line_1_69' title="bbox 2003 2303 3560 2376; baseline 0.004 -18"><span class='ocrx_word' id='word_1_541' title='bbox 2003 2304 2165 2358; x_wconf 86' lang='lat' dir='ltr'><strong>lebat.</strong></span> <span class='ocrx_word' id='word_1_542' title='bbox 2183 2303 2472 2370; x_wconf 76' lang='lat' dir='ltr'><strong>Quomodo</strong></span> <span class='ocrx_word' id='word_1_543' title='bbox 2502 2312 2680 2358; x_wconf 88' lang='lat' dir='ltr'><strong>autem</strong></span> <span class='ocrx_word' id='word_1_544' title='bbox 2707 2319 2816 2360; x_wconf 89' lang='lat' dir='ltr'><strong>non</strong></span> <span class='ocrx_word' id='word_1_545' title='bbox 2833 2315 2918 2361; x_wconf 90' lang='lat' dir='ltr'><strong>est</strong></span> <span class='ocrx_word' id='word_1_546' title='bbox 2941 2321 3070 2361; x_wconf 84' lang='lat' dir='ltr'><strong>vere</strong></span> <span class='ocrx_word' id='word_1_547' title='bbox 3091 2308 3288 2376; x_wconf 88' lang='lat' dir='ltr'><strong>impius</strong></span> <span class='ocrx_word' id='word_1_548' title='bbox 3313 2317 3366 2363; x_wconf 90' lang='lat' dir='ltr'><strong>et</strong></span> <span class='ocrx_word' id='word_1_549' title='bbox 3386 2323 3418 2363; x_wconf 89' lang='lat' dir='ltr'><strong>a-</strong></span> <span class='ocrx_word' id='word_1_550' title='bbox 3442 2309 3560 2366; x_wconf 78' lang='lat' dir='ltr'><strong>Deo</strong></span> 
     </span>
    </p>
   </div>
   <div class='ocr_carea' id='block_1_70' title="bbox 2004 2395 3558 2467">
    <p class='ocr_par' dir='ltr' id='par_1_70' title="bbox 2004 2395 3558 2467">
     <span class='ocr_line' id='line_1_70' title="bbox 2004 2395 3558 2467; baseline 0.005 -19"><span class='ocrx_word' id='word_1_551' title='bbox 2004 2396 2234 2461; x_wconf 88' lang='lat' dir='ltr'><strong>alienus,</strong></span> <span class='ocrx_word' id='word_1_552' title='bbox 2262 2395 2658 2464; x_wconf 56' lang='lat' dir='ltr'><strong>qui&#39;diabolum</strong></span> <span class='ocrx_word' id='word_1_553' title='bbox 2688 2397 2904 2467; x_wconf 83' lang='lat' dir='ltr'><strong>quidem</strong></span> <span class='ocrx_word' id='word_1_554' title='bbox 2939 2399 3000 2452; x_wconf 84' lang='lat' dir='ltr'><strong>in</strong></span> <span class='ocrx_word' id='word_1_555' title='bbox 3023 2399 3156 2454; x_wconf 88' lang='lat' dir='ltr'><strong>deos</strong></span> <span class='ocrx_word' id='word_1_556' title='bbox 3192 2399 3420 2467; x_wconf 80' lang='lat' dir='ltr'><strong>referat;</strong></span> <span class='ocrx_word' id='word_1_557' title='bbox 3456 2401 3558 2456; x_wconf 85' lang='lat' dir='ltr'><strong>ho-</strong></span> 
     </span>
    </p>
   </div>
   <div class='ocr_carea' id='block_1_71' title="bbox 2001 2485 3560 2556">
    <p class='ocr_par' dir='ltr' id='par_1_71' title="bbox 2001 2485 3560 2556">
     <span class='ocr_line' id='line_1_71' title="bbox 2001 2485 3560 2556; baseline 0.007 -18"><span class='ocrx_word' id='word_1_558' title='bbox 2001 2485 2202 2540; x_wconf 85' lang='lat' dir='ltr'><strong>minem</strong></span> <span class='ocrx_word' id='word_1_559' title='bbox 2232 2495 2413 2540; x_wconf 82' lang='lat' dir='ltr'><strong>autem</strong></span> <span class='ocrx_word' id='word_1_560' title='bbox 2441 2497 2662 2556; x_wconf 89' lang='lat' dir='ltr'><strong>peccato</strong></span> <span class='ocrx_word' id='word_1_561' title='bbox 2692 2489 2990 2544; x_wconf 79' lang='lat' dir='ltr'><strong>obnoxium</strong></span> <span class='ocrx_word' id='word_1_562' title='bbox 3051 2505 3220 2545; x_wconf 85' lang='lat' dir='ltr'><strong>ausus</strong></span> <span class='ocrx_word' id='word_1_563' title='bbox 3257 2499 3341 2546; x_wconf 86' lang='lat' dir='ltr'><strong>est</strong></span> <span class='ocrx_word' id='word_1_564' title='bbox 3375 2493 3560 2549; x_wconf 79' lang='lat' dir='ltr'><strong>dicere</strong></span> 
     </span>
    </p>
   </div>
   <div class='ocr_carea' id='block_1_72' title="bbox 2003 2575 3556 2654">
    <p class='ocr_par' dir='ltr' id='par_1_72' title="bbox 2003 2575 3556 2654">
     <span class='ocr_line' id='line_1_72' title="bbox 2003 2575 3556 2654; baseline 0.007 -25"><span class='ocrx_word' id='word_1_565' title='bbox 2003 2575 2462 2633; x_wconf 72' lang='lat' dir='ltr'><strong>DominumiNos</strong></span> <span class='ocrx_word' id='word_1_566' title='bbox 2491 2581 2635 2633; x_wconf 78' lang='lat' dir='ltr'><strong>enim</strong></span> <span class='ocrx_word' id='word_1_567' title='bbox 2671 2589 2842 2635; x_wconf 86' lang='lat' dir='ltr'><strong>tentat</strong></span> <span class='ocrx_word' id='word_1_568' title='bbox 2879 2581 3160 2647; x_wconf 87' lang='lat' dir='ltr'><strong>diabolus,</strong></span> <span class='ocrx_word' id='word_1_569' title='bbox 3205 2581 3382 2638; x_wconf 88' lang='lat' dir='ltr'><strong>sciens</strong></span> <span class='ocrx_word' id='word_1_570' title='bbox 3427 2585 3556 2654; x_wconf 89' lang='lat' dir='ltr'><strong>qui-</strong></span> 
     </span>
    </p>
   </div>
   <div class='ocr_carea' id='block_1_73' title="bbox 1979 2666 3558 2748">
    <p class='ocr_par' dir='ltr' id='par_1_73' title="bbox 1979 2666 3558 2748">
     <span class='ocr_line' id='line_1_73' title="bbox 1979 2666 3558 2748; baseline 0.009 -30"><span class='ocrx_word' id='word_1_571' title='bbox 1979 2666 2124 2720; x_wconf 69' lang='lat' dir='ltr'><strong>~dem</strong></span> <span class='ocrx_word' id='word_1_572' title='bbox 2148 2668 2337 2736; x_wconf 84' lang='lat' dir='ltr'><strong>quales</strong></span> <span class='ocrx_word' id='word_1_573' title='bbox 2361 2683 2570 2734; x_wconf 89' lang='lat' dir='ltr'><strong>sumus,</strong></span> <span class='ocrx_word' id='word_1_574' title='bbox 2597 2673 2846 2727; x_wconf 84' lang='lat' dir='ltr'><strong>nesciens</strong></span> <span class='ocrx_word' id='word_1_575' title='bbox 2873 2681 3054 2727; x_wconf 90' lang='lat' dir='ltr'><strong>autem</strong></span> <span class='ocrx_word' id='word_1_576' title='bbox 3105 2681 3288 2732; x_wconf 89' lang='lat' dir='ltr'><strong>utrum</strong></span> <span class='ocrx_word' id='word_1_577' title='bbox 3315 2691 3558 2748; x_wconf 82' lang='lat' dir='ltr'><strong>perseve-</strong></span> 
     </span>
    </p>
   </div>
   <div class='ocr_carea' id='block_1_74' title="bbox 2005 2758 3552 2838">
    <p class='ocr_par' dir='ltr' id='par_1_74' title="bbox 2005 2758 3552 2838">
     <span class='ocr_line' id='line_1_74' title="bbox 2005 2758 3552 2838; baseline 0.008 -28"><span class='ocrx_word' id='word_1_578' title='bbox 2005 2758 2174 2811; x_wconf 88' lang='lat' dir='ltr'><strong>raturi</strong></span> <span class='ocrx_word' id='word_1_579' title='bbox 2203 2758 2404 2814; x_wconf 88' lang='lat' dir='ltr'><strong>simus:</strong></span> <span class='ocrx_word' id='word_1_580' title='bbox 2436 2775 2620 2816; x_wconf 85' lang='lat' dir='ltr'><strong>verum</strong></span> <span class='ocrx_word' id='word_1_581' title='bbox 2643 2778 2740 2818; x_wconf 84' lang='lat' dir='ltr'><strong>nos</strong></span> <span class='ocrx_word' id='word_1_582' title='bbox 2769 2776 2800 2816; x_wconf 86' lang='lat' dir='ltr'><strong>a</strong></span> <span class='ocrx_word' id='word_1_583' title='bbox 2821 2762 2924 2818; x_wconf 78' lang='lat' dir='ltr'><strong>ﬁde</strong></span> <span class='ocrx_word' id='word_1_584' title='bbox 2949 2773 3201 2820; x_wconf 78' lang='lat' dir='ltr'><strong>excutere</strong></span> <span class='ocrx_word' id='word_1_585' title='bbox 3225 2768 3392 2838; x_wconf 79' lang='lat' dir='ltr'><strong>cupit.</strong></span> <span class='ocrx_word' id='word_1_586' title='bbox 3421 2776 3476 2823; x_wconf 90' lang='lat' dir='ltr'><strong>et</strong></span> <span class='ocrx_word' id='word_1_587' title='bbox 3499 2768 3552 2822; x_wconf 91' lang='lat' dir='ltr'><strong>in</strong></span> 
     </span>
    </p>
   </div>
   <div class='ocr_carea' id='block_1_75' title="bbox 2006 2849 3558 2925">
    <p class='ocr_par' dir='ltr' id='par_1_75' title="bbox 2006 2849 3558 2925">
     <span class='ocr_line' id='line_1_75' title="bbox 2006 2849 3558 2925; baseline 0.008 -26"><span class='ocrx_word' id='word_1_588' title='bbox 2006 2861 2160 2900; x_wconf 88' lang='lat' dir='ltr'><strong>suam</strong></span> <span class='ocrx_word' id='word_1_589' title='bbox 2191 2855 2512 2916; x_wconf 89' lang='lat' dir='ltr'><strong>potestatem</strong></span> <span class='ocrx_word' id='word_1_590' title='bbox 2539 2849 2784 2919; x_wconf 77' lang='lat' dir='ltr'><strong>redigere</strong></span> <span class='ocrx_word' id='word_1_591' title='bbox 2805 2859 2992 2904; x_wconf 80' lang='lat' dir='ltr'><strong>tentat.</strong></span> <span class='ocrx_word' id='word_1_592' title='bbox 3033 2851 3186 2918; x_wconf 83' lang='lat' dir='ltr'><strong>Quod</strong></span> <span class='ocrx_word' id='word_1_593' title='bbox 3216 2855 3438 2925; x_wconf 80' lang='lat' dir='ltr'><strong>quidem-</strong></span> <span class='ocrx_word' id='word_1_594' title='bbox 3467 2871 3558 2912; x_wconf 88' lang='lat' dir='ltr'><strong>so-</strong></span> 
     </span>
    </p>
   </div>
   <div class='ocr_carea' id='block_1_76' title="bbox 2005 2938 3554 3016">
    <p class='ocr_par' dir='ltr' id='par_1_76' title="bbox 2005 2938 3554 3016">
     <span class='ocr_line' id='line_1_76' title="bbox 2005 2938 3554 3016; baseline 0.007 -24"><span class='ocrx_word' id='word_1_595' title='bbox 2005 2938 2117 2992; x_wconf 89' lang='lat' dir='ltr'><strong>lum</strong></span> <span class='ocrx_word' id='word_1_596' title='bbox 2141 2947 2225 2992; x_wconf 85' lang='lat' dir='ltr'><strong>est</strong></span> <span class='ocrx_word' id='word_1_597' title='bbox 2267 2938 2318 2993; x_wconf 86' lang='lat' dir='ltr'><strong>ei</strong></span> <span class='ocrx_word' id='word_1_598' title='bbox 2361 2940 2707 3008; x_wconf 89' lang='lat' dir='ltr'><strong>permissum,</strong></span> <span class='ocrx_word' id='word_1_599' title='bbox 2743 2943 2942 3010; x_wconf 85' lang='lat' dir='ltr'><strong>partim</strong></span> <span class='ocrx_word' id='word_1_600' title='bbox 2961 2945 3120 3016; x_wconf 75' lang='lat' dir='ltr'><strong>quod</strong></span> <span class='ocrx_word' id='word_1_601' title='bbox 3147 2960 3248 3000; x_wconf 89' lang='lat' dir='ltr'><strong>nos</strong></span> <span class='ocrx_word' id='word_1_602' title='bbox 3283 2961 3348 3000; x_wconf 79' lang='lat' dir='ltr'><strong>ex</strong></span> <span class='ocrx_word' id='word_1_603' title='bbox 3393 2947 3554 3002; x_wconf 82' lang='lat' dir='ltr'><strong>nobis</strong></span> 
     </span>
    </p>
   </div>
   <div class='ocr_carea' id='block_1_77' title="bbox 2007 3025 3558 3108">
    <p class='ocr_par' dir='ltr' id='par_1_77' title="bbox 2007 3025 3558 3108">
     <span class='ocr_line' id='line_1_77' title="bbox 2007 3025 3558 3108; baseline 0.008 -25"><span class='ocrx_word' id='word_1_604' title='bbox 2007 3029 2137 3099; x_wconf 81' lang='lat' dir='ltr'><strong>ipsis</strong></span> <span class='ocrx_word' id='word_1_605' title='bbox 2163 3030 2339 3085; x_wconf 83' lang='lat' dir='ltr'><strong>salvos</strong></span> <span class='ocrx_word' id='word_1_606' title='bbox 2369 3044 2490 3085; x_wconf 84' lang='lat' dir='ltr'><strong>esse</strong></span> <span class='ocrx_word' id='word_1_607' title='bbox 2517 3039 2782 3100; x_wconf 84' lang='lat' dir='ltr'><strong>oporteat,</strong></span> <span class='ocrx_word' id='word_1_608' title='bbox 2829 3025 3146 3090; x_wconf 76' lang='lat' dir='ltr'><strong>occasiones</strong></span> <span class='ocrx_word' id='word_1_609' title='bbox 3167 3049 3232 3090; x_wconf 83' lang='lat' dir='ltr'><strong>ex</strong></span> <span class='ocrx_word' id='word_1_610' title='bbox 3275 3037 3558 3108; x_wconf 58' lang='lat' dir='ltr'><strong>praeceptis</strong></span> 
     </span>
    </p>
   </div>
   <div class='ocr_carea' id='block_1_78' title="bbox 2005 3121 3550 3195">
    <p class='ocr_par' dir='ltr' id='par_1_78' title="bbox 2005 3121 3550 3195">
     <span class='ocr_line' id='line_1_78' title="bbox 2005 3121 3550 3195; baseline 0.005 -19"><span class='ocrx_word' id='word_1_611' title='bbox 2005 3121 2362 3190; x_wconf 85' lang='lat' dir='ltr'><strong>accipientes:</strong></span> <span class='ocrx_word' id='word_1_612' title='bbox 2389 3123 2585 3190; x_wconf 86' lang='lat' dir='ltr'><strong>partim</strong></span> <span class='ocrx_word' id='word_1_613' title='bbox 2613 3131 2670 3177; x_wconf 88' lang='lat' dir='ltr'><strong>ut</strong></span> <span class='ocrx_word' id='word_1_614' title='bbox 2692 3131 2948 3190; x_wconf 79' lang='lat' dir='ltr'><strong>tentator,</strong></span> <span class='ocrx_word' id='word_1_615' title='bbox 2975 3139 3070 3195; x_wconf 88' lang='lat' dir='ltr'><strong>spe</strong></span> <span class='ocrx_word' id='word_1_616' title='bbox 3095 3141 3192 3180; x_wconf 88' lang='lat' dir='ltr'><strong>sua</strong></span> <span class='ocrx_word' id='word_1_617' title='bbox 3231 3123 3550 3192; x_wconf 79' lang='lat' dir='ltr'><strong>frustratus,</strong></span> 
     </span>
    </p>
   </div>
   <div class='ocr_carea' id='block_1_79' title="bbox 2005 3213 3564 3286">
    <p class='ocr_par' dir='ltr' id='par_1_79' title="bbox 2005 3213 3564 3286">
     <span class='ocr_line' id='line_1_79' title="bbox 2005 3213 3564 3286; baseline 0.006 -21"><span class='ocrx_word' id='word_1_618' title='bbox 2005 3214 2209 3282; x_wconf 90' lang='lat' dir='ltr'><strong>pudore</strong></span> <span class='ocrx_word' id='word_1_619' title='bbox 2237 3213 2686 3280; x_wconf 71' lang='lat' dir='ltr'><strong>suﬂundatur;et</strong></span> <span class='ocrx_word' id='word_1_620' title='bbox 2715 3216 2910 3284; x_wconf 82' lang='lat' dir='ltr'><strong>partim</strong></span> <span class='ocrx_word' id='word_1_621' title='bbox 2943 3225 3164 3286; x_wconf 84' lang='lat' dir='ltr'><strong>propter</strong></span> <span class='ocrx_word' id='word_1_622' title='bbox 3209 3233 3398 3274; x_wconf 85' lang='lat' dir='ltr'><strong>eorum</strong></span> <span class='ocrx_word' id='word_1_623' title='bbox 3429 3235 3564 3274; x_wconf 52' lang='lat' dir='ltr'><strong>cana</strong></span> 
     </span>
    </p>
   </div>
   <div class='ocr_carea' id='block_1_80' title="bbox 2006 3301 3558 3380">
    <p class='ocr_par' dir='ltr' id='par_1_80' title="bbox 2006 3301 3558 3380">
     <span class='ocr_line' id='line_1_80' title="bbox 2006 3301 3558 3380; baseline 0.006 -25"><span class='ocrx_word' id='word_1_624' title='bbox 2006 3301 2388 3372; x_wconf 83' lang='lat' dir='ltr'><strong>ﬁrmalionem,</strong></span> <span class='ocrx_word' id='word_1_625' title='bbox 2413 3305 2505 3374; x_wconf 91' lang='lat' dir='ltr'><strong>qui</strong></span> <span class='ocrx_word' id='word_1_626' title='bbox 2533 3315 2660 3360; x_wconf 85' lang='lat' dir='ltr'><strong>sunt</strong></span> <span class='ocrx_word' id='word_1_627' title='bbox 2691 3305 2744 3358; x_wconf 92' lang='lat' dir='ltr'><strong>in</strong></span> <span class='ocrx_word' id='word_1_628' title='bbox 2771 3305 3050 3372; x_wconf 80' lang='lat' dir='ltr'><strong>Ecclesia;</strong></span> <span class='ocrx_word' id='word_1_629' title='bbox 3085 3317 3138 3363; x_wconf 89' lang='lat' dir='ltr'><strong>et</strong></span> <span class='ocrx_word' id='word_1_630' title='bbox 3167 3309 3400 3380; x_wconf 84' lang='lat' dir='ltr'><strong>denique</strong></span> <span class='ocrx_word' id='word_1_631' title='bbox 3427 3325 3558 3380; x_wconf 88' lang='lat' dir='ltr'><strong>pro-</strong></span> 
     </span>
    </p>
   </div>
   <div class='ocr_carea' id='block_1_81' title="bbox 2005 3395 3560 3470">
    <p class='ocr_par' dir='ltr' id='par_1_81' title="bbox 2005 3395 3560 3470">
     <span class='ocr_line' id='line_1_81' title="bbox 2005 3395 3560 3470; baseline 0.006 -22"><span class='ocrx_word' id='word_1_632' title='bbox 2005 3403 2122 3464; x_wconf 89' lang='lat' dir='ltr'><strong>pter</strong></span> <span class='ocrx_word' id='word_1_633' title='bbox 2159 3409 2346 3448; x_wconf 87' lang='lat' dir='ltr'><strong>corum</strong></span> <span class='ocrx_word' id='word_1_634' title='bbox 2389 3395 2775 3450; x_wconf 86' lang='lat' dir='ltr'><strong>conscientiam</strong></span> <span class='ocrx_word' id='word_1_635' title='bbox 2798 3435 2814 3460; x_wconf 89' lang='lat'><strong>,</strong></span> <span class='ocrx_word' id='word_1_636' title='bbox 2843 3397 2938 3466; x_wconf 88' lang='lat' dir='ltr'><strong>qui</strong></span> <span class='ocrx_word' id='word_1_637' title='bbox 2969 3409 3272 3470; x_wconf 82' lang='lat' dir='ltr'><strong>martyrum-</strong></span> <span class='ocrx_word' id='word_1_638' title='bbox 3303 3409 3560 3457; x_wconf 85' lang='lat' dir='ltr'><strong>constan-</strong></span> 
     </span>
    </p>
   </div>
   <div class='ocr_carea' id='block_1_82' title="bbox 2009 3483 3562 3558">
    <p class='ocr_par' dir='ltr' id='par_1_82' title="bbox 2009 3483 3562 3558">
     <span class='ocr_line' id='line_1_82' title="bbox 2009 3483 3562 3558; baseline 0.006 -22"><span class='ocrx_word' id='word_1_639' title='bbox 2009 3485 2135 3538; x_wconf 83' lang='lat' dir='ltr'><strong>tiam</strong></span> <span class='ocrx_word' id='word_1_640' title='bbox 2161 3483 2412 3538; x_wconf 83' lang='lat' dir='ltr'><strong>admirati</strong></span> <span class='ocrx_word' id='word_1_641' title='bbox 2439 3491 2586 3538; x_wconf 85' lang='lat' dir='ltr'><strong>sunt.</strong></span> <span class='ocrx_word' id='word_1_642' title='bbox 2619 3483 2678 3538; x_wconf 83' lang='lat' dir='ltr'><strong>Si</strong></span> <span class='ocrx_word' id='word_1_643' title='bbox 2705 3496 2884 3541; x_wconf 89' lang='lat' dir='ltr'><strong>autem</strong></span> <span class='ocrx_word' id='word_1_644' title='bbox 2918 3488 3236 3558; x_wconf 82' lang='lat' dir='ltr'><strong>martyrium</strong></span> <span class='ocrx_word' id='word_1_645' title='bbox 3283 3501 3366 3544; x_wconf 88' lang='lat' dir='ltr'><strong>cst</strong></span> <span class='ocrx_word' id='word_1_646' title='bbox 3397 3491 3562 3546; x_wconf 56' lang='lat' dir='ltr'><strong>retriu</strong></span> 
     </span>
    </p>
   </div>
   <div class='ocr_carea' id='block_1_83' title="bbox 2005 3574 3560 3648">
    <p class='ocr_par' dir='ltr' id='par_1_83' title="bbox 2005 3574 3560 3648">
     <span class='ocr_line' id='line_1_83' title="bbox 2005 3574 3560 3648; baseline 0.006 -20"><span class='ocrx_word' id='word_1_647' title='bbox 2005 3575 2156 3630; x_wconf 86' lang='lat' dir='ltr'><strong>butio</strong></span> <span class='ocrx_word' id='word_1_648' title='bbox 2180 3590 2276 3644; x_wconf 88' lang='lat' dir='ltr'><strong>per</strong></span> <span class='ocrx_word' id='word_1_649' title='bbox 2317 3574 2638 3645; x_wconf 87' lang='lat' dir='ltr'><strong>supplicium</strong></span> <span class='ocrx_word' id='word_1_650' title='bbox 2660 3616 2675 3638; x_wconf 87' lang='lat'><strong>.</strong></span> <span class='ocrx_word' id='word_1_651' title='bbox 2703 3587 2756 3631; x_wconf 88' lang='lat' dir='ltr'><strong>et</strong></span> <span class='ocrx_word' id='word_1_652' title='bbox 2789 3576 2919 3632; x_wconf 73' lang='lat' dir='ltr'><strong>fides</strong></span> <span class='ocrx_word' id='word_1_653' title='bbox 2948 3593 3168 3648; x_wconf 86' lang='lat' dir='ltr'><strong>quoque</strong></span> <span class='ocrx_word' id='word_1_654' title='bbox 3195 3591 3249 3634; x_wconf 89' lang='lat' dir='ltr'><strong>et</strong></span> <span class='ocrx_word' id='word_1_655' title='bbox 3289 3579 3560 3648; x_wconf 80' lang='lat' dir='ltr'><strong>doctrina,</strong></span> 
     </span>
    </p>
   </div>
   <div class='ocr_carea' id='block_1_84' title="bbox 2006 3655 3562 3743">
    <p class='ocr_par' dir='ltr' id='par_1_84' title="bbox 2006 3655 3562 3743">
     <span class='ocr_line' id='line_1_84' title="bbox 2006 3655 3562 3743; baseline 0.004 -24"><span class='ocrx_word' id='word_1_656' title='bbox 2006 3681 2101 3734; x_wconf 90' lang='lat' dir='ltr'><strong>per</strong></span> <span class='ocrx_word' id='word_1_657' title='bbox 2126 3655 2264 3736; x_wconf 76' lang='lat' dir='ltr'><strong>quas</strong></span> <span class='ocrx_word' id='word_1_658' title='bbox 2280 3675 2364 3721; x_wconf 90' lang='lat' dir='ltr'><strong>est</strong></span> <span class='ocrx_word' id='word_1_659' title='bbox 2385 3667 2730 3737; x_wconf 82' lang='lat' dir='ltr'><strong>martyrium.</strong></span> <span class='ocrx_word' id='word_1_660' title='bbox 2756 3665 2896 3722; x_wconf 90' lang='lat' dir='ltr'><strong>Sunt</strong></span> <span class='ocrx_word' id='word_1_661' title='bbox 2919 3684 3048 3739; x_wconf 85' lang='lat' dir='ltr'><strong>ergo</strong></span> <span class='ocrx_word' id='word_1_662' title='bbox 3069 3670 3378 3742; x_wconf 73' lang='lat' dir='ltr'><strong>btequoque</strong></span> <span class='ocrx_word' id='word_1_663' title='bbox 3399 3673 3562 3743; x_wconf 74' lang='lat' dir='ltr'><strong>adju-</strong></span> 
     </span>
    </p>
   </div>
   <div class='ocr_carea' id='block_1_85' title="bbox 2007 3759 3566 3834">
    <p class='ocr_par' dir='ltr' id='par_1_85' title="bbox 2007 3759 3566 3834">
     <span class='ocr_line' id='line_1_85' title="bbox 2007 3759 3566 3834; baseline 0.005 -22"><span class='ocrx_word' id='word_1_664' title='bbox 2007 3760 2168 3813; x_wconf 88' lang='lat' dir='ltr'><strong>trices</strong></span> <span class='ocrx_word' id='word_1_665' title='bbox 2223 3759 2510 3828; x_wconf 83' lang='lat' dir='ltr'><strong>supplicii,</strong></span> <span class='ocrx_word' id='word_1_666' title='bbox 2555 3773 2664 3828; x_wconf 76' lang='lat' dir='ltr'><strong>quo</strong></span> <span class='ocrx_word' id='word_1_667' title='bbox 2721 3760 2980 3830; x_wconf 83' lang='lat' dir='ltr'><strong>quidnam</strong></span> <span class='ocrx_word' id='word_1_668' title='bbox 3030 3761 3178 3818; x_wconf 68' lang='lat' dir='ltr'><strong>aliud</strong></span> <span class='ocrx_word' id='word_1_669' title='bbox 3229 3764 3400 3834; x_wconf 88' lang='lat' dir='ltr'><strong>possit</strong></span> <span class='ocrx_word' id='word_1_670' title='bbox 3439 3780 3566 3822; x_wconf 86' lang='lat' dir='ltr'><strong>esse</strong></span> 
     </span>
    </p>
   </div>
   <div class='ocr_carea' id='block_1_86' title="bbox 2006 3850 3564 3924">
    <p class='ocr_par' dir='ltr' id='par_1_86' title="bbox 2006 3850 3564 3924">
     <span class='ocr_line' id='line_1_86' title="bbox 2006 3850 3564 3924; baseline 0.005 -20"><span class='ocrx_word' id='word_1_671' title='bbox 2006 3850 2333 3906; x_wconf 86' lang='lat' dir='ltr'><strong>absurdius?</strong></span> <span class='ocrx_word' id='word_1_672' title='bbox 2367 3851 2458 3906; x_wconf 89' lang='lat' dir='ltr'><strong>sed</strong></span> <span class='ocrx_word' id='word_1_673' title='bbox 2491 3852 2556 3905; x_wconf 87' lang='lat' dir='ltr'><strong>ad</strong></span> <span class='ocrx_word' id='word_1_674' title='bbox 2588 3852 2678 3907; x_wconf 89' lang='lat' dir='ltr'><strong>illa</strong></span> <span class='ocrx_word' id='word_1_675' title='bbox 2701 3853 2920 3922; x_wconf 84' lang='lat' dir='ltr'><strong>quidem</strong></span> <span class='ocrx_word' id='word_1_676' title='bbox 2943 3853 3218 3924; x_wconf 77' lang='lat' dir='ltr'><strong>dogmata,</strong></span> <span class='ocrx_word' id='word_1_677' title='bbox 3257 3871 3326 3910; x_wconf 90' lang='lat' dir='ltr'><strong>an</strong></span> <span class='ocrx_word' id='word_1_678' title='bbox 3371 3871 3402 3911; x_wconf 89' lang='lat' dir='ltr'><strong>a</strong></span> <span class='ocrx_word' id='word_1_679' title='bbox 3441 3873 3564 3914; x_wconf 89' lang='lat' dir='ltr'><strong>cor-</strong></span> 
     </span>
    </p>
   </div>
   <div class='ocr_carea' id='block_1_87' title="bbox 2005 3943 3560 4014">
    <p class='ocr_par' dir='ltr' id='par_1_87' title="bbox 2005 3943 3560 4014">
     <span class='ocr_line' id='line_1_87' title="bbox 2005 3943 3560 4014; baseline 0.004 -18"><span class='ocrx_word' id='word_1_680' title='bbox 2005 3943 2234 4010; x_wconf 84' lang='lat' dir='ltr'><strong>poribus</strong></span> <span class='ocrx_word' id='word_1_681' title='bbox 2279 3943 2330 3996; x_wconf 89' lang='lat' dir='ltr'><strong>in</strong></span> <span class='ocrx_word' id='word_1_682' title='bbox 2381 3957 2610 4012; x_wconf 87' lang='lat' dir='ltr'><strong>corpora</strong></span> <span class='ocrx_word' id='word_1_683' title='bbox 2641 3943 2836 4014; x_wconf 83' lang='lat' dir='ltr'><strong>migret</strong></span> <span class='ocrx_word' id='word_1_684' title='bbox 2867 3944 3046 3998; x_wconf 85' lang='lat' dir='ltr'><strong>anima</strong></span> <span class='ocrx_word' id='word_1_685' title='bbox 3069 3985 3084 4010; x_wconf 90' lang='lat'><strong>,</strong></span> <span class='ocrx_word' id='word_1_686' title='bbox 3116 3957 3172 4000; x_wconf 90' lang='lat' dir='ltr'><strong>et</strong></span> <span class='ocrx_word' id='word_1_687' title='bbox 3217 3946 3284 4002; x_wconf 91' lang='lat' dir='ltr'><strong>de</strong></span> <span class='ocrx_word' id='word_1_688' title='bbox 3323 3947 3560 4012; x_wconf 88' lang='lat' dir='ltr'><strong>diabolo,</strong></span> 
     </span>
    </p>
   </div>
   <div class='ocr_carea' id='block_1_88' title="bbox 2005 4031 3562 4108">
    <p class='ocr_par' dir='ltr' id='par_1_88' title="bbox 2005 4031 3562 4108">
     <span class='ocr_line' id='line_1_88' title="bbox 2005 4031 3562 4108; baseline 0.004 -20"><span class='ocrx_word' id='word_1_689' title='bbox 2005 4035 2212 4088; x_wconf 87' lang='lat' dir='ltr'><strong>dicetur</strong></span> <span class='ocrx_word' id='word_1_690' title='bbox 2245 4047 2348 4088; x_wconf 88' lang='lat' dir='ltr'><strong>suo</strong></span> <span class='ocrx_word' id='word_1_691' title='bbox 2392 4043 2650 4103; x_wconf 87' lang='lat' dir='ltr'><strong>tempore.</strong></span> <span class='ocrx_word' id='word_1_692' title='bbox 2701 4031 2858 4088; x_wconf 85' lang='lat' dir='ltr'><strong>Nunc</strong></span> <span class='ocrx_word' id='word_1_693' title='bbox 2904 4045 3090 4091; x_wconf 86' lang='lat' dir='ltr'><strong>autem</strong></span> <span class='ocrx_word' id='word_1_694' title='bbox 3119 4037 3208 4104; x_wconf 90' lang='lat' dir='ltr'><strong>iis,</strong></span> <span class='ocrx_word' id='word_1_695' title='bbox 3259 4053 3380 4108; x_wconf 72' lang='lat' dir='ltr'><strong>quae</strong></span> <span class='ocrx_word' id='word_1_696' title='bbox 3417 4039 3562 4094; x_wconf 85' lang='lat' dir='ltr'><strong>dicta</strong></span> 
     </span>
    </p>
   </div>
   <div class='ocr_carea' id='block_1_89' title="bbox 2006 4123 3564 4193">
    <p class='ocr_par' dir='ltr' id='par_1_89' title="bbox 2006 4123 3564 4193">
     <span class='ocr_line' id='line_1_89' title="bbox 2006 4123 3564 4193; baseline 0.004 -15"><span class='ocrx_word' id='word_1_697' title='bbox 2006 4135 2151 4189; x_wconf 88' lang='lat' dir='ltr'><strong>sunt,</strong></span> <span class='ocrx_word' id='word_1_698' title='bbox 2187 4123 2302 4178; x_wconf 74' lang='lat' dir='ltr'><strong>lucc</strong></span> <span class='ocrx_word' id='word_1_699' title='bbox 2329 4138 2544 4193; x_wconf 87' lang='lat' dir='ltr'><strong>quoque</strong></span> <span class='ocrx_word' id='word_1_700' title='bbox 2563 4123 2912 4193; x_wconf 82' lang='lat' dir='ltr'><strong>adjiciamus:</strong></span> <span class='ocrx_word' id='word_1_701' title='bbox 2953 4123 3054 4180; x_wconf 82' lang='lat' dir='ltr'><strong>Ubi</strong></span> <span class='ocrx_word' id='word_1_702' title='bbox 3082 4135 3164 4182; x_wconf 87' lang='lat' dir='ltr'><strong>est</strong></span> <span class='ocrx_word' id='word_1_703' title='bbox 3183 4127 3359 4182; x_wconf 88' lang='lat' dir='ltr'><strong>adhuc</strong></span> <span class='ocrx_word' id='word_1_704' title='bbox 3405 4128 3564 4192; x_wconf 83' lang='lat' dir='ltr'><strong>ﬁdes.</strong></span> 
     </span>
    </p>
   </div>
   <div class='ocr_carea' id='block_1_90' title="bbox 2007 4215 3562 4288">
    <p class='ocr_par' dir='ltr' id='par_1_90' title="bbox 2007 4215 3562 4288">
     <span class='ocr_line' id='line_1_90' title="bbox 2007 4215 3562 4288; baseline 0.003 -18"><span class='ocrx_word' id='word_1_705' title='bbox 2007 4215 2054 4270; x_wconf 91' lang='lat' dir='ltr'><strong>si</strong></span> <span class='ocrx_word' id='word_1_706' title='bbox 2085 4230 2182 4284; x_wconf 89' lang='lat' dir='ltr'><strong>pro</strong></span> <span class='ocrx_word' id='word_1_707' title='bbox 2205 4215 2417 4269; x_wconf 88' lang='lat' dir='ltr'><strong>luendis</strong></span> <span class='ocrx_word' id='word_1_708' title='bbox 2433 4215 2610 4284; x_wconf 61' lang='lat' dir='ltr'><strong>poenis</strong></span> <span class='ocrx_word' id='word_1_709' title='bbox 2625 4229 2838 4282; x_wconf 91' lang='lat' dir='ltr'><strong>eorum,</strong></span> <span class='ocrx_word' id='word_1_710' title='bbox 2859 4232 2980 4286; x_wconf 67' lang='lat' dir='ltr'><strong>quae</strong></span> <span class='ocrx_word' id='word_1_711' title='bbox 2999 4218 3152 4287; x_wconf 84' lang='lat' dir='ltr'><strong>prius</strong></span> <span class='ocrx_word' id='word_1_712' title='bbox 3176 4229 3394 4288; x_wconf 87' lang='lat' dir='ltr'><strong>peccata</strong></span> <span class='ocrx_word' id='word_1_713' title='bbox 3411 4229 3562 4286; x_wconf 86' lang='lat' dir='ltr'><strong>sunt,</strong></span> 
     </span>
    </p>
   </div>
   <div class='ocr_carea' id='block_1_91' title="bbox 2008 4305 3560 4378">
    <p class='ocr_par' dir='ltr' id='par_1_91' title="bbox 2008 4305 3560 4378">
     <span class='ocr_line' id='line_1_91' title="bbox 2008 4305 3560 4378; baseline 0.005 -17"><span class='ocrx_word' id='word_1_714' title='bbox 2008 4307 2264 4362; x_wconf 87' lang='lat' dir='ltr'><strong>subeatur</strong></span> <span class='ocrx_word' id='word_1_715' title='bbox 2301 4307 2666 4378; x_wconf 81' lang='lat' dir='ltr'><strong>martyrium?</strong></span> <span class='ocrx_word' id='word_1_716' title='bbox 2713 4305 2814 4362; x_wconf 80' lang='lat' dir='ltr'><strong>Ubi</strong></span> <span class='ocrx_word' id='word_1_717' title='bbox 2860 4317 2944 4364; x_wconf 89' lang='lat' dir='ltr'><strong>est</strong></span> <span class='ocrx_word' id='word_1_718' title='bbox 2989 4318 3168 4364; x_wconf 86' lang='lat' dir='ltr'><strong>autem</strong></span> <span class='ocrx_word' id='word_1_719' title='bbox 3214 4309 3455 4366; x_wconf 88' lang='lat' dir='ltr'><strong>charitas</strong></span> <span class='ocrx_word' id='word_1_720' title='bbox 3504 4312 3560 4368; x_wconf 83' lang='lat' dir='ltr'><strong>in</strong></span> 
     </span>
    </p>
   </div>
   <div class='ocr_carea' id='block_1_92' title="bbox 352 4395 1901 4471">
    <p class='ocr_par' dir='ltr' id='par_1_92' title="bbox 352 4395 1901 4471">
     <span class='ocr_line' id='line_1_92' title="bbox 352 4395 1901 4471; baseline -0.004 -14"><span class='ocrx_word' id='word_1_721' title='bbox 352 4405 598 4468; x_wconf 78' lang='grc' dir='ltr'>κολάσεις</span> <span class='ocrx_word' id='word_1_722' title='bbox 638 4403 845 4456; x_wconf 75' lang='grc' dir='ltr'>ἔσονται</span> <span class='ocrx_word' id='word_1_723' title='bbox 868 4418 882 4432; x_wconf 74' lang='grc' dir='ltr'><strong>ο</strong></span> <span class='ocrx_word' id='word_1_724' title='bbox 923 4401 1058 4471; x_wconf 85' lang='grc' dir='ltr'>ὅπερ</span> <span class='ocrx_word' id='word_1_725' title='bbox 1099 4398 1290 4461; x_wconf 73' lang='grc' dir='ltr'>ἀσεϐὲς</span> <span class='ocrx_word' id='word_1_726' title='bbox 1329 4400 1544 4450; x_wconf 78' lang='grc' dir='ltr'>ἐννοεῖν.</span> <span class='ocrx_word' id='word_1_727' title='bbox 1572 4395 1706 4451; x_wconf 71' lang='grc' dir='ltr'>Οὔτε</span> <span class='ocrx_word' id='word_1_728' title='bbox 1743 4397 1851 4466; x_wconf 78' lang='grc' dir='ltr'><strong>γὰρ</strong></span> <span class='ocrx_word' id='word_1_729' title='bbox 1875 4401 1901 4451; x_wconf 72' lang='grc' dir='ltr'><strong>ὁ</strong></span> 
     </span>
    </p>
   </div>
   <div class='ocr_carea' id='block_1_93' title="bbox 2001 4395 3560 4471">
    <p class='ocr_par' dir='ltr' id='par_1_93' title="bbox 2009 4395 3560 4468">
     <span class='ocr_line' id='line_1_93' title="bbox 2009 4395 3560 4468; baseline 0.003 -19"><span class='ocrx_word' id='word_1_730' title='bbox 2009 4395 2200 4460; x_wconf 78' lang='lat' dir='ltr'><strong>Deum,</strong></span> <span class='ocrx_word' id='word_1_731' title='bbox 2219 4411 2338 4465; x_wconf 70' lang='lat' dir='ltr'><strong>quae</strong></span> <span class='ocrx_word' id='word_1_732' title='bbox 2359 4405 2574 4464; x_wconf 81' lang='lat' dir='ltr'><strong>propter</strong></span> <span class='ocrx_word' id='word_1_733' title='bbox 2595 4395 2872 4450; x_wconf 87' lang='lat' dir='ltr'><strong>veritatem</strong></span> <span class='ocrx_word' id='word_1_734' title='bbox 2901 4396 3330 4464; x_wconf 81' lang='lat' dir='ltr'><strong>persecutionem</strong></span> <span class='ocrx_word' id='word_1_735' title='bbox 3359 4403 3560 4468; x_wconf 87' lang='lat' dir='ltr'><strong>patitur</strong></span> 
     </span>
    </p>
   </div>
   <div class='ocr_carea' id='block_1_94' title="bbox 351 4488 1902 4568">
    <p class='ocr_par' dir='ltr' id='par_1_94' title="bbox 351 4488 1902 4568">
     <span class='ocr_line' id='line_1_94' title="bbox 351 4488 1902 4568; baseline -0.005 -18"><span class='ocrx_word' id='word_1_736' title='bbox 351 4497 552 4568; x_wconf 73' lang='grc' dir='ltr'>Κύριος</span> <span class='ocrx_word' id='word_1_737' title='bbox 579 4495 836 4566; x_wconf 80' lang='grc' dir='ltr'>θελήματι</span> <span class='ocrx_word' id='word_1_738' title='bbox 863 4492 1030 4546; x_wconf 76' lang='grc' dir='ltr'>ἔπαθε</span> <span class='ocrx_word' id='word_1_739' title='bbox 1079 4491 1172 4544; x_wconf 84' lang='grc' dir='ltr'><strong>τοῦ</strong></span> <span class='ocrx_word' id='word_1_740' title='bbox 1211 4490 1420 4562; x_wconf 75' lang='grc' dir='ltr'>Πατρὸς</span> <span class='ocrx_word' id='word_1_741' title='bbox 1442 4529 1457 4553; x_wconf 91' lang='grc'><strong>,</strong></span> <span class='ocrx_word' id='word_1_742' title='bbox 1491 4488 1600 4542; x_wconf 71' lang='grc' dir='ltr'>οὗθ’</span> <span class='ocrx_word' id='word_1_743' title='bbox 1629 4490 1680 4541; x_wconf 88' lang='grc' dir='ltr'>οἱ</span> <span class='ocrx_word' id='word_1_744' title='bbox 1715 4489 1902 4543; x_wconf 83' lang='grc' dir='ltr'>διωκό-</span> 
     </span>
    </p>
   </div>
   <div class='ocr_carea' id='block_1_95' title="bbox 353 4582 1902 4662">
    <p class='ocr_par' dir='ltr' id='par_1_95' title="bbox 353 4582 1902 4662">
     <span class='ocr_line' id='line_1_95' title="bbox 353 4582 1902 4662; baseline -0.005 -19"><span class='ocrx_word' id='word_1_745' title='bbox 353 4607 504 4662; x_wconf 83' lang='grc' dir='ltr'>μενοι</span> <span class='ocrx_word' id='word_1_746' title='bbox 537 4586 898 4660; x_wconf 83' lang='grc' dir='ltr'>βουλήσειτοῦ</span> <span class='ocrx_word' id='word_1_747' title='bbox 926 4584 1062 4638; x_wconf 82' lang='grc' dir='ltr'>Θεοῦ</span> <span class='ocrx_word' id='word_1_748' title='bbox 1079 4583 1358 4636; x_wconf 80' lang='grc' dir='ltr'>διώκονται</span> <span class='ocrx_word' id='word_1_749' title='bbox 1384 4599 1397 4612; x_wconf 92' lang='grc'><strong>·</strong></span> <span class='ocrx_word' id='word_1_750' title='bbox 1431 4583 1552 4634; x_wconf 74' lang='grc' dir='ltr'>ἐπεὶ</span> <span class='ocrx_word' id='word_1_751' title='bbox 1579 4582 1720 4635; x_wconf 85' lang='grc' dir='ltr'>δυεῖν</span> <span class='ocrx_word' id='word_1_752' title='bbox 1747 4582 1902 4637; x_wconf 80' lang='grc' dir='ltr'>θάτε-</span> 
     </span>
    </p>
   </div>
   <div class='ocr_carea' id='block_1_96' title="bbox 356 4673 1904 4752">
    <p class='ocr_par' dir='ltr' id='par_1_96' title="bbox 356 4673 1904 4752">
     <span class='ocr_line' id='line_1_96' title="bbox 356 4673 1904 4752; baseline -0.003 -20"><span class='ocrx_word' id='word_1_753' title='bbox 356 4698 478 4752; x_wconf 88' lang='grc' dir='ltr'>ρον,</span> <span class='ocrx_word' id='word_1_754' title='bbox 509 4680 541 4750; x_wconf 84' lang='grc' dir='ltr'><strong>ἥ</strong></span> <span class='ocrx_word' id='word_1_755' title='bbox 576 4679 734 4734; x_wconf 82' lang='grc' dir='ltr'>καλόν</span> <span class='ocrx_word' id='word_1_756' title='bbox 771 4695 822 4730; x_wconf 89' lang='grc' dir='ltr'><strong>τι</strong></span> <span class='ocrx_word' id='word_1_757' title='bbox 855 4676 1003 4730; x_wconf 77' lang='grc' dir='ltr'>ἔσται</span> <span class='ocrx_word' id='word_1_758' title='bbox 1042 4675 1274 4745; x_wconf 79' lang='grc' dir='ltr'>διωγμὸς</span> <span class='ocrx_word' id='word_1_759' title='bbox 1299 4673 1388 4727; x_wconf 75' lang='grc' dir='ltr'>διὰ</span> <span class='ocrx_word' id='word_1_760' title='bbox 1414 4673 1511 4744; x_wconf 80' lang='grc' dir='ltr'>τὴν</span> <span class='ocrx_word' id='word_1_761' title='bbox 1537 4673 1785 4744; x_wconf 81' lang='grc' dir='ltr'>βούλησιν</span> <span class='ocrx_word' id='word_1_762' title='bbox 1811 4674 1904 4728; x_wconf 88' lang='grc' dir='ltr'><strong>τοῦ</strong></span> 
     </span>
    </p>
   </div>
   <div class='ocr_carea' id='block_1_97' title="bbox 353 4765 1910 4842">
    <p class='ocr_par' dir='ltr' id='par_1_97' title="bbox 353 4765 1910 4842">
     <span class='ocr_line' id='line_1_97' title="bbox 353 4765 1910 4842; baseline -0.004 -17"><span class='ocrx_word' id='word_1_763' title='bbox 353 4771 582 4842; x_wconf 77' lang='grc' dir='ltr'>Θεοῦ,ἢ</span> <span class='ocrx_word' id='word_1_764' title='bbox 629 4769 792 4824; x_wconf 85' lang='grc' dir='ltr'>ἀθῶοι</span> <span class='ocrx_word' id='word_1_765' title='bbox 837 4769 886 4820; x_wconf 81' lang='lat' dir='ltr'><strong>ni</strong></span> <span class='ocrx_word' id='word_1_766' title='bbox 930 4766 1252 4828; x_wconf 81' lang='grc' dir='ltr'>διατιθέντες</span> <span class='ocrx_word' id='word_1_767' title='bbox 1292 4765 1382 4818; x_wconf 71' lang='grc' dir='ltr'>καὶ</span> <span class='ocrx_word' id='word_1_768' title='bbox 1415 4765 1699 4828; x_wconf 76' lang='grc' dir='ltr'>θλίϐοντες.</span> <span class='ocrx_word' id='word_1_769' title='bbox 1749 4767 1910 4832; x_wconf 69' lang='grc' dir='ltr'>Ἀλλὰ</span> 
     </span>
    </p>
   </div>
   <div class='ocr_carea' id='block_1_98' title="bbox 357 4857 1906 4936">
    <p class='ocr_par' dir='ltr' id='par_1_98' title="bbox 357 4857 1906 4936">
     <span class='ocr_line' id='line_1_98' title="bbox 357 4857 1906 4936; baseline -0.005 -19"><span class='ocrx_word' id='word_1_770' title='bbox 357 4863 462 4936; x_wconf 82' lang='grc' dir='ltr'>μὴν</span> <span class='ocrx_word' id='word_1_771' title='bbox 487 4863 636 4916; x_wconf 73' lang='grc' dir='ltr'>οὐδὲν</span> <span class='ocrx_word' id='word_1_772' title='bbox 659 4863 786 4916; x_wconf 79' lang='grc' dir='ltr'>ἄνευ</span> <span class='ocrx_word' id='word_1_773' title='bbox 811 4859 1110 4930; x_wconf 84' lang='grc' dir='ltr'>θελήματος</span> <span class='ocrx_word' id='word_1_774' title='bbox 1136 4857 1228 4909; x_wconf 86' lang='grc' dir='ltr'><strong>τοῦ</strong></span> <span class='ocrx_word' id='word_1_775' title='bbox 1254 4857 1455 4927; x_wconf 82' lang='grc' dir='ltr'>Κυρίου</span> <span class='ocrx_word' id='word_1_776' title='bbox 1480 4857 1586 4910; x_wconf 77' lang='grc' dir='ltr'><strong>τῶν</strong></span> <span class='ocrx_word' id='word_1_777' title='bbox 1603 4857 1755 4910; x_wconf 84' lang='grc' dir='ltr'>ὅλων.</span> <span class='ocrx_word' id='word_1_778' title='bbox 1787 4858 1906 4910; x_wconf 87' lang='grc' dir='ltr'>Δεί-</span> 
     </span>
    </p>
   </div>
   <div class='ocr_carea' id='block_1_99' title="bbox 353 4947 1907 5024">
    <p class='ocr_par' dir='ltr' id='par_1_99' title="bbox 353 4947 1907 5024">
     <span class='ocr_line' id='line_1_99' title="bbox 353 4947 1907 5024; baseline -0.006 -16"><span class='ocrx_word' id='word_1_779' title='bbox 353 4973 514 5008; x_wconf 86' lang='grc' dir='ltr'>πεται</span> <span class='ocrx_word' id='word_1_780' title='bbox 539 4953 601 5024; x_wconf 81' lang='grc' dir='ltr'>δὴ</span> <span class='ocrx_word' id='word_1_781' title='bbox 625 4953 900 5021; x_wconf 81' lang='grc' dir='ltr'>συντόμως</span> <span class='ocrx_word' id='word_1_782' title='bbox 941 4949 1100 5018; x_wconf 79' lang='grc' dir='ltr'>φάναι</span> <span class='ocrx_word' id='word_1_783' title='bbox 1128 4947 1196 5000; x_wconf 83' lang='grc' dir='ltr'>τὰ</span> <span class='ocrx_word' id='word_1_784' title='bbox 1233 4947 1450 5000; x_wconf 87' lang='grc' dir='ltr'>τοιαῦτα</span> <span class='ocrx_word' id='word_1_785' title='bbox 1475 4947 1787 5017; x_wconf 79' lang='grc' dir='ltr'>συμϐαίνειν</span> <span class='ocrx_word' id='word_1_786' title='bbox 1832 4949 1907 5020; x_wconf 80' lang='grc' dir='ltr'>μὴ</span> 
     </span>
    </p>
   </div>
   <div class='ocr_carea' id='block_1_100' title="bbox 354 5037 1906 5114">
    <p class='ocr_par' dir='ltr' id='par_1_100' title="bbox 354 5037 1906 5114">
     <span class='ocr_line' id='line_1_100' title="bbox 354 5037 1906 5114; baseline -0.008 -12"><span class='ocrx_word' id='word_1_787' title='bbox 354 5047 691 5110; x_wconf 83' lang='grc' dir='ltr'>κωλύσαντος</span> <span class='ocrx_word' id='word_1_788' title='bbox 727 5043 834 5114; x_wconf 87' lang='lat'><strong>(7|)</strong></span> <span class='ocrx_word' id='word_1_789' title='bbox 878 5039 974 5095; x_wconf 88' lang='grc' dir='ltr'><strong>τοῦ</strong></span> <span class='ocrx_word' id='word_1_790' title='bbox 1015 5039 1180 5094; x_wconf 72' lang='grc' dir='ltr'>Θεοῦ*</span> <span class='ocrx_word' id='word_1_791' title='bbox 1225 5037 1381 5090; x_wconf 85' lang='grc' dir='ltr'>τοῦτο</span> <span class='ocrx_word' id='word_1_792' title='bbox 1419 5037 1526 5108; x_wconf 76' lang='grc' dir='ltr'>γὰρ</span> <span class='ocrx_word' id='word_1_793' title='bbox 1557 5039 1716 5108; x_wconf 87' lang='grc' dir='ltr'>μόνον</span> <span class='ocrx_word' id='word_1_794' title='bbox 1747 5037 1906 5102; x_wconf 79' lang='grc' dir='ltr'>σώζει</span> 
     </span>
    </p>
   </div>
   <div class='ocr_carea' id='block_1_101' title="bbox 354 5129 1904 5210">
    <p class='ocr_par' dir='ltr' id='par_1_101' title="bbox 354 5129 1904 5210">
     <span class='ocr_line' id='line_1_101' title="bbox 354 5129 1904 5210; baseline -0.006 -17"><span class='ocrx_word' id='word_1_795' title='bbox 354 5142 447 5193; x_wconf 74' lang='grc' dir='ltr'>καὶ</span> <span class='ocrx_word' id='word_1_796' title='bbox 471 5137 566 5210; x_wconf 81' lang='grc' dir='ltr'>τὴν</span> <span class='ocrx_word' id='word_1_797' title='bbox 599 5139 852 5209; x_wconf 81' lang='grc' dir='ltr'>πρόνοιαν</span> <span class='ocrx_word' id='word_1_798' title='bbox 878 5135 970 5188; x_wconf 81' lang='grc' dir='ltr'>καὶ</span> <span class='ocrx_word' id='word_1_799' title='bbox 993 5133 1090 5204; x_wconf 83' lang='grc' dir='ltr'>τὴν</span> <span class='ocrx_word' id='word_1_800' title='bbox 1116 5131 1420 5202; x_wconf 84' lang='grc' dir='ltr'>ὰγαθότητα</span> <span class='ocrx_word' id='word_1_801' title='bbox 1447 5130 1538 5182; x_wconf 84' lang='grc' dir='ltr'><strong>τοῦ</strong></span> <span class='ocrx_word' id='word_1_802' title='bbox 1563 5129 1716 5182; x_wconf 88' lang='grc' dir='ltr'>Θεοῦ.</span> <span class='ocrx_word' id='word_1_803' title='bbox 1746 5131 1818 5184; x_wconf 80' lang='grc' dir='ltr'><strong>Οὐ</strong></span> <span class='ocrx_word' id='word_1_804' title='bbox 1843 5131 1904 5184; x_wconf 81' lang='grc' dir='ltr'>τὸ</span> 
     </span>
    </p>
   </div>
   <div class='ocr_carea' id='block_1_102' title="bbox 2007 4487 3562 4560">
    <p class='ocr_par' dir='ltr' id='par_1_102' title="bbox 2007 4487 3562 4560">
     <span class='ocr_line' id='line_1_102' title="bbox 2007 4487 3562 4560; baseline 0.002 -15"><span class='ocrx_word' id='word_1_805' title='bbox 2007 4499 2062 4545; x_wconf 88' lang='grc' dir='ltr'><strong>ει</strong></span> <span class='ocrx_word' id='word_1_806' title='bbox 2096 4489 2368 4544; x_wconf 84' lang='lat' dir='ltr'><strong>sustinet?</strong></span> <span class='ocrx_word' id='word_1_807' title='bbox 2414 4487 2514 4543; x_wconf 81' lang='lat' dir='ltr'><strong>lJbi</strong></span> <span class='ocrx_word' id='word_1_808' title='bbox 2539 4496 2626 4544; x_wconf 85' lang='lat' dir='ltr'><strong>est</strong></span> <span class='ocrx_word' id='word_1_809' title='bbox 2649 4496 2828 4543; x_wconf 88' lang='lat' dir='ltr'><strong>autem</strong></span> <span class='ocrx_word' id='word_1_810' title='bbox 2858 4487 2980 4542; x_wconf 84' lang='lat' dir='ltr'><strong>laus</strong></span> <span class='ocrx_word' id='word_1_811' title='bbox 2999 4488 3119 4558; x_wconf 85' lang='lat' dir='ltr'><strong>ejus</strong></span> <span class='ocrx_word' id='word_1_812' title='bbox 3155 4489 3248 4560; x_wconf 86' lang='lat' dir='ltr'><strong>qui</strong></span> <span class='ocrx_word' id='word_1_813' title='bbox 3273 4489 3562 4548; x_wconf 79' lang='lat' dir='ltr'><strong>confessus</strong></span> 
     </span>
    </p>
   </div>
   <div class='ocr_carea' id='block_1_103' title="bbox 2007 4583 3556 4656">
    <p class='ocr_par' dir='ltr' id='par_1_103' title="bbox 2007 4583 3556 4656">
     <span class='ocr_line' id='line_1_103' title="bbox 2007 4583 3556 4656; baseline 0 -16"><span class='ocrx_word' id='word_1_814' title='bbox 2007 4593 2111 4650; x_wconf 87' lang='lat' dir='ltr'><strong>est,</strong></span> <span class='ocrx_word' id='word_1_815' title='bbox 2160 4592 2254 4638; x_wconf 84' lang='lat' dir='ltr'><strong>aut</strong></span> <span class='ocrx_word' id='word_1_816' title='bbox 2282 4583 2604 4653; x_wconf 84' lang='lat' dir='ltr'><strong>vituperatio</strong></span> <span class='ocrx_word' id='word_1_817' title='bbox 2640 4583 2758 4651; x_wconf 88' lang='lat' dir='ltr'><strong>ejus</strong></span> <span class='ocrx_word' id='word_1_818' title='bbox 2793 4584 2887 4651; x_wconf 83' lang='lat' dir='ltr'><strong>qui</strong></span> <span class='ocrx_word' id='word_1_819' title='bbox 2935 4583 3262 4652; x_wconf 73' lang='lat' dir='ltr'><strong>abnegavit?</strong></span> <span class='ocrx_word' id='word_1_820' title='bbox 3309 4583 3388 4640; x_wconf 82' lang='lat' dir='ltr'><strong>Ad</strong></span> <span class='ocrx_word' id='word_1_821' title='bbox 3424 4585 3556 4656; x_wconf 84' lang='lat' dir='ltr'><strong>quid</strong></span> 
     </span>
    </p>
   </div>
   <div class='ocr_carea' id='block_1_104' title="bbox 2009 4675 3560 4740">
    <p class='ocr_par' dir='ltr' id='par_1_104' title="bbox 2009 4675 3560 4740">
     <span class='ocr_line' id='line_1_104' title="bbox 2009 4675 3560 4740; baseline 0 -8"><span class='ocrx_word' id='word_1_822' title='bbox 2009 4686 2188 4732; x_wconf 88' lang='lat' dir='ltr'><strong>autem</strong></span> <span class='ocrx_word' id='word_1_823' title='bbox 2217 4686 2298 4732; x_wconf 89' lang='lat' dir='ltr'><strong>est</strong></span> <span class='ocrx_word' id='word_1_824' title='bbox 2321 4677 2498 4732; x_wconf 85' lang='lat' dir='ltr'><strong>adhuc</strong></span> <span class='ocrx_word' id='word_1_825' title='bbox 2529 4675 2678 4730; x_wconf 91' lang='lat' dir='ltr'><strong>utilis</strong></span> <span class='ocrx_word' id='word_1_826' title='bbox 2704 4685 2852 4730; x_wconf 84' lang='lat' dir='ltr'><strong>recta</strong></span> <span class='ocrx_word' id='word_1_827' title='bbox 2877 4675 3000 4731; x_wconf 76' lang='lat' dir='ltr'><strong>vita:</strong></span> <span class='ocrx_word' id='word_1_828' title='bbox 3043 4675 3334 4740; x_wconf 87' lang='lat' dir='ltr'><strong>institutio,</strong></span> <span class='ocrx_word' id='word_1_829' title='bbox 3386 4687 3560 4732; x_wconf 74' lang='lat' dir='ltr'><strong>tum-te</strong></span> 
     </span>
    </p>
   </div>
   <div class='ocr_carea' id='block_1_105' title="bbox 2011 4761 3562 4836">
    <p class='ocr_par' dir='ltr' id='par_1_105' title="bbox 2011 4761 3562 4836">
     <span class='ocr_line' id='line_1_105' title="bbox 2011 4761 3562 4836; baseline 0.001 -14"><span class='ocrx_word' id='word_1_830' title='bbox 2011 4767 2219 4822; x_wconf 81' lang='lat' dir='ltr'><strong>allicere</strong></span> <span class='ocrx_word' id='word_1_831' title='bbox 2247 4761 2588 4836; x_wconf 84' lang='lat' dir='ltr'><strong>cupiditates,</strong></span> <span class='ocrx_word' id='word_1_832' title='bbox 2613 4775 2668 4820; x_wconf 90' lang='lat' dir='ltr'><strong>et</strong></span> <span class='ocrx_word' id='word_1_833' title='bbox 2693 4766 2897 4820; x_wconf 89' lang='lat' dir='ltr'><strong>nullam</strong></span> <span class='ocrx_word' id='word_1_834' title='bbox 2923 4767 3105 4822; x_wconf 88' lang='lat' dir='ltr'><strong>odisse</strong></span> <span class='ocrx_word' id='word_1_835' title='bbox 3131 4769 3470 4822; x_wconf 84' lang='lat' dir='ltr'><strong>creaturam?</strong></span> <span class='ocrx_word' id='word_1_836' title='bbox 3500 4767 3562 4824; x_wconf 86' lang='lat' dir='ltr'><strong>Si</strong></span> 
     </span>
    </p>
   </div>
   <div class='ocr_carea' id='block_1_106' title="bbox 2009 4855 3554 4928">
    <p class='ocr_par' dir='ltr' id='par_1_106' title="bbox 2009 4855 3554 4928">
     <span class='ocr_line' id='line_1_106' title="bbox 2009 4855 3554 4928; baseline 0.001 -16"><span class='ocrx_word' id='word_1_837' title='bbox 2009 4868 2210 4924; x_wconf 85' lang='lat' dir='ltr'><strong>autem,</strong></span> <span class='ocrx_word' id='word_1_838' title='bbox 2235 4867 2294 4912; x_wconf 89' lang='lat' dir='ltr'><strong>ut</strong></span> <span class='ocrx_word' id='word_1_839' title='bbox 2323 4857 2436 4926; x_wconf 90' lang='lat' dir='ltr'><strong>ipse</strong></span> <span class='ocrx_word' id='word_1_840' title='bbox 2458 4857 2590 4911; x_wconf 89' lang='lat' dir='ltr'><strong>dicit</strong></span> <span class='ocrx_word' id='word_1_841' title='bbox 2611 4855 2898 4924; x_wconf 87' lang='lat' dir='ltr'><strong>Basilides,</strong></span> <span class='ocrx_word' id='word_1_842' title='bbox 2927 4871 3088 4910; x_wconf 93' lang='lat' dir='ltr'><strong>unam</strong></span> <span class='ocrx_word' id='word_1_843' title='bbox 3117 4867 3324 4928; x_wconf 89' lang='lat' dir='ltr'><strong>partem</strong></span> <span class='ocrx_word' id='word_1_844' title='bbox 3353 4873 3416 4914; x_wconf 78' lang='lat' dir='ltr'><strong>ex</strong></span> <span class='ocrx_word' id='word_1_845' title='bbox 3439 4859 3554 4925; x_wconf 84' lang='lat' dir='ltr'><strong>Dei,</strong></span> 
     </span>
    </p>
   </div>
   <div class='ocr_carea' id='block_1_107' title="bbox 2009 4945 3554 5018">
    <p class='ocr_par' dir='ltr' id='par_1_107' title="bbox 2009 4945 3554 5018">
     <span class='ocr_line' id='line_1_107' title="bbox 2009 4945 3554 5018; baseline 0 -16"><span class='ocrx_word' id='word_1_846' title='bbox 2009 4963 2128 5018; x_wconf 74' lang='lat' dir='ltr'><strong>quae</strong></span> <span class='ocrx_word' id='word_1_847' title='bbox 2150 4947 2368 5009; x_wconf 87' lang='lat' dir='ltr'><strong>dicitur,</strong></span> <span class='ocrx_word' id='word_1_848' title='bbox 2409 4946 2688 5000; x_wconf 84' lang='lat' dir='ltr'><strong>voluntate</strong></span> <span class='ocrx_word' id='word_1_849' title='bbox 2733 4945 3110 5000; x_wconf 77' lang='lat' dir='ltr'><strong>existimamus</strong></span> <span class='ocrx_word' id='word_1_850' title='bbox 3137 4963 3156 4996; x_wconf 79' lang='grc' dir='ltr'><strong>ι</strong></span> <span class='ocrx_word' id='word_1_851' title='bbox 3193 4947 3374 5001; x_wconf 87' lang='lat' dir='ltr'><strong>omnia</strong></span> <span class='ocrx_word' id='word_1_852' title='bbox 3429 4947 3554 5002; x_wconf 85' lang='lat' dir='ltr'><strong>dili-</strong></span> 
     </span>
    </p>
   </div>
   <div class='ocr_carea' id='block_1_108' title="bbox 2009 5035 3556 5109">
    <p class='ocr_par' dir='ltr' id='par_1_108' title="bbox 2009 5035 3556 5109">
     <span class='ocr_line' id='line_1_108' title="bbox 2009 5035 3556 5109; baseline -0.003 -15"><span class='ocrx_word' id='word_1_853' title='bbox 2009 5052 2151 5109; x_wconf 89' lang='lat' dir='ltr'><strong>gere,</strong></span> <span class='ocrx_word' id='word_1_854' title='bbox 2190 5057 2212 5090; x_wconf 73' lang='grc' dir='ltr'><strong>ι</strong></span> <span class='ocrx_word' id='word_1_855' title='bbox 2237 5038 2382 5107; x_wconf 82' lang='lat' dir='ltr'><strong>quod</strong></span> <span class='ocrx_word' id='word_1_856' title='bbox 2410 5036 2592 5091; x_wconf 84' lang='lat' dir='ltr'><strong>omnia</strong></span> <span class='ocrx_word' id='word_1_857' title='bbox 2619 5035 2883 5090; x_wconf 88' lang='lat' dir='ltr'><strong>rationem</strong></span> <span class='ocrx_word' id='word_1_858' title='bbox 2906 5050 2969 5090; x_wconf 89' lang='lat' dir='ltr'><strong>ac</strong></span> <span class='ocrx_word' id='word_1_859' title='bbox 2993 5035 3405 5104; x_wconf 82' lang='lat' dir='ltr'><strong>proportionem.</strong></span> <span class='ocrx_word' id='word_1_860' title='bbox 3427 5052 3556 5092; x_wconf 85' lang='lat' dir='ltr'><strong>con-</strong></span> 
     </span>
    </p>
   </div>
   <div class='ocr_carea' id='block_1_109' title="bbox 2009 5127 3556 5196">
    <p class='ocr_par' dir='ltr' id='par_1_109' title="bbox 2009 5127 3556 5196">
     <span class='ocr_line' id='line_1_109' title="bbox 2009 5127 3556 5196; baseline -0.005 -8"><span class='ocrx_word' id='word_1_861' title='bbox 2009 5139 2232 5188; x_wconf 85' lang='lat' dir='ltr'><strong>servent</strong></span> <span class='ocrx_word' id='word_1_862' title='bbox 2279 5129 2344 5184; x_wconf 89' lang='lat' dir='ltr'><strong>ad</strong></span> <span class='ocrx_word' id='word_1_863' title='bbox 2398 5129 2744 5195; x_wconf 88' lang='lat' dir='ltr'><strong>universum;</strong></span> <span class='ocrx_word' id='word_1_864' title='bbox 2781 5127 3002 5182; x_wconf 87' lang='lat' dir='ltr'><strong>alteram</strong></span> <span class='ocrx_word' id='word_1_865' title='bbox 3029 5135 3208 5181; x_wconf 89' lang='lat' dir='ltr'><strong>autem</strong></span> <span class='ocrx_word' id='word_1_866' title='bbox 3231 5169 3254 5196; x_wconf 60' lang='grc' dir='ltr'><strong><em>γ</em></strong></span> <span class='ocrx_word' id='word_1_867' title='bbox 3277 5133 3336 5193; x_wconf 57' lang='grc' dir='ltr'><strong>»Ε</strong></span> <span class='ocrx_word' id='word_1_868' title='bbox 3374 5148 3396 5179; x_wconf 73' lang='grc' dir='ltr'><strong>ι</strong></span> <span class='ocrx_word' id='word_1_869' title='bbox 3424 5127 3556 5183; x_wconf 87' lang='lat' dir='ltr'><strong>nihil</strong></span> 
     </span>
    </p>
   </div>
   <div class='ocr_carea' id='block_1_110' title="bbox 431 5239 1901 5331">
    <p class='ocr_par' dir='ltr' id='par_1_110' title="bbox 431 5241 1878 5331">
     <span class='ocr_line' id='line_1_110' title="bbox 431 5241 1878 5331; baseline -0.009 -21"><span class='ocrx_word' id='word_1_870' title='bbox 431 5261 488 5320; x_wconf 61' lang='grc' dir='ltr'><strong>’Β</strong></span> <span class='ocrx_word' id='word_1_871' title='bbox 519 5255 575 5309; x_wconf 89' lang='grc' dir='ltr'><strong>Ρ.</strong></span> <span class='ocrx_word' id='word_1_872' title='bbox 613 5252 710 5308; x_wconf 84' lang='grc'><strong>601</strong></span> <span class='ocrx_word' id='word_1_873' title='bbox 760 5247 1164 5314; x_wconf 73' lang='lat' dir='ltr'><strong>EDJ’OTTER,</strong></span> <span class='ocrx_word' id='word_1_874' title='bbox 1193 5245 1317 5302; x_wconf 81' lang='lat'><strong>&#39;507</strong></span> <span class='ocrx_word' id='word_1_875' title='bbox 1371 5243 1478 5298; x_wconf 82' lang='grc' dir='ltr'><strong>ΕΙ).</strong></span> <span class='ocrx_word' id='word_1_876' title='bbox 1519 5241 1740 5300; x_wconf 79' lang='lat' dir='ltr'><strong>PARIS.</strong></span> 
     </span>
    </p>
   </div>
   <div class='ocr_carea' id='block_1_111' title="bbox 2001 5239 3078 5331">
    <p class='ocr_par' dir='ltr' id='par_1_111' title="bbox 2001 5239 3078 5312">
     <span class='ocr_line' id='line_1_111' title="bbox 2001 5239 3078 5312; baseline -0.006 -10"><span class='ocrx_word' id='word_1_877' title='bbox 2001 5246 2095 5302; x_wconf 74' lang='lat'><strong>502</strong></span> <span class='ocrx_word' id='word_1_878' title='bbox 2121 5247 2230 5302; x_wconf 82' lang='grc' dir='ltr'><strong>ΕΙ).</strong></span> <span class='ocrx_word' id='word_1_879' title='bbox 2259 5243 2552 5312; x_wconf 76' lang='grc' dir='ltr'>ΡΟΤΤΕΠ,</span> <span class='ocrx_word' id='word_1_880' title='bbox 2583 5243 2687 5299; x_wconf 82' lang='grc'><strong>508</strong></span> <span class='ocrx_word' id='word_1_881' title='bbox 2712 5241 2821 5299; x_wconf 87' lang='lat' dir='ltr'><strong>ED.</strong></span> <span class='ocrx_word' id='word_1_882' title='bbox 2847 5239 3078 5297; x_wconf 71' lang='lat' dir='ltr'><strong>PABIS.</strong></span> 
     </span>
    </p>
   </div>
   <div class='ocr_carea' id='block_1_112' title="bbox 405 5361 1892 5456">
    <p class='ocr_par' dir='ltr' id='par_1_112' title="bbox 405 5361 1892 5456">
     <span class='ocr_line' id='line_1_112' title="bbox 405 5361 1892 5456; baseline 0 0"><span class='ocrx_word' id='word_1_883' title='bbox 405 5367 536 5456; x_wconf 60' lang='grc'><strong>’(⁵7)</strong></span> <span class='ocrx_word' id='word_1_884' title='bbox 575 5369 733 5456; x_wconf 73' lang='grc' dir='ltr'><strong>Ἐρῶι</strong></span> <span class='ocrx_word' id='word_1_885' title='bbox 758 5369 882 5456; x_wconf 75' lang='lat'><strong>“0°.</strong></span> <span class='ocrx_word' id='word_1_886' title='bbox 914 5369 1393 5456; x_wconf 55' lang='lat' dir='ltr'><strong>ferrlPRlesE&#39;J&#39;L</strong></span> <span class='ocrx_word' id='word_1_887' title='bbox 1405 5363 1582 5456; x_wconf 46' lang='lat' dir='ltr'><strong>Pili&quot;.</strong></span> <span class='ocrx_word' id='word_1_888' title='bbox 1620 5361 1892 5456; x_wconf 58' lang='grc' dir='ltr'>Ἦὶθξὲί</span> 
     </span>
    </p>
   </div>
   <div class='ocr_carea' id='block_1_113' title="bbox 354 5431 1891 5514">
    <p class='ocr_par' dir='ltr' id='par_1_113' title="bbox 354 5431 1891 5514">
     <span class='ocr_line' id='line_1_113' title="bbox 354 5431 1891 5514; baseline -0.005 -19"><span class='ocrx_word' id='word_1_889' title='bbox 354 5431 477 5514; x_wconf 82' lang='lat' dir='ltr'><strong>quis</strong></span> <span class='ocrx_word' id='word_1_890' title='bbox 492 5431 691 5514; x_wconf 67' lang='lat' dir='ltr'><strong>tamen</strong></span> <span class='ocrx_word' id='word_1_891' title='bbox 713 5441 978 5514; x_wconf 54' lang='grc' dir='ltr'>ἐρωτήσει</span> <span class='ocrx_word' id='word_1_892' title='bbox 1015 5431 1184 5500; x_wconf 78' lang='lat' dir='ltr'><strong>malit,</strong></span> <span class='ocrx_word' id='word_1_893' title='bbox 1229 5449 1323 5505; x_wconf 89' lang='lat' dir='ltr'><strong>per</strong></span> <span class='ocrx_word' id='word_1_894' title='bbox 1345 5431 1430 5488; x_wconf 85' lang='lat' dir='ltr'><strong>me</strong></span> <span class='ocrx_word' id='word_1_895' title='bbox 1458 5434 1600 5514; x_wconf 73' lang='lat' dir='ltr'><strong>licet.</strong></span> <span class='ocrx_word' id='word_1_896' title='bbox 1633 5431 1891 5514; x_wconf 54' lang='lat' dir='ltr'><strong>Sirmium.</strong></span> 
     </span>
    </p>
   </div>
   <div class='ocr_carea' id='block_1_114' title="bbox 425 5501 1944 5584">
    <p class='ocr_par' dir='ltr' id='par_1_114' title="bbox 425 5501 1944 5584">
     <span class='ocr_line' id='line_1_114' title="bbox 425 5501 1944 5584; baseline -0.007 -18"><span class='ocrx_word' id='word_1_897' title='bbox 425 5513 536 5584; x_wconf 89' lang='lat'><strong>(68)</strong></span> <span class='ocrx_word' id='word_1_898' title='bbox 571 5515 641 5566; x_wconf 76' lang='lat' dir='ltr'><strong>Et</strong></span> <span class='ocrx_word' id='word_1_899' title='bbox 663 5501 921 5584; x_wconf 62' lang='lat' dir='ltr'><strong>dé&#39;xal&#39;.</strong></span> <span class='ocrx_word' id='word_1_900' title='bbox 1054 5501 1592 5584; x_wconf 65' lang='grc' dir='ltr'>προσμαρτρρῄρνει.</span> <span class='ocrx_word' id='word_1_901' title='bbox 1731 5503 1898 5584; x_wconf 67' lang='lat' dir='ltr'><strong>_lt_anc&#39;</strong></span> <span class='ocrx_word' id='word_1_902' title='bbox 1917 5530 1944 5544; x_wconf 61' lang='grc' dir='ltr'><strong>η</strong></span> 
     </span>
    </p>
   </div>
   <div class='ocr_carea' id='block_1_115' title="bbox 352 5571 1892 5649">
    <p class='ocr_par' dir='ltr' id='par_1_115' title="bbox 352 5571 1892 5649">
     <span class='ocr_line' id='line_1_115' title="bbox 352 5571 1892 5649; baseline -0.007 -12"><span class='ocrx_word' id='word_1_903' title='bbox 352 5571 674 5637; x_wconf 76' lang='lat' dir='ltr'><strong>sententiam</strong></span> <span class='ocrx_word' id='word_1_904' title='bbox 703 5579 1075 5649; x_wconf 86' lang='lat' dir='ltr'><strong>complendam</strong></span> <span class='ocrx_word' id='word_1_905' title='bbox 1092 5571 1306 5649; x_wconf 74' lang='lat' dir='ltr'><strong>aliquid</strong></span> <span class='ocrx_word' id='word_1_906' title='bbox 1337 5571 1639 5649; x_wconf 74' lang='lat' dir='ltr'><strong>desiderari</strong></span> <span class='ocrx_word' id='word_1_907' title='bbox 1661 5571 1892 5649; x_wconf 78' lang='lat' dir='ltr'><strong>videtur.</strong></span> 
     </span>
    </p>
   </div>
   <div class='ocr_carea' id='block_1_116' title="bbox 423 5641 1894 5722">
    <p class='ocr_par' dir='ltr' id='par_1_116' title="bbox 423 5641 1894 5722">
     <span class='ocr_line' id='line_1_116' title="bbox 423 5641 1894 5722; baseline -0.012 -11"><span class='ocrx_word' id='word_1_908' title='bbox 423 5653 536 5722; x_wconf 78' lang='lat'><strong>(69.)</strong></span> <span class='ocrx_word' id='word_1_909' title='bbox 565 5641 972 5722; x_wconf 57' lang='grc' dir='ltr'>Περιέποῇτος.</span> <span class='ocrx_word' id='word_1_910' title='bbox 1009 5641 1410 5722; x_wconf 67' lang='grc' dir='ltr'>Περιεπούσῆς,</span> <span class='ocrx_word' id='word_1_911' title='bbox 1449 5652 1509 5698; x_wconf 82' lang='grc' dir='ltr'><strong>ιιι</strong></span> <span class='ocrx_word' id='word_1_912' title='bbox 1547 5641 1862 5714; x_wconf 70' lang='grc' dir='ltr'>κωλυσάσης</span> <span class='ocrx_word' id='word_1_913' title='bbox 1879 5681 1894 5706; x_wconf 86' lang='grc'><strong>,</strong></span> 
     </span>
    </p>
   </div>
   <div class='ocr_carea' id='block_1_117' title="bbox 353 5717 1384 5795">
    <p class='ocr_par' dir='ltr' id='par_1_117' title="bbox 353 5717 1384 5795">
     <span class='ocr_line' id='line_1_117' title="bbox 353 5717 1384 5795; baseline -0.01 -18"><span class='ocrx_word' id='word_1_914' title='bbox 353 5717 694 5795; x_wconf 44' lang='lat' dir='ltr'><strong>autemid;</strong></span> <span class='ocrx_word' id='word_1_915' title='bbox 723 5719 912 5775; x_wconf 83' lang='lat' dir='ltr'><strong>melius</strong></span> <span class='ocrx_word' id='word_1_916' title='bbox 929 5717 1146 5792; x_wconf 39' lang='lat' dir='ltr'><strong>brel&#39;cr&#39;ri</strong></span> <span class='ocrx_word' id='word_1_917' title='bbox 1185 5725 1384 5786; x_wconf 83' lang='lat' dir='ltr'><strong>posset.</strong></span> 
     </span>
    </p>
   </div>
   <div class='ocr_carea' id='block_1_118' title="bbox 2069 5362 3556 5435">
    <p class='ocr_par' dir='ltr' id='par_1_118' title="bbox 2069 5362 3556 5435">
     <span class='ocr_line' id='line_1_118' title="bbox 2069 5362 3556 5435; baseline -0.002 -16"><span class='ocrx_word' id='word_1_918' title='bbox 2069 5366 2182 5435; x_wconf 83' lang='lat'><strong>(70)</strong></span> <span class='ocrx_word' id='word_1_919' title='bbox 2226 5367 2374 5420; x_wconf 81' lang='grc' dir='ltr'>Ἔτι.</span> <span class='ocrx_word' id='word_1_920' title='bbox 2419 5365 2560 5435; x_wconf 28' lang='grc' dir='ltr'>Ἔτι,</span> <span class='ocrx_word' id='word_1_921' title='bbox 2588 5378 2652 5435; x_wconf 85' lang='lat' dir='ltr'><strong>ea</strong></span> <span class='ocrx_word' id='word_1_922' title='bbox 2691 5362 2743 5416; x_wconf 86' lang='lat' dir='ltr'><strong>vi</strong></span> <span class='ocrx_word' id='word_1_923' title='bbox 2794 5377 2858 5420; x_wconf 85' lang='lat' dir='ltr'><strong>ac</strong></span> <span class='ocrx_word' id='word_1_924' title='bbox 2884 5369 3170 5435; x_wconf 72' lang='lat' dir='ltr'><strong>potestate</strong></span> <span class='ocrx_word' id='word_1_925' title='bbox 3192 5369 3556 5435; x_wconf 76' lang='lat' dir='ltr'><strong>usurpatum,</strong></span> 
     </span>
    </p>
   </div>
   <div class='ocr_carea' id='block_1_119' title="bbox 2000 5431 3556 5504">
    <p class='ocr_par' dir='ltr' id='par_1_119' title="bbox 2000 5431 3556 5504">
     <span class='ocr_line' id='line_1_119' title="bbox 2000 5431 3556 5504; baseline -0.003 -13"><span class='ocrx_word' id='word_1_926' title='bbox 2000 5431 2106 5504; x_wconf 79' lang='lat' dir='ltr'><strong>qua</strong></span> <span class='ocrx_word' id='word_1_927' title='bbox 2155 5431 2278 5490; x_wconf 78' lang='lat' dir='ltr'><strong>mox</strong></span> <span class='ocrx_word' id='word_1_928' title='bbox 2301 5473 2316 5498; x_wconf 84' lang='lat'><strong>,</strong></span> <span class='ocrx_word' id='word_1_929' title='bbox 2350 5437 2428 5499; x_wconf 79' lang='grc' dir='ltr'><strong>εἰς</strong></span> <span class='ocrx_word' id='word_1_930' title='bbox 2445 5434 2496 5488; x_wconf 88' lang='grc' dir='ltr'><strong>τί</strong></span> <span class='ocrx_word' id='word_1_931' title='bbox 2519 5433 2576 5488; x_wconf 78' lang='grc' dir='ltr'>δὲ</span> <span class='ocrx_word' id='word_1_932' title='bbox 2608 5433 2694 5486; x_wconf 69' lang='grc' dir='ltr'>ἔτι</span> <span class='ocrx_word' id='word_1_933' title='bbox 2730 5431 2973 5504; x_wconf 78' lang='grc' dir='ltr'>χρησίμη</span> <span class='ocrx_word' id='word_1_934' title='bbox 3017 5432 3050 5502; x_wconf 90' lang='grc' dir='ltr'><strong>ή</strong></span> <span class='ocrx_word' id='word_1_935' title='bbox 3088 5431 3345 5486; x_wconf 76' lang='grc' dir='ltr'>πολιτεία</span> <span class='ocrx_word' id='word_1_936' title='bbox 3370 5434 3405 5504; x_wconf 82' lang='grc' dir='ltr'><strong>ή</strong></span> <span class='ocrx_word' id='word_1_937' title='bbox 3437 5431 3556 5504; x_wconf 79' lang='grc' dir='ltr'>ὀρθ.</span> 
     </span>
    </p>
   </div>
   <div class='ocr_carea' id='block_1_120' title="bbox 2001 5505 3572 5646">
    <p class='ocr_par' dir='ltr' id='par_1_120' title="bbox 2001 5505 3572 5646">
     <span class='ocr_line' id='line_1_120' title="bbox 2001 5505 3572 5646; baseline -0.001 -16"><span class='ocrx_word' id='word_1_938' title='bbox 2001 5505 2303 5646; x_wconf 39' lang='lat' dir='ltr'><strong>afﬁngit;</strong></span> <span class='ocrx_word' id='word_1_939' title='bbox 2338 5569 2926 5646; x_wconf 49' lang='lat' dir='ltr'><strong>xwlddaqqoﬁonf.</strong></span> <span class='ocrx_word' id='word_1_940' title='bbox 2955 5587 3077 5644; x_wconf 64' lang='lat' dir='ltr'><strong>qua</strong></span> <span class='ocrx_word' id='word_1_941' title='bbox 3130 5569 3386 5642; x_wconf 67' lang='lat' dir='ltr'><strong>superi-us</strong></span> <span class='ocrx_word' id='word_1_942' title='bbox 3419 5570 3572 5629; x_wconf 68' lang='lat' dir='ltr'><strong>dixit.</strong></span> 
     </span>
    </p>
   </div>
   <div class='ocr_carea' id='block_1_121' title="bbox 1998 5639 2853 5712">
    <p class='ocr_par' dir='ltr' id='par_1_121' title="bbox 1998 5639 2853 5712">
     <span class='ocr_line' id='line_1_121' title="bbox 1998 5639 2853 5712; baseline -0.008 -10"><span class='ocrx_word' id='word_1_943' title='bbox 1998 5639 2186 5704; x_wconf 74' lang='lat' dir='ltr'><strong>auctor</strong></span> <span class='ocrx_word' id='word_1_944' title='bbox 2217 5639 2414 5700; x_wconf 71' lang='lat' dir='ltr'><strong>Strom.</strong></span> <span class='ocrx_word' id='word_1_945' title='bbox 2451 5660 2490 5711; x_wconf 87' lang='grc' dir='ltr'><strong>ι,</strong></span> <span class='ocrx_word' id='word_1_946' title='bbox 2517 5655 2570 5712; x_wconf 84' lang='lat' dir='ltr'><strong>p.</strong></span> <span class='ocrx_word' id='word_1_947' title='bbox 2600 5641 2725 5704; x_wconf 79' lang='grc'><strong>567.</strong></span> <span class='ocrx_word' id='word_1_948' title='bbox 2749 5639 2853 5697; x_wconf 79' lang='grc'><strong>568</strong></span> 
     </span>
    </p>
   </div>
  </div>
