3948 6310
493 381 630 437 1295
728 430 731 431 ν
1579 364 1963 423 CLEMENTIS
2017 363 2045 416 Α

2147 357 2481 415 ,ΧᾹΝῡΡιΙΝΙ
2948 366 2959 377 ⁹
3508 361 3617 418 1296

486 498 899 571 concupiscere;
942 512 962 545 ο
1007 502 1062 547 et
1090 492 1326 554 tertiam,
1355 508 1375 541 ι
1403 488 1539 544 nihil
1558 487 1772 550 odisse;
1802 506 1821 537 ι
1849 485 2043 541 volun-

2147 484 2378 556 ἐνεργεῖν
2407 479 2583 535 τοίνυν
2627 478 2785 532 αὐτὸν
2823 476 2919 541 τὰς
2945 476 3146 548 θλίψεις
3173 476 3363 531 οἴεσθαι
3396 479 3485 550 χρή
3503 496 3516 510 ·
3546 482 3623 552 (μὴ

489 564 600 648 tate
637 564 731 644 Dei
762 594 924 642 erunt
962 585 1126 639 etiam
1177 580 1479 651 supplicia:
1517 580 1659 651 quod
1691 578 1909 649 quidem
1940 576 2042 630 im-

2147 574 2248 644 γὰρ
2283 573 2365 643 εἴη
2393 570 2546 625 τοῦτο
2577 571 2771 624 ἐννοεῖν
2796 570 2832 639 !)
2862 567 2996 621 ἀλλά
3029 564 3101 639 μὴ
3138 566 3349 623 κωλύειν
3373 570 3479 635 τοὺς
3509 571 3628 643 ἐνερ-

487 674 645 754 νίιιιιι
670 687 751 735 est
784 677 1041 747 cogitare.
1082 674 1267 745 Neque
1290 672 1433 728 enim
1460 669 1721 726 Dominus
1748 681 1941 739 passus
1960 674 2044 721 est

2147 657 2386 726 γοῦντας,
2400 654 2689 710 πεπεῖσθαι
2715 656 3005 728 προσῆκεν,
3024 656 3378 728 καταχρῆσθαί
3395 675 3447 711 τε
3468 660 3533 722 εἰς
3551 676 3628 711 κα-

490 740 765 830 voluntate
788 740 987 835 Patris,
1022 781 1121 821 nec
1154 740 1250 836 qui
1285 764 1564 835 patiuntur
1589 760 2041 831 persecutionem.

2147 751 2230 804 λον
2258 754 2369 815 τοῖς
2403 750 2511 804 τῶν
2541 750 2790 804 ἐναντίων
2821 749 3153 820 τολμήμασιν
3173 766 3187 780 ο
3222 769 3241 801 ι
3273 750 3480 804 Καθελῶ
3504 740 3628 821 γοῦν,

488 883 609 923 eam
636 864 731 921 Dei
750 862 1025 919 voluntate
1046 858 1345 930 patiuntur.
1378 853 1514 908 Nam
1540 869 1607 909 ex
1649 851 1867 907 duobus
1909 850 2045 905 alte-

2147 848 2298 919 φησὶ,
2333 846 2422 901 τὸν
2444 850 2618 918 τοῖχον
2643 845 2754 917 (72)
2773 886 2788 909 ,
2832 846 2927 900 καὶ
2956 845 3103 900 ἔσται
3130 846 3204 909 είς
3231 843 3582 915 καταπάτημα’
3610 864 3626 897 ι

489 973 645 1014 rum:
668 963 763 1012 aut
791 955 994 1010 bonum
1026 949 1156 1020 quid
1184 947 1289 1004 erit
1326 945 1665 1017 persecutio,
1696 952 1916 1013 propter
1949 939 2043 995 Dei

488 1050 845 1112 voluntatem,
906 1051 998 1099 aut
1036 1051 1197 1097 erunt
1240 1040 1482 1095 insontes
1519 1036 1613 1106 qui
1660 1036 1958 1091 decernunt
1990 1042 2046 1088 et

491 1141 755 1210 aﬁligunt.
786 1134 892 1191 Sed
921 1142 1098 1189 tamen
1125 1130 1262 1185 nihil
1286 1129 1346 1183 ﬁt
1372 1128 1496 1183 sine
1516 1127 1794 1183 voluntate
1827 1124 2043 1179 Domini

491 1231 895 1287 universorum.
921 1224 1108 1281 Restat
1126 1222 1326 1291 itaque,
1343 1228 1404 1275 ut
1420 1219 1653 1274 breviter
1667 1218 1931 1284 dicamus,
1954 1231 2042 1280 ea,

492 1338 613 1394 quae
642 1327 772 1377 sunt
799 1315 1132 1387 hujusmodi,
1161 1312 1397 1375 evenire,
1432 1310 1676 1373 Deonon
1701 1309 2040 1380 prohibente.

490 1417 607 1471 Hoc
618 1413 763 1470 enim
787 1411 964 1468 solum
990 1416 1169 1474 servat
1188 1413 1241 1460 et
1265 1402 1655 1475 providentiam
1680 1409 1732 1456 et
1748 1399 2042 1455 bonitatem

488 1506 603 1562 Dei.
655 1502 776 1559 Non
815 1511 900 1558 est
934 1515 1064 1571 ergo
1103 1495 1543 1558 existimandum,
1594 1508 1718 1548 eum
1771 1491 2045 1562 operando

487 1601 694 1657 ellicere
740 1595 1058 1652 aﬂlictiones
1107 1591 1284 1663 (absit
1309 1590 1476 1653 enim,
1506 1598 1564 1643 ut
1586 1589 1688 1644 hoc
1720 1588 1804 1641 vel
1845 1588 2047 1656 cogite-

489 1693 667 1759 mus),
691 1687 785 1744 sed
812 1702 919 1741 non
949 1683 1235 1755 prohibere
1256 1695 1373 1744 eos,
1399 1678 1493 1748 qui
1514 1693 1607 1733 eas
1637 1676 1893 1740 elliciunt,
1925 1690 2045 1745 per-

2147 1677 2392 1749 καθάπερ
2427 1676 2520 1729 καὶ
2541 1674 2611 1729 τὰ
2632 1675 2777 1746 ἔθνη,
2804 1674 2871 1728 τὰ
2906 1676 2981 1745 μὴ
3010 1673 3188 1728 εἰδότα
3215 1672 3301 1725 τὸν
3327 1671 3504 1744 Κύριον
3521 1669 3607 1741 (75)
3624 1684 3638 1700 ·

490 1797 710 1841 suasum
754 1779 952 1835 habere
987 1774 1275 1840 convenit,
1310 1770 1565 1842 quodque
1608 1769 2041 1841 adversariorum

2147 1770 2207 1823 τὸ
2232 1768 2305 1841 μὴ
2351 1767 2694 1839 ὑπερϐαίνειν
2732 1767 2825 1819 καὶ
2852 1765 3188 1818 πλεονεκτεῖν
3219 1764 3275 1816 ὲν
3312 1761 3384 1833 τῷ
3407 1761 3642 1833 πράγματι

489 1871 824 1930 facinoribus
850 1877 1038 1923 utatur
1090 1866 1157 1921 ad
1201 1865 1406 1920 bonum
1456 1876 1523 1917 ex
1572 1861 1640 1916 iis
1680 1859 2039 1916 eliciendum:

2147 1862 2233 1914 τὸν
2264 1860 2488 1929 ἀδελφὸν
2512 1859 2675 1913 αὑτοῦ
2694 1899 2709 1923 ,
2736 1857 2866 1911 διότι
2896 1856 3105 1920 ἔκδικος
3128 1858 3155 1910 ὁ
3182 1855 3374 1927 Κύριος
3402 1856 3513 1924 περὶ⁵
3537 1853 3643 1907 πάν-

496 1984 514 2019 (
544 1964 851 2027 Destruam,
889 1959 1086 2028 inquit,
1111 1970 1352 2021 murum,
1386 1963 1441 2008 et
1473 1951 1575 2007 erit
1604 1952 1659 2005 in
1682 1950 2045 2006 conculcatio-

2147 1973 2254 2008 των
2290 1954 2491 2007 τούτων
2513 1968 2528 1983 ’
2577 1950 2756 2015 καθὼς
2782 1952 2876 2004 καὶ
2918 1948 3247 2021 προείπομεν
3284 1949 3421 2018 ὑμῖν,
3460 1946 3540 2000 καὶ
3557 1946 3641 1999 διε.

490 2072 615 2119 nem
646 2068 706 2109 ιε
748 2073 766 2105 ι
812 2052 977 2122 218
1008 2050 1146 2106 solet
1183 2049 1329 2103 enim
1383 2047 1484 2101 hac
1529 2053 1645 2099 arte
1697 2059 1797 2098 nos
1832 2042 2045 2098 erudire

2149 2044 2560 2117 μαρτυράμεθα.
2589 2044 2663 2096 Οὐ
2688 2041 2797 2113 γὰρ
2820 2041 3073 2095 ἐκάλεσεν
3100 2039 3285 2110 ἡμᾶςό
3311 2037 3432 2101 Θεὸς
3454 2038 3531 2089 ἐπὶ
3542 2037 3644 2089 ἀκα-

487 2145 863 2220 providentia:
897 2144 953 2199 in
980 2142 1103 2198 aliis
1140 2140 1356 2211 quidem
1399 2146 1618 2208 propter
1648 2151 1745 2191 sua
1791 2135 2045 2190 uniuscu-

2147 2138 2370 2208 θαρσία,
2417 2135 2527 2203 ἀλλῖ
2560 2137 2616 2188 ὲν
2656 2132 2924 2204 ἁγιασμῷ.
2956 2130 3255 2203 Τοιγαροῦν
3286 2131 3314 2182 ὁ
3354 2128 3535 2184 ἀθετῶν
3569 2129 3644 2183 οὐκ

485 2241 684 2313 jusque
756 2245 1008 2310 peccata;
1064 2235 1121 2289 in
1176 2232 1405 2287 Domino
1449 2238 1626 2286 autem
1680 2239 1734 2283 et
1788 2226 2045 2296 apostolis

2147 2231 2422 2301 ἄνθρωπον
2459 2228 2675 2292 ἀθετεῖ,
2723 2226 2855 2280 ἀλλά
2900 2226 2990 2280 τὸν
3014 2224 3149 2279 Θεὸν
3168 2264 3184 2289 ,
3225 2223 3312 2276 τὸν
3341 2225 3427 2277 καὶ
3451 2222 3645 2275 δόντατδ

487 2342 706 2404 propter
727 2338 935 2388 nostra.
969 2327 1089 2383 )am
1108 2341 1235 2382 vero
1264 2324 1481 2380 divinus
1507 2319 1831 2389 Apostolus:
1869 2337 1886 2369 ι
1924 2316 2045 2371 Haec

2147 2322 2367 2392 Πνεῦμα
2400 2320 2562 2375 αὑτοῦ
2601 2319 2663 2373 τὸ
2707 2319 2859 2387 ἆγιον
2905 2320 2983 2382 είς
3023 2318 3169 2388 ὑμᾶς
3195 2315 3319 2385 (76).
3361 2334 3378 2368 ι
3413 2315 3502 2368 Διὰ
3524 2314 3647 2368 τοῦτο

490 2403 634 2482 enim
661 2432 766 2491 est,
792 2421 988 2490 inquit,
1017 2417 1115 2473 Dei
1146 2417 1421 2479 voluntas,
1453 2410 1813 2469 sanctiﬁcatio
1846 2403 2042 2470 vestra,

2152 2412 2243 2470 οὖν
2276 2415 2366 2468 τὸν
2393 2414 2660 2485 ἀγιασμὺν
2686 2412 2795 2483 (77)
2832 2412 2987 2483 ἡμῶν
3031 2412 3134 2464 οὐκ
3183 2408 3414 2477 ἐκωλύθη
3440 2406 3597 2459 παθεῖν
3625 2407 3647 2459 ὁ

490 2525 552 2572 ut
579 2529 679 2571 vos
718 2508 1035 2574 abstineatis
1062 2522 1093 2562 a
1126 2503 1503 2568 fornicatione,
1524 2510 1575 2555 et
1597 2500 1731 2556 sciat
1757 2498 2045 2568 unusquis-

2148 2507 2459 2579 Κύριος-Εἰ
2498 2505 2695 2562 τοίνυν,
2728 2501 3159 2573 ἀπολογούμενός
3183 2518 3265 2565 τις
3306 2499 3497 2561 αὑτῶν,
3533 2497 3647 2565 λέγοι

489 2620 597 2676 que
619 2610 858 2658 vestrum
883 2614 977 2654 vas
1002 2610 1160 2652 suum
1195 2592 1473 2664 possidere
1518 2591 1571 2644 in
1618 2588 2045 2645 sanctiﬁcatione

2147 2596 2462 2662 κολάζεσθαι
2508 2596 2604 2667 μὲν
2631 2596 2720 2648 τὸν
2751 2594 3001 2667 μάρτυρα
3032 2592 3124 2645 διὰ
3147 2591 3246 2655 τὰς
3286 2591 3388 2663 πρὸ
3414 2588 3552 2660 τῆσδε
3573 2587 3648 2656 τῆς

489 2708 545 2755 et
571 2698 797 2760 honore,
824 2691 1007 2747 nonin
1047 2687 1327 2744 aﬁeetione
1349 2683 1694 2753 cupiditatis,
1745 2681 1887 2735 sicut
1915 2693 2045 2749 gen-

2148 2687 2581 2759 ὲνσωματώσεως
2623 2687 2922 2759 ἁμαρτίας,
2964 2685 3054 2738 τὸν
3101 2684 3314 2754 καρπὸν
3347 2682 3400 2735 δὲ
3432 2682 3517 2753 τῆς
3540 2677 3649 2733 κατὰ

490 2799 597 2856 tes,
625 2801 745 2858 quae
769 2800 874 2840 non
923 2789 1120 2837 norunt
1153 2777 1472 2844 Dominum;
1500 2786 1554 2830 et
1592 2790 1699 2829 non
1740 2772 2045 2842 exsuperet,

2147 2782 2294 2837 τόνδε
2326 2783 2415 2833 τὸν
2442 2779 2554 2851 βίον
2584 2780 2855 2842 πολιτείας
2895 2774 3051 2840 αὖθις
3098 2774 3486 2848 ἀπολήψεσθαι·
3542 2770 3649 2824 οὕτω

490 2891 545 2938 et
591 2895 687 2952 per
712 2875 991 2933 avaritiam
1024 2869 1434 2928 circumscribat
1478 2869 1533 2923 in
1586 2865 1799 2937 negotio
1827 2863 2045 2919 fratrem

2149 2876 2253 2946 γὰρ
2294 2872 2637 2943 διατετάχθαι
2675 2871 2771 2943 τὴν
2827 2870 3119 2942 διοίκησιν·
3173 2865 3465 2938 πευσόμεθα
3500 2860 3648 2924 αὐτοῦ,

492 2989 674 3039 suum,
701 2970 958 3042 quoniam
1000 2965 1191 3021 vindex
1244 2971 1327 3018 est
1377 2961 1640 3017 Dominus
1694 2960 1888 3013 horum
1937 2971 2045 3012 om-

2147 2969 2195 3021 εί
2224 2971 2287 3023 ὲκ
2310 2966 2565 3037 προνοίας
2590 2965 2798 3033 γίνεται
2827 2966 2859 3035 ἡ
2885 2961 3255 3026 ἀνταπόδοσις.
3282 2961 3344 3013 El
3373 2958 3462 3030 μὲν
3485 2956 3574 3026 γὰρ
3594 2952 3650 3024 μὴ

492 3069 673 3134 nium;
708 3064 850 3121 sicut
888 3061 1050 3117 etiam
1094 3057 1249 3111 vobis
1291 3053 1637 3125 praediximus
1682 3061 1739 3105 et
1775 3045 2045 3104 testiﬁcati

2148 3059 2229 3131 εἴη
2276 3060 2375 3131 τῆς
2412 3057 2559 3122 θείας
2600 3058 2949 3129 διοικήσεως,
2988 3057 3252 3127 οῖχεταιή
3293 3049 3544 3120 οἰκονομία
3568 3044 3651 3100 τῶν

492 3174 702 3218 sumus.
729 3154 849 3211 Non
870 3154 1018 3209 enim
1044 3150 1258 3205 vocavit
1289 3164 1388 3202 nos
1407 3145 1545 3199 Deus
1571 3153 1789 3213 propter
1817 3143 2045 3197 inimum

2148 3150 2487 3222 καθαρσίων,
2518 3151 2611 3203 καὶ
2645 3149 2932 3202 πέπτωκεν
2970 3150 3003 3220 ἡ
3039 3146 3294 3210 ὑπόθεσις
3324 3146 3521 3205 αὐτοῖς’
3552 3141 3590 3192 εί
3610 3137 3652 3190 δι

490 3254 700 3315 ditiam,
746 3248 841 3305 sed
886 3246 941 3301 in
984 3241 1432 3300 sanctiﬁcatione.
1482 3238 1667 3307 Itaque
1688 3237 1781 3306 qui
1818 3234 2042 3305 spernit,

2148 3242 2211 3295 ἐκ
2236 3217 2487 3315 προνοίας
2510 3239 2578 3293 τά
2608 3237 2908 3311 καθάρσια,
2955 3217 3019 3290 ἐκ
3060 3234 3319 3307 προνοίας
3347 3232 3435 3287 καὶ
3457 3230 3507 3283 αἱ
3528 3223 3653 3281 κολά-

2148 939 2489 1011 παιδευτικῆς
2541 940 2733 1010 τέχνης
2770 938 2871 1009 τῆς
2916 937 3090 991 τοιάδε
3139 935 3300 1006 αὐτῆς
3344 933 3489 1004 οὔσης
3530 951 3634 1004 προ-

2145 1032 2291 1096 νοίας
2317 1031 2427 1103 (7³5)
2450 1048 2463 1061 ο
2504 1030 2596 1084 ἐπὶ
2640 1030 2738 1100 μὲν
2776 1029 2882 1083 τῶν
2909 1028 3079 1083 ἄλλων
3104 1026 3187 1081 διὰ
3221 1026 3312 1090 τὰς
3335 1027 3515 1090 οἰκείας
3536 1027 3636 1083 ἑκά-

2146 1140 2270 1176 στου
2301 1121 2601 1193 ἁμαρτίας,
2643 1119 2735 1175 ἐπὶ
2760 1120 2818 1173 δὲ
2846 1120 2940 1173 τοῦ
2970 1118 3170 1189 Κυρίου
3197 1118 3287 1172 καὶ
3327 1117 3424 1170 τῶν
3446 1118 3634 1172 ἀποστό-

2144 1213 2249 1267 λων
2289 1212 2374 1267 διά
2432 1211 2530 1276 τὰς
2588 1212 2763 1283 ἡμῶν.
2817 1211 3023 1265 Αὐτίκα
3075 1213 3103 1264 ὁ
3149 1210 3282 1273 θεῖος
3339 1208 3632 1273 Ἀπόστολος·

2150 1325 2169 1358 ι
2210 1306 2377 1361 Τοῦτο
2399 1306 2507 1377 γάρ
2535 1307 2650 1358 ἐστι
2674 1304 2734 1357 τὸ
2762 1302 2872 1374 (74)
2904 1302 3113 1373 θέλημα
3141 1301 3231 1355 τοῦ
3262 1300 3403 1365 Θεοῦ,
3441 1319 3459 1352 ι
3489 1301 3635 1371 φησιν,

2150 1416 2169 1449 ι
2199 1400 2228 1451 ὁ
2269 1397 2532 1467 ἁγιασμὸς
2572 1397 2752 1467 ὑμῶν,
2785 1395 3080 1467 ἀπέχεσθαι
3118 1395 3257 1464 ὑμᾶς
3296 1393 3394 1447 ἀπὸ
3422 1394 3508 1464 τῆς
3530 1410 3637 1465 πορ-

2145 1490 2320 1553 νείας,
2358 1488 2554 1542 εἰδέναι
2591 1488 2815 1541 ἕκαστον
2844 1486 2996 1557 ὑμῶν
3033 1486 3093 1539 τὸ
3126 1484 3309 1539 ἑαυτοῦ
3340 1483 3507 1547 σκεῦος
3532 1486 3637 1538 κτᾶ-

2148 1584 2266 1638 σθαι
2314 1586 2369 1637 ὲν
2411 1580 2666 1652 ἁγιασμῷ
2693 1581 2785 1634 καὶ
2817 1583 2970 1651 τιμῇ,
3008 1581 3083 1651 μὴ
3116 1582 3172 1632 ὲν
3199 1576 3349 1631 πάθει
3379 1576 3638 1647 ἐπιθυμίας,

492 3364 601 3405 non
629 3345 901 3402 hominem
927 3339 1155 3411 spernit,
1209 3335 1304 3391 sed
1349 3332 1550 3396 Deum,
1577 3329 1672 3401 qui
1717 3328 1865 3383 dedit
1891 3326 2047 3381 vobis

494 3440 757 3511 Spiritum
782 3449 941 3492 suum
971 3439 1218 3488 sanctum
1242 3428 1291 3482 ι).
1319 3446 1336 3477 ι
1359 3424 1585 3492 Propter
1609 3422 1752 3475 hanc
1765 3433 1894 3490 ergo
1920 3433 2047 3473 san-

493 3507 875 3589 ctillcationem
905 3533 1146 3579 nostram
1199 3534 1304 3573 non
1330 3515 1632 3588 prohibitus
1669 3511 1771 3566 luit
1802 3509 1909 3580 pati
1939 3507 2051 3564 Du-

495 3627 697 3681 minus.
741 3619 800 3677 Si
830 3618 957 3691 quis
978 3625 1156 3671 autem
1182 3627 1251 3667 ex
1283 3610 1362 3666 eis
1385 3605 1739 3677 respondens,
1775 3604 1921 3658 dicat
1948 3617 2046 3673 pu-

494 3719 599 3775 niri
626 3714 845 3788 quidem
887 3719 1181 3781 martyrem
1227 3711 1446 3775 propter
1491 3707 1708 3769 peccata
1749 3711 1873 3767 quae
1918 3703 2048 3751 sunt

494 3782 730 3864 admissa
770 3812 896 3857 ante
925 3801 1065 3854 hanc
1121 3797 1175 3850 in
1218 3806 1425 3862 corpus
1474 3788 1886 3856 migrationem;
1941 3782 2050 3839 fru-

494 3909 640 3954 ctum
684 3906 864 3950 autem
888 3889 1114 3960 posthac
1138 3900 1261 3941 esse
1311 3892 1689 3952 perceptarum
1736 3877 1892 3941 vitae,
1925 3891 2048 3946 quae

496 3991 586 4045 hic
638 3995 758 4041 acta
806 3980 1005 4035 fuerit:
1054 3978 1134 4031 sic
1176 3974 1323 4029 enim
1372 3970 1722 4027 constitutam
1777 3981 1899 4022 esse
1954 3966 2049 4019 ad-

2148 3350 2279 3397 σεις.
2315 3332 2381 3386 Ἦ
2404 3332 2625 3403 πρόνοια
2648 3332 2724 3396 δὲ,
2760 3332 2807 3383 εί
2836 3331 2929 3383 καὶ
2954 3328 3061 3383 ἀπὸ
3082 3328 3181 3383 τοῦ
3210 3328 3471 3399 ἄρχοντος,
3496 3321 3560 3383 ὡς
3580 3318 3656 3387 φά-

2146 3442 2253 3489 ναι,
2281 3423 2541 3478 κινεῖσθαι
2557 3423 2800 3496 ἄρχεται,
2826 3422 2939 3474 ἀλλ’
2966 3419 3350 3492 ὲγκατεσπάρη
3366 3418 3477 3477 ταῖς
3492 3408 3655 3472 obsim;

2150 3518 2246 3570 σὺν
2278 3517 2374 3569 καὶ
2414 3517 2479 3586 τῇ
2513 3513 2621 3568 τῶν
2661 3511 2855 3566 οὐσιῶν
2894 3512 3102 3580 γενέσει
3147 3509 3284 3582 πρὸς
3317 3505 3404 3561 τοῦ
3434 3504 3527 3558 τῶν
3553 3500 3656 3554 ὅλων

2147 3606 2301 3660 Θεοῦ.
2332 3599 2430 3658 Ὧν
2456 3605 2625 3668 οὕτως
2652 3604 2882 3674 ἐχόντων
2901 3643 2914 3666 ,
2956 3602 3168 3672 ἀνάγκη
3206 3598 3472 3672 ὁμολογεῖν
3503 3589 3657 3650 αὐτοὺς

2149 3697 2182 3768 ἢ
2205 3697 2303 3768 τὴν
2331 3696 2547 3750 κόλασιν
2582 3694 2655 3766 μὴ
2683 3692 2817 3748 εἶναι
2845 3693 3046 3754 ἄδικον,
3094 3693 3190 3745 καὶ
3234 3683 3658 3758 δικαιοπραγοῦσιν

2149 3789 2198 3841 οί
2249 3784 2693 3851 καταδικάζοντες
2723 3787 2814 3837 καὶ
2839 3783 3123 3846 διώκοντες
3168 3782 3294 3846 τοὺς
3344 3771 3656 3852 μάρτυρας·ῆ

2149 3881 2214 3933 ἐκ
2234 3878 2528 3950 θελήματος
2548 3875 2880 3948 ἐνεργεῖσθαι
2894 3875 2988 3929 τοῦ
3003 3874 3137 3928 Θεοῦ
3162 3874 3390 3935 καὶτοὺς
3417 3866 3660 3939 διωγμούς.

2153 3971 2264 4024 οὐκ
2294 3970 2371 4022 ἔτι
2404 3966 2496 4022 οὖν
2526 3969 2554 4021 ὁ
2577 3968 2736 4031 πόνος
2765 3969 2856 4021 καὶ
2880 3969 2908 4020 ὁ
2948 3966 3130 4034 φόϐος,
3163 3967 3242 4031 ὡς
3270 3964 3417 4018 αὐτοὶ
3442 3961 3662 4026 λέγουσιν,

495 4073 985 4136 ministrationem:
1015 4082 1138 4123 eum
1174 4063 1486 4134 rogabimus
1536 4076 1605 4114 an
1635 4056 1918 4113 retributio
1957 4056 2045 4109 liat

2151 4060 2529 4132 ὲπισυμϐαίνει
2570 4064 2682 4124 τοῖς
2729 4060 3048 4131 πράγμασιν
3088 4059 3164 4123 ὡς
3197 4062 3227 4113 ό
3261 4060 3334 4122 ἰὸς
3375 4057 3448 4128 τῷ
3482 4054 3661 4123 σιδήρῳ,

494 4188 560 4230 ex
611 4164 966 4241 providentia.
992 4158 1127 4215 Nam
1151 4158 1195 4213 si
1224 4155 1440 4226 quidem
1461 4166 1568 4207 non
1585 4148 1747 4205 fuerit
1769 4162 1836 4202 ex
1867 4147 2045 4202 divina

2154 4152 2263 4207 ἀλλ’
2293 4154 2355 4206 ὲκ
2392 4151 2688 4223 βουλήσεως
2723 4150 2856 4214 ἰδίας
2891 4150 3259 4223 προσέρχεται
3299 4151 3362 4220 τῇ
3411 4148 3554 4217 ψυχῇ.
3579 4139 3666 4194 Καὶ

406 4328 419 4335 _
495 4239 986 4322 administratione,
1036 4249 1178 4322 perit
1201 4243 1487 4307 consilium
1516 4249 1572 4297 et
1609 4239 1940 4309 dispensatio
1964 4252 2045 4294 ex-

2156 4244 2283 4314 περὶ
2312 4244 2408 4314 μὲν
2436 4244 2637 4297 τούτων
2663 4241 2829 4306 πολὺς
2852 4245 2880 4296 ὁ
2911 4243 3086 4311 λόγος,
3108 4244 3231 4296 ὅσον
3265 4244 3322 4295 ὲν
3355 4239 3545 4310 ὑστέρῳ
3570 4249 3668 4288 σιω-

496 4353 774 4430 piationis,
793 4357 848 4406 et
870 4349 951 4404 eis
976 4359 1075 4402 sua
1118 4340 1320 4397 excidit
1369 4335 1703 4409 hypothesis.
1769 4332 1827 4388 Si
1870 4342 2045 4389 autem

2158 4336 2278 4389 πεῖν
2300 4334 2646 4389 ἀποκείσεται
2675 4334 2813 4389 κατά
2843 4332 3031 4406 καιρὸν
3055 4333 3515 4405 διαλαμϐάνουσιν.

498 4422 530 4511 a
574 4445 907 4524 providentia
952 4448 1080 4498 sunt
1130 4436 1500 4524 expiationes,
1554 4437 1684 4487 sunt
1730 4428 2041 4500 punitiones
2088 4444 2305 4500 quoque
2344 4444 2409 4485 ex
2457 4431 2816 4499 providentia.
2877 4428 3218 4483 Providentia
3268 4434 3480 4491 autem,
3516 4422 3603 4481 etsi
3642 4437 3667 4477 ι

498 4516 766 4619 principe,
788 4550 849 4594 ut
864 4529 1371 4597 itadicam,moverl
1395 4523 1605 4592 incipit,
1625 4520 1861 4578 immista
1900 4528 2085 4573 tamen
2129 4528 2215 4574 est
2273 4529 2329 4575 et
2356 4520 2516 4577 insita
2550 4520 2603 4574 in
2635 4517 2973 4583 substantiis,
3009 4531 3266 4571 unaecum
3291 4516 3516 4585 ipsarum
3540 4524 3671 4584 gena

499 4604 750 4702 ratione,
802 4647 898 4704 per
947 4628 1118 4684 Deum
1193 4622 1592 4678 universorum.
1647 4615 1780 4684 Quae
1826 4630 1953 4671 cum
2006 4614 2078 4668 ita
2132 4613 2403 4680 habeant,
2466 4628 2687 4670 necesse
2731 4622 2815 4668 est
2862 4621 2924 4666 ut
2976 4609 3077 4681 ipsi
3126 4609 3427 4674 fateantur,
3469 4604 3542 4661 vel
3584 4616 3670 4657 non

499 4748 621 4791 esse
662 4702 923 4800 injustam
979 4718 1352 4791 punitionem;
1406 4723 1462 4769 et
1513 4721 1627 4766 tum
1672 4718 1820 4764 recte
1870 4709 2126 4779 justeque
2181 4714 2239 4772 ἧς
2274 4724 2332 4766 se
2376 4718 2602 4779 gerunt,
2656 4706 2749 4776 qui
2799 4704 3162 4760 condemnant
3215 4712 3269 4758 et
3322 4702 3672 4772 persequuntur

501 4832 799 4895 martyres;
849 4822 944 4871 aut
991 4827 1058 4867 ex
1107 4808 1203 4864 Dei
1241 4807 1519 4863 voluntate
1570 4802 1811 4858 exerceri
1854 4800 2281 4871 persecutiones.
2332 4798 2451 4855 Non
2505 4800 2694 4869 utique
2724 4812 2854 4869 ergo
2888 4796 3042 4851 labor
3082 4804 3137 4851 et
3185 4804 3362 4850 metus
3392 4791 3541 4846 rebus
3560 4782 3673 4841 acci-

1696 4892 1705 4895 Α
1995 4893 2003 4895 .
2337 4893 2345 4895 .
2509 4891 2522 4895 -
2906 4888 2938 4895 --
3051 4888 3062 4895 .
3170 4887 3182 4895 .
3390 4880 3422 4895 Α
3470 4879 3486 4895 ι
3538 4877 3576 4895 ι-
3606 4872 3671 4895 ιι-

498 4917 598 4982 dit,
631 4872 692 4969 ut
739 4872 843 4982 ipsi
889 4907 1101 4972 dicunt,
1131 4911 1390 4972 tanquam
1441 4896 1636 4967 rubigo
1685 4892 1869 4959 ferro,
1916 4893 2009 4949 sed
2050 4908 2117 4948 ex
2169 4893 2384 4963 propria
2439 4891 2717 4946 voluntate
2760 4888 2969 4946 accedit
2998 4888 3064 4943 ad
3095 4887 3355 4942 animam.
3388 4879 3489 4939 Sed
3524 4872 3673 4933 dehis

499 4998 716 5081 quidem
762 5003 931 5061 multa
962 5006 1314 5057 reservantur
1361 4992 1607 5059 dicenda,
1635 5005 1756 5062 qua:
1793 4990 2017 5059 posthac
2035 5004 2137 5045 suo
2163 4997 2402 5059 tempore
2427 4988 2837 5044 tractabuntur.

1911 5122 2142 5183 CAPUT
2177 5125 2317 5183 XIII.

1308 5222 1313 5225 ⁷
1394 5226 1656 5283 Valentini
1686 5226 1890 5281 nwnias
1912 5223 1977 5277 de
2005 5223 2187 5279 mortis
2213 5222 2491 5278 abolitione
2515 5221 2803 5292 redarguit.
3664 5248 3665 5251 η

585 5329 902 5413 Valentinus
931 5338 1108 5384 autem
1137 5328 1193 5382 in
1231 5323 1467 5398 quadam
1505 5320 1728 5376 homilia
1762 5317 1956 5373 scribit
1975 5316 2045 5373 hit

2216 5315 2579 5390 ,Οὐαλεντῖνος
2614 5291 2757 5369 δείεν
2794 5329 2897 5365 τινι
2924 5308 3105 5382 ὁμιλία⁸
3137 5304 3275 5361 κατά
3317 5300 3453 5368 λέξιν
3482 5291 3670 5368 γράφει·

520 5444 525 5519 ἶ
598 5454 658 5514 >14
686 5445 750 5505 Ρ.
781 5441 885 5499 605
910 5439 1017 5496 ED.
1050 5433 1346 5503 PO'I'TBR,
1372 5433 1477 5492 509
1513 5433 1621 5488 ED.
1659 5429 1888 5486 PARIS.
1967 5441 1993 5470 ι
2018 5427 2045 5483 ιε

2150 5445 2207 5505 v.
2229 5430 2281 5486 5.
2358 5431 2386 5470 ι’
2417 5430 2438 5484 I
2466 5426 2692 5498 Thess,
2723 5444 2798 5493 iv,
2827 5427 2951 5494 3,4,
2988 5426 3043 5491 5,
3086 5422 3140 5491 6,
3179 5420 3232 5489 7,
3258 5418 3312 5474 8.

521 5622 527 5626 _
574 5566 686 5636 (72)
721 5563 945 5636 Tojxor.
986 5557 1089 5636 [εει.
1119 5558 1385 5636 “ﬁcum
1415 5551 1599 5636 αυτοῦ.
1628 5551 1691 5603 Δ.
1730 5548 2023 5636 ξηαπς.-

2240 5548 2352 5636 £Z§2
2386 5549 2634 5636 ειξριρνε.
2668 5541 3159 5636 “sepse-.33;

510 5622 527 5656 -’
576 5611 688 5707 i553
724 5611 1088 5707 ﬁgam.
1127 5611 1327 5707 αὖτῆξ
1369 5623 1565 5691 οῠάης
1589 5614 2045 5707 uerbenas?

2240 5611 2351 5707 $292
2389 5611 2492 5707 εις
2515 5615 2689 5707 sees.-
2718 5617 2817 5703 me
2838 5615 3011 5707 ήμέιξι
3035 5611 3166 5707 νεά·

506 5681 715 5760 τοῖέσέε
1122 5681 1393 5774 προνοίας,
1428 5711 1447 5743 ι
1479 5681 1601 5747 cuin
1626 5681 1771 5747 'talis
1797 5703 1861 5743 ea
1883 5681 2045 5756 provi-

2203 5760 2218 5774 ,
2382 5681 2483 5774 Antii
2517 5681 2690 5740 τοῦτο
2748 5681 3011 5742 οὖν”τὼο
3042 5682 3136 5751 ἀγ.

510 5756 705 5832 duritia
724 5756 792 5826 sit
811 5756 899 5827 ars
932 5756 1281 5824 instituto'ria.
1296 5783 1313 5815 ι
1350 5756 1612 5818 Summa.

2170 5756 2260 5814 τὸν
2285 5758 2375 5825 ἀγ.
2410 5756 2666 5813 Svusvac.
2771 5782 2779 5789 ο

584 5845 692 5913 (74)
738 5845 825 5895 Τό.
858 5844 1021 5896 Abest
1046 5857 1074 5895 e
1109 5836 1299 5892 Thess.
1340 5850 1412 5887 tv.

3191 5677 3256 5733 Α.
3287 5674 3371 5730 διὰ
3403 5668 3575 5725 τοῦτον
3596 5649 3673 5713 οὖν
