3956 6318
510 351 532 403 l
542 349 648 408 299

1581 357 1964 415 CLEMENTIS
1993 361 2458 418 ALEXANDRINI

3547 336 3560 358 \

3539 377 3647 430 lli-'10

497 466 778 536 dill‘erens,
814 469 1068 527 Christus
1103 472 1470 531 mortem'non
1511 477 1760 542 abolevit,
1796 481 1899 536 nisi
1946 481 2057 551 ipse

2161 502 2344 555 γησεν,
2382 487 2429 537 εί
2465 486 2537 558 μὴ
2571 487 2663 539 καὶ
2692 485 2850 550 αὐτὸς
2883 487 3065 549 αὐτοῖς
3089 487 3352 557 ὁμοοὺσιος
3381 489 3587 564 λεχθείη·
3612 501 3647 550 si

495 575 720 630 quoque
743 561 950 617 dicatur
983 563 1222 632 ejusdem
1253 582 1376 620 cum
1410 567 1490 622 eis
1521 571 1805 637 essentiae;
1843 574 1923 626 sin
1958 569 2059 626 ait-

495 660 612 705 ‘tem
653 652 708 705 in
741 651 843 708 hoc
875 669 994 707 eam
1036 655 1288 721 abolevit,
1321 666 1380 710 ut
1426 673 1596 728 genus
1630 676 1738 714 non
1776 663 2061 733 attingeret

498 739 779 807 diﬁ‘erens,
804 758 910 796 non
951 745 1039 799 isti
1072 753 1300 799 mortem
1334 747 1570 814 abolent,
1599 749 1693 817 qui
1728 757 1855 803 sunt
1878 751 2057 804 aemuli

459 835 463 839 ’
496 828 800 896 Creatoris,
839 835 932 903 qui
975 835 1198 904 imagini
1238 851 1350 890 sua:
1387 837 1544 892 istius
1575 839 1788 904 animae,
1821 855 1941 909 quae
1977 850 2061 895 est

503 935 570 974 ex
606 921 913 986 medietate,
945 940 1234 994 supernam
1273 927 1434 981 vitam
1464 928 1730 994 inspirant
1759 930 2058 984 secundum

501 1015 700 1085 dogma
754 1015 822 1070 ab
874 1017 954 1072 eis
989 1028 1320 1088 susceptum.
1381 1018 1475 1072 Sin
1533 1035 1662 1075 vero
1722 1020 1825 1076 hoc
1874 1022 2059 1078 dicant

503 1107 722 1163 evenire
771 1123 868 1178 per
923 1119 1185 1173 matrem,
1230 1110 1315 1163 vel
1371 1092 1415 1165 si
1468 1111 1650 1166 dicant
1692 1128 1750 1167 se
1793 1129 1898 1167 una
1931 1129 2058 1167 cum

497 1197 721 1251 Christo
753 1199 1014 1254 adversus
1051 1208 1277 1254 mortem
1303 1200 1638 1271 belligerare,
1667 1212 1850 1270 aperte
1887 1202 2058 1257 faten-

500 1293 592 1340 tur
630 1284 682 1338 id
726 1286 999 1340 occultum
1066 1287 1282 1356 dogma,
1337 1289 1604 1358 siquidem
1665 1306 1773 1345 non
1833 1291 2059 1346 timeant

496 1373 778 1431 Creatoris
825 1377 1063 1432 divinam
1127 1379 1380 1434 insectari
1455 1382 1770 1449 potentiam,
1798 1383 1892 1438 sed
1938 1384 2056 1453 ejus

496 1477 828 1528 creaturam,
863 1477 1119 1538 tanquam
1177 1469 1278 1539 ipsi
1330 1471 1580 1526 meliores
1628 1482 1831 1539 essent,
1880 1489 2058 1528 emen-

500 1557 652 1622 dant,
685 1565 738 1612 et
770 1559 1058 1612 animalem
1089 1560 1402 1630 imaginem,
1425 1578 1588 1632 quam
1627 1563 1716 1616 ille
1750 1579 1857 1617 non
1881 1565 2058 1634 potuit

439 1695 446 1701 ε
499 1648 734 1702 liberare
759 1648 827 1702 ab
859 1649 1101 1712 interitu,
1131 1665 1346 1705 servare
1371 1652 1639 1706 nituntur.
1669 1651 1853 1707 Fuerit
1873 1662 2055 1707 autem

501 1735 764 1792 Dominus
794 1753 1011 1807 quoque
1048 1737 1158 1792 Deo
1191 1749 1432 1794 creatore
1477 1741 1668 1795 melior
1694 1756 1757 1794 ac
1794 1751 2055 1810 praestau-

501 1828 610 1882 tior
647 1846 660 1882 :
693 1843 971 1898 nunquam
1006 1829 1150 1882 enim
1187 1828 1331 1884 ﬁlius
1364 1845 1486 1884 cum
1521 1839 1672 1900 patre
1694 1832 2052 1896 contenderit,
2086 1820 2128 1874 Β

496 1917 662 1987 idque
713 1917 854 1972 inter
903 1918 1054 1972 deos.
1087 1917 1242 1982 Quod
1281 1927 1460 1972 autem
1507 1919 1597 1973 hic
1641 1920 1712 1974 sit
1748 1929 1899 1990 pater
1935 1921 2051 1985 lilii,

495 2008 725 2063 Creator
784 2007 1182 2073 universorum,
1236 2007 1501 2063 Dominus
1575 2010 1939 2078 omnipotens,
1989 2010 2054 2064 ad

497 2101 648 2155 illam
690 2099 1002 2156 distulimus
1049 2099 1494 2169 disputationem,
1543 2101 1598 2154 in
1638 2084 1746 2170 qua
1793 2101 2056 2156 adversus

495 2192 665 2263 219
706 2192 938 2246 haereses
971 2192 1236 2246 disserere
1292 2192 1674 2260 promisimus,
1713 2191 2056 2247 ostendentes

499 2300 625 2340 eum
667 2299 789 2339 esse
834 2284 1033 2347 solum,
1079 2283 1172 2352 qui
1202 2290 1285 2338 est
1319 2283 1385 2337 ab
1424 2283 1544 2352 ipso
1579 2283 1914 2352 praedicatus.
1950 2282 2054 2337 Sed

498 2376 660 2432 nobis
717 2376 935 2446 quidem
991 2376 1235 2431 scribens
1293 2375 1582 2444 Apostolus
1643 2375 1710 2428 de
1764 2374 2056 2428 tolerandis

497 2469 920 2524 alllictionibus:
961 2485 979 2518 ι
1029 2466 1095 2520 Ει
1133 2467 1257 2529 hoc,
1288 2466 1484 2535 inquit,
1512 2480 1578 2520 ex
1616 2463 1743 2531 Deo,
1778 2465 1924 2535 quod
1961 2480 2056 2518 vo-

501 2561 587 2615 bis
613 2560 876 2621 donatum
899 2566 983 2613 est
1004 2571 1105 2628 pro
1134 2557 1447 2620 Christo,ut
1470 2573 1580 2611 non
1601 2559 1776 2613 solum
1803 2557 1856 2611 in
1880 2558 2054 2626 ipsum

371 2641 389 2655 ’
495 2650 758 2715 credatis,
799 2650 895 2704 sed
931 2649 1094 2704 ctiam
1136 2663 1234 2719 pro
1289 2662 1355 2703 eo
1415 2649 1732 2718 patiamini;
1769 2649 1908 2703 idem
1960 2648 2058 2702 ha-

500 2743 693 2798 bentes
737 2749 1042 2802 certamen,
1088 2741 1248 2811 quale
1298 2741 1514 2796 vidistis
1566 2741 1620 2795 in
1678 2756 1784 2803 me,
1822 2748 1876 2794 et
1913 2755 2057 2794 nunc

501 2836 704 2892 auditis
738 2835 793 2890 in
827 2850 936 2890 me.
967 2832 1025 2888 Si
1051 2848 1156 2903 qua
1197 2840 1281 2888 est
1315 2845 1445 2903 ergo
1477 2831 1778 2887 consolatio
1808 2831 1864 2885 in
1893 2829 2055 2885 Chri-

501 2937 619 2994 sto,
649 2927 696 2983 si
745 2927 890 2998 quod
936 2925 1190 2981 solatium
1219 2923 1532 2989 eharitatis,
1578 2924 1625 2978 si
1672 2939 1779 2992 qua
1824 2923 2056 2978 societas

498 3019 746 3089 spiritus,
788 3019 836 3074 si
875 3033 982 3088 qua
1031 3016 1236 3072 viscera
1265 3025 1318 3071 et
1372 3015 1776 3078 miserationes,
1837 3012 2055 3083 implete

2160 576 2204 628 δ’
2252 579 2332 641 είς
2383 575 2538 630 τοῦτο
2591 580 2954 650 κατήργησεν,
2999 578 3074 640 ὼς
3118 577 3189 648 μὴ
3226 580 3312 632 τοῦ
3355 581 3648 655 διαφέροντος

2160 666 2422 719 ἅπτεσθαι
2449 666 2656 736 γένους,
2687 669 2783 738 οὐχ
2811 661 2954 720 οὗτοι
2978 669 3068 721 τὸν
3097 668 3312 724 θάνατον
3341 673 3650 743 καταργοῦσιν

2158 759 2206 808 oi
2250 759 2526 829 ἀντίμιμοι
2561 758 2653 811 τοῦ
2699 759 3058 831 Δημιουργοῦ,
3091 762 3138 812 οἱ
3186 762 3280 831 τῆς
3307 764 3365 814 ἐκ
3403 763 3651 836 μεσότητος

2158 847 2333 918 ψυχῆς
2365 853 2428 920 τῇ
2456 850 2690 921 σφετέρᾳ
2724 851 2892 904 εἰκόνι
2933 851 3274 921 ἐμφυσῶντες
3311 852 3400 923 τὴν
3428 852 3554 925 ζωὴν
3576 856 3652 929 τὴν

2158 939 2379 1007 ἄνωθεν,
2411 940 2550 994 κατά
2572 942 2669 1012 τὴν
2702 941 2794 994 τοῦ
2818 942 3084 1013 δόγματος
3107 942 3305 1012 αἵρεσιν
3323 960 3336 972 ⁵
3365 943 3456 996 κᾶν
3484 945 3558 998 διὰ
3575 947 3650 1017 τῆς

2161 1031 2361 1101 μητρὸς
2400 1032 2556 1085 τοῦτο
2604 1033 2915 1103 συμϐαίνειν
2947 1034 3193 1103 λέγωσιν,
3227 1035 3355 1089 ἀλλά
3384 1036 3475 1090 κᾶν
3506 1039 3549 1090 εί
3575 1041 3650 1092 σὺν

2157 1122 2373 1194 Χριστῷ
2394 1125 2920 1196 καταστρατεύεσθαι
2954 1127 3050 1180 τοῦ
3083 1127 3304 1180 θανάτου
3324 1127 3649 1203 λέγοιεν,δμο-

2156 1213 2452 1283 λογούντων
2488 1218 2548 1269 τὸ
2581 1217 2754 1288 δόγμα
2795 1220 2855 1272 τὸ
2886 1220 3281 1290 κεκρυμμένον,
3311 1219 3381 1284 ὡς
3416 1222 3509 1291 τῆς
3534 1223 3653 1287 θείας

2155 1304 2249 1357 τοῦ
2291 1308 2626 1379 Δημιουργοῦ
2653 1310 3002 1381 κατατρέχειν
3032 1307 3264 1380 τολμῶσι
3283 1310 3553 1380 δυνάμεως,
3577 1313 3652 1382 τὴν

2157 1396 2329 1450 κτίσιν
2342 1396 2437 1468 τὴν
2452 1397 2634 1462 αὐτοῦ,
2654 1399 2726 1463 ὡς
2740 1401 3016 1471 κρείττους
3033 1398 3324 1468 ἐπανορθού
3332 1416 3486 1470 μενοι,
3503 1401 3655 1469 πειρῶν

2159 1505 2307 1559 μενοι
2335 1488 2523 1552 σώζειν
2553 1491 2648 1562 τὴν
2676 1491 2908 1562 ψυχικὴν
2933 1492 3134 1557 εἰκόνα,
3169 1491 3233 1562 ἢν
3263 1491 3411 1556 αὐτὸς
3439 1491 3654 1563 ῥύσασθαι

2154 1581 2252 1651 τῆς
2291 1581 2493 1653 φθορᾶς
2536 1584 2596 1636 οὐ
2644 1585 2985 1653 κατίσχυσεν.
3033 1585 3130 1654 Ετη
3163 1583 3206 1636 δ’
3231 1583 3294 1636 ἂν
3323 1584 3414 1636 καὶ
3446 1585 3472 1636 ὀ
3495 1581 3656 1654 Κύριος

2157 1671 2391 1741 ἀμείνων
2411 1672 2503 1725 τοῦ
2527 1674 2852 1746 δημιουργοῦ
2871 1674 3001 1728 Θεοῦ
3018 1692 3029 1704 ·
3061 1675 3122 1726 οὐ
3159 1674 3264 1744 γὰρ
3293 1673 3355 1727 ἄν
3377 1689 3494 1727 ποτε
3523 1675 3546 1725 ὁ
3569 1673 3656 1734 υίὸς

2157 1763 2234 1834 τῷ
2274 1768 2439 1836 πατρὶ
2483 1766 2918 1836 διαφιλονεικοίη,
2952 1767 3045 1820 καὶ
3083 1765 3255 1820 ταῦτα
3299 1768 3353 1819 ἐν
3386 1765 3529 1828 θεοῖς,
3562 1765 3655 1816 Ὅτι

2156 1853 2211 1906 δὲ
2244 1850 2396 1917 οὗτός
2427 1856 2573 1906 ἐστιν
2600 1857 2627 1908 ὁ
2658 1853 2750 1907 τοῦ
2785 1854 2897 1907 υἱοῦ
2931 1856 3135 1926 πατὴρ,
3169 1856 3197 1906 ὁ
3230 1851 3542 1922 Δημιουργδς
3573 1849 3656 1901 τῶν

2157 1943 2506 2014 συμπάντων,
2531 1947 2558 1998 ὁ
2580 1945 2967 2016 παντοκράτωρ
2990 1944 3213 2015 Κύριος,
3242 1945 3318 2006 είς
3346 1943 3542 1995 ἐκείνων
3561 1943 3656 1994 ἁνε-

2156 2031 2426 2102 ϐαλόμεθα
2475 2031 2570 2102 τὴν
2627 2033 2833 2103 σκέψιν,
2867 2033 2988 2087 καθ’
3041 2034 3107 2104 ἦν
3157 2033 3289 2104 πρὸς
3339 2031 3430 2092 τὰς
3464 2030 3656 2100 αἱρέσεις

2157 2122 2505 2193 ὑπεσχήμεθα
2532 2123 2890 2189 διαλέξασθαι,
2917 2123 3102 2178 τοῦτον
3131 2121 3270 2178 εἶναι
3301 2124 3448 2194 μόνον
3467 2120 3658 2175 δεικνύν-

2154 2231 2246 2276 τες
2295 2214 2384 2267 τὺν
2436 2216 2526 2267 ὑπ’
2557 2215 2717 2268 αὐτοῦ
2761 2217 3188 2287 κεκηρυγμένον.
3251 2216 3384 2269 Ἀλλ’
3413 2217 3526 2286 ἡμῖν
3552 2231 3603 2282 γε
3635 2215 3658 2265 6

2169 2305 2482 2370 Ἀπόστολος
2526 2308 2604 2370 είς
2641 2308 2738 2378 τὴν
2767 2308 2872 2361 τῶν
2898 2307 3124 2378 θλίψεων
3149 2307 3414 2380 ὑπομονὴν
3447 2308 3654 2380 γράφων·

2162 2414 2180 2446 ι
2221 2396 2328 2448 Καὶ
2373 2395 2548 2460 τοῦτο,
2581 2397 2762 2468 φησὶν,
2791 2398 2895 2451 ἀπὸ
2926 2399 3083 2463 Θεοῦ,
3105 2400 3190 2452 ὅτι
3221 2400 3344 2470 ὑμῖν
3367 2396 3590 2469 ἐχαρίσθη
3610 2395 3658 2448 τδ

2157 2485 2294 2556 ὑπὲρ
2326 2486 2575 2557 Χριστοῦ,
2610 2488 2669 2540 οὐ
2701 2489 2854 2558 μόνον
2876 2490 2935 2542 τὸ
2960 2491 3038 2552 είς
3063 2490 3226 2544 αὐτὸν
3255 2489 3527 2552 πιστεύειν,
3553 2485 3657 2541 ἀλλὰ

2155 2577 2248 2629 καὶ
2275 2575 2335 2628 τὸ
2363 2576 2501 2647 ὑπὲρ
2533 2577 2692 2631 αὑτοῦ
2730 2580 2955 2650 πάσχειν
2974 2597 2987 2611 ο
3024 2581 3114 2633 τὸν
3154 2581 3312 2634 αὑτὸν
3336 2580 3503 2649 ἀγῶνα
3544 2577 3659 2647 ἔχον-

2154 2681 2264 2728 τες,
2283 2661 2391 2719 οἷον
2413 2666 2548 2719 ἴδετε
2571 2669 2628 2720 ὲν
2650 2668 2788 2737 ἐμοὶ,
2810 2669 2903 2721 καὶ
2927 2668 3020 2722 νῦν
3043 2668 3271 2723 ἀκούετε
3297 2671 3351 2722 ὲν
3368 2665 3492 2740 ἐμοί.
3520 2666 3576 2719 Ei
3591 2681 3655 2727 τις

2154 2753 2245 2810 οῦν
2258 2757 2595 2828 παράκλησις
2609 2762 2663 2812 ὲν
2679 2759 2914 2830 Χριστῷ,
2932 2759 2985 2812 εί
2995 2777 3046 2812 τι
3060 2778 3136 2812 πα
3145 2777 3210 2831 ρα
3218 2759 3399 2830 μύθιον
3408 2759 3608 2827 ἀγάπης,
3620 2753 3659 2808 εἰ

2153 2864 2238 2912 τις
2263 2850 2511 2902 κοινωνία
2531 2851 2851 2922 πνεύματος,
2872 2850 3054 2904 εῐτινα
3083 2852 3363 2922 σπλάγχνα
3387 2850 3472 2904 καὶ
3492 2849 3656 2919 οίκτιρ-

2159 2939 2268 3008 μοὶ,
2291 2938 2610 3012 πληρώσατέ
2646 2959 2743 3012 μου
2774 2942 2870 3012 τὴν
2888 2943 3081 3014 χαρὰν,
3107 2942 3198 2996 ἵνα
3219 2942 3278 2994 τὸ
3299 2941 3422 2995 αὐτὸ
3452 2939 3657 3009 φρονῆτε,

2153 3029 2251 3101 τὴν
2284 3030 2450 3100 αὐτὴν
2480 3030 2695 3102 ἀγάπην
2723 3031 2950 3103 ἔχοντες,
2977 3032 3267 3104 σύμψυχοι,
3291 3033 3349 3085 τὸ
3373 3032 3426 3084 ἓν
3454 3028 3660 3102 φρονοῦν-

501 3125 687 3166 meum
721 3109 1000 3180 gaudium,
1047 3115 1107 3162 ut
1159 3105 1302 3161 idem
1364 3105 1632 3171 sentiatis,
1676 3104 1920 3160 eamdem
1952 3105 2052 3158 ha—

2157 3135 2262 3180 τες.
2299 3119 2362 3170 Ei
2389 3119 2445 3171 δὲ
2478 3119 2756 3174 σπένδεται
2781 3122 2872 3174 ἐπὶ
2893 3125 2958 3194 τῇ
2992 3122 3154 3194 θυσίᾳ
3187 3122 3280 3176 καὶ
3307 3125 3370 3192 τῇ
3403 3118 3660 3194 λειτουργίᾳ

498 3203 690 3257 bentes
751 3201 1092 3264 charitatem,
1153 3199 1459 3266 unanimes,
1529 3196 1672 3252 idem
1740 3195 2052 3252 sentientes.

499 3291 561 3349 Si
594 3301 773 3348 autem
829 3292 1142 3346 immolatur
1167 3305 1330 3360 super
1361 3287 1630 3344 sacrificio
1658 3295 1711 3346 et
1756 3286 2058 3341 ministerio

499 3385 624 3442 ﬁdei
681 3385 921 3455 gaudens
969 3393 1024 3439 et
1075 3383 1520 3453 congratulansa,
1567 3398 1586 3431 ι
1626 3393 1749 3442 eos,
1802 3379 1866 3433 ad
1919 3392 2057 3448 quos

500 3477 740 3549 loquitur
790 3477 1106 3548 Apostolus,
1138 3476 1512 3556 Philippenses
1547 3487 1751 3527 vocans
1800 3489 1819 3521 ι
1871 3469 2057 3540 gratia!

497 3577 785 3626 consortes
805 3567 856 3636 ιι,
890 3588 909 3621 ι
944 3569 1217 3640 quomodo
1259 3569 1405 3638 ipsos
1446 3564 1577 3621 dicit
1628 3583 1646 3615 ι
1703 3563 1988 3619 unanimes
2033 3581 2051 3612 ι

499 3673 556 3716 et
592 3661 888 3717 animales?
926 3660 1185 3716 Similiter
1218 3660 1380 3714 etiam
1422 3659 1488 3714 de
1518 3657 1804 3712 Timotheo
1837 3668 2057 3724 quoque

498 3753 746 3810 scribens
791 3763 847 3808 et
888 3754 1086 3824 seipso,
1115 3772 1132 3803 ι
1163 3751 1442 3807 Neminem
1472 3750 1638 3815 enim,
1664 3748 1860 3818 inquit,
1885 3747 2056 3800 habeo

498 3853 612 3901 tam
669 3845 1007 3913 unanimem,
1029 3845 1122 3916 qui
1170 3859 1427 3916 germane
1459 3843 1526 3898 de
1556 3843 1708 3897 vobis
1740 3841 1957 3896 futurus
1989 3841 2059 3895 sit

497 3937 786 3992 sollicitus.
811 3935 1011 3992 Omnes
1027 3937 1192 4002 enim,
1223 3951 1343 4005 qua).
1365 3951 1463 3990 sua
1491 3943 1638 3998 sunt,
1657 3942 1926 4004 quaerunt,
1950 3947 2056 3985 non

497 4043 624 4098 quae
648 4026 776 4083 Jesu
805 4026 1009 4083 Christi
1034 4038 1080 4081 ο.
1123 4046 1142 4078 ι
1175 4023 1252 4080 Ne
1271 4040 1400 4096 ergo
1423 4025 1606 4095 probri
1630 4024 1751 4078 loco
1775 4039 1874 4078 nos
1897 4041 1914 4073 ι
1940 4021 2057 4075 ani-

498 4119 674 4175 males
709 4138 728 4171 ι
783 4119 966 4174 dicant
1008 4128 1101 4174 aut
1143 4118 1294 4188 prius
1339 4117 1624 4172 memorati
1666 4117 1934 4181 homines,
1965 4122 2058 4168 aut

504 4216 565 4275 r14
603 4210 767 4282 etiam
795 4209 1035 4282 Phryges
1067 4227 1080 4264 :
1115 4210 1228 4280 jam
1262 4208 1406 4289 enim
1445 4208 1482 4262 ii
1516 4222 1732 4277 quoque
1762 4206 1883 4260 illos
1909 4248 1922 4271 ,
1957 4205 2049 4275 qui

498 4319 657 4361 novat
685 4319 795 4360 non
821 4304 1110 4358 attendunt
1139 4300 1464 4372 prophetiae,
1496 4319 1513 4350 ι
1545 4298 1809 4353 animales
1831 4318 1848 4350 ι
1877 4298 2056 4368 appel-

498 4397 655 4464 lant,
691 4396 953 4452 adversus
978 4409 1118 4465 quos
1146 4393 1512 4454 disseremus,
1558 4405 1681 4445 cum
1714 4405 1938 4462 agemus
1989 4389 2056 4444 de

2157 3207 2257 3278 τῆς
2279 3209 2509 3276 πίστεως
2525 3211 2724 3285 χαίρων
2746 3212 2838 3266 καὶ
2856 3212 3184 3285 συγχαίρων,
3213 3231 3233 3266 ι
3257 3212 3385 3287 πρὸς
3400 3211 3482 3276 οὓς
3495 3213 3520 3264 ὁ
3539 3211 3659 3279 λόγος

2156 3295 2234 3366 τῷ
2266 3298 2581 3370 Ἀποστόλῳ,
2609 3300 2733 3364 τοὺς
2758 3301 3145 3370 Φιλιππησίους
3176 3320 3195 3351 ι
3225 3300 3564 3370 συμμετέχους
3586 3295 3658 3363 τῆς

2159 3389 2376 3459 χάριτος
2396 3387 2503 3460 (85)
2540 3409 2558 3440 ι
2591 3389 2786 3456 καλῶν,
2813 3390 2928 3454 πῶς
2956 3392 3153 3454 αὐτοὺς
3178 3411 3197 3442 ι
3232 3390 3524 3462 συμψύχους
3551 3385 3659 3438 »καὶ

2157 3479 2417 3549 ψυχικοὺς
2450 3479 2556 3550 (86)
2579 3480 2752 3548 λέγεις
2799 3481 3026 3551 Ὁμοίως
3051 3482 3147 3534 καὶ
3178 3483 3304 3553 περὶ
3330 3478 3565 3549 Τιμοθέου
3588 3475 3659 3528 καὶ

2159 3571 2349 3626 ἑαυτοῦ
2393 3572 2637 3643 γράφων,
2679 3591 2696 3624 ι
2774 3572 2962 3625 οὐδένα
3003 3571 3109 3643 γὰρ
3149 3572 3278 3643 ἔχω,
3313 3571 3484 3640 φησιν,
3517 3565 3660 3634 ἰσόψυ-

2157 3679 2269 3733 χον,
2298 3662 2445 3724 ὅστις
2473 3661 2706 3732 γνησίως
2757 3660 2825 3714 τὰ
2877 3662 3004 3732 περὶ
3068 3662 3225 3732 ὑμῶν
3270 3660 3594 3732 μεριμνήσει·
3623 3653 3660 3705 οἱ

2159 3755 2356 3818 πάντες
2380 3755 2488 3826 γὰρ
2511 3753 2578 3807 τά
2609 3754 2813 3807 ἑαυτῶν
2832 3753 3107 3826 ζητοῦσιν,
3143 3755 3206 3806 οὐ
3236 3752 3305 3805 τὰ
3349 3749 3508 3822 Ἰησοῦ
3553 3747 3658 3815 Χρι-

2160 3846 2283 3900 στοῦ
2335 3845 2462 3915 (87).
2507 3865 2525 3896 ι
2567 3846 2656 3917 Μὴ
2696 3845 2868 3899 τοίνυν
2922 3864 2941 3895 ι
3001 3844 3270 3914 ψυχικοὺς
3311 3863 3328 3894 ι
3369 3845 3423 3895 ὲν
3471 3837 3660 3896 ὀνείδους

2161 3937 2316 4008 μέρει
2374 3936 2634 4004 λεγόντων
2695 3938 2842 4006 ἡμᾶς
2893 3938 2940 3988 oi
2994 3934 3400 4006 προειρημένοι,
3445 3927 3562 3982 ἀλλά
3591 3924 3662 3977 καὶ

2158 4027 2207 4078 οἶ
2231 4025 2456 4097 Φρύγες·
2482 4025 2581 4097 ἤδη
2606 4025 2714 4097 γὰρ
2737 4027 2832 4078 καὶ
2859 4021 3002 4079 οὗτοι
3024 4027 3150 4089 τοὺς
3190 4028 3258 4095 τῇ
3290 4024 3384 4095 νέᾳ
3410 4016 3664 4091 προφητείᾳ

2161 4117 2234 4188 μὴ
2258 4116 2616 4188 προσέχοντας
2650 4135 2668 4166 ι
2703 4115 2963 4185 ψυχικοὺς
3005 4135 3023 4166 ι
3059 4114 3342 4178 καλοῦσιν,
3373 4111 3497 4182 πρὸς
3521 4107 3596 4168 οὓς
3618 4105 3664 4155 ἓν

2157 4211 2266 4272 τοῖς
2303 4228 2320 4260 ι
2350 4209 2484 4281 Περὶ
2504 4207 2836 4280 προφητείας
2876 4226 2894 4258 ι
2925 4205 3298 4276 διαλεξόμεθα.
3343 4201 3561 4270 Ἀγάπην
3593 4191 3665 4248 οὖν
3679 4236 3754 4267 κ.

2157 4301 2342 4353 ἀσκεῖν
2374 4300 2464 4353 τὸν
2493 4300 2692 4352 τέλειον
2727 4298 2865 4370 χρὴ,
2895 4295 3151 4351 κάνθένδε
3186 4296 3278 4348 ἐπὶ
3314 4294 3407 4363 τὴν
3440 4289 3569 4343 θείαν
3595 4300 3664 4351 ’.ξι-

2157 4392 2275 4456 λίαν
2305 4391 2572 4455 σπεύδειν,
2594 4391 2660 4444 δι’
2682 4391 2897 4460 ἀγάπην
2925 4385 3246 4440 ὲκτελοῦντα
3270 4383 3366 4447 τὰς
3385 4378 3591 4438 ἐντολὰς.
3611 4373 3668 4425 Τὸ

497 4487 802 4560 prophetia.
860 4485 997 4541 Eum
1035 4499 1196 4554 ergo,
1234 4484 1326 4554 qui
1365 4492 1445 4537 est
1478 4481 1786 4553 perfectus,
1840 4491 2050 4551 oportet

2157 4483 2205 4536 δὲ
2233 4484 2448 4554 ἀγαπᾷν
2471 4482 2596 4545 τοὺς
2622 4481 2845 4552 ἐχθροὺς
2873 4481 2971 4532 οὐκ
3001 4479 3221 4548 ἀγαπᾷν
3258 4477 3317 4528 τὸ
3353 4473 3506 4527 κακὸν
3533 4469 3665 4560 λέγει.

497 4593 752 4635 exercere
782 4575 1102 4632 charitatem
1123 4615 1140 4640 ,
1177 4583 1232 4630 et
1268 4575 1397 4630 hinc
1437 4575 1504 4629 ad
1538 4571 1629 4628 Dei
1665 4573 1884 4628 tendere
1915 4572 2053 4626 ami-

494 4669 717 4735 citiam,
758 4684 855 4740 per
889 4669 1211 4724 charitatem
1263 4667 1382 4738 ejus
1431 4667 1684 4721 mandata
1732 4680 2051 4735 exsequens.

493 4762 634 4818 Cum
689 4775 817 4824 vero
860 4759 1015 4830 jubet
1061 4757 1285 4829 diligere
1337 4756 1624 4824 inimicos,
1674 4769 1784 4812 non
1834 4757 2056 4828 diligere

493 4853 718 4923 quidem
773 4851 978 4906 malum
1020 4850 1298 4921 iubemur,
1351 4865 1527 4918 neque
1566 4849 1932 4919 impietatem,
1973 4849 2054 4903 vel

495 4943 854 5010 adulterium,
895 4943 982 4998 vel
1020 4940 1268 5007 furtum;
1311 4939 1404 4995 sed
1445 4939 1654 5010 furem,
1695 4949 1749 4996 et
1786 4941 2009 5011 impium
2035 4981 2052 5006 ,

493 5044 552 5092 et
591 5034 930 5103 adulterum,
979 5047 1091 5089 non
1136 5031 1356 5103 quidem
1406 5041 1676 5102 quatenus
1727 5043 1945 5103 peccat,
2000 5041 2055 5088 et

2156 4575 2274 4627 οὐδὲ
2304 4574 2573 4638 ἀσέϐειαν,
2605 4574 2637 4645 ἢ
2671 4570 2988 4642 μοιχείαν,ἢ
3019 4569 3261 4638 κλοπὴν,
3303 4565 3432 4620 ἀλλὰ
3459 4563 3539 4616 τὸν
3570 4558 3667 4612 κλέ-

2157 4683 2315 4737 πτην,
2354 4665 2448 4720 καὶ
2475 4665 2564 4718 τὸν
2589 4664 2779 4734 ἀσεϐῆ,
2813 4665 2906 4716 καὶ
2925 4661 3016 4714 τὸν
3043 4660 3251 4732 μοιχὸν,
3291 4659 3350 4710 οὺ
3373 4654 3496 4709 καθὸ
3527 4653 3669 4720 ἀμαρ-

2155 4758 2325 4821 τάνει,
2359 4759 2451 4811 καὶ
2476 4759 2544 4828 τῇ
2574 4757 2701 4827 ποιᾷ
2727 4753 2974 4827 ἐνεργείᾳ
3026 4751 3242 4823 μολύνει
3287 4748 3384 4820 τὴν
3427 4741 3668 4814 ἀνθρώπου

2156 4848 2552 4921 προσηγορίαν,
2596 4847 2715 4901 καθ’
2744 4846 2772 4899 ὃ
2811 4846 2868 4900 δὲ
2899 4843 3179 4917 ἄνθρωπός
3221 4844 3336 4895 ἐστι
3360 4881 3376 4905 ,
3418 4838 3504 4890 καὶ
3543 4833 3669 4903 ἔργον

2157 4940 2311 4996 Θεοῦ.
2373 4939 2586 5010 Ἀμέλει
2627 4939 2687 4991 τὸ
2731 4938 3058 5009 ἁμαρτάνειν
3099 4933 3346 5006 ἐνεργείᾳ
3371 4933 3561 4988 κεῖται,
3592 4921 3670 4973 οὐκ

2159 5034 2330 5106 οὐσίᾳ·
2378 5033 2456 5086 διὸ
2498 5033 2618 5088 οὐδὲ
2665 5032 2820 5104 ἔργον
2863 5029 3015 5085 Θεοῦ.
3059 5027 3272 5100 Ἑχθροὶ
3310 5026 3364 5078 δὲ
3393 5024 3440 5077 οἱ
3466 5014 3670 5090 ἀμαρτά’

570 5176 630 5236 ›Ῑ‹
669 5169 732 5224 P.
757 5169 863 5226 605
900 5170 1005 5226 ΕΙ).
1045 5167 1340 5234 POTTER,
1364 5168 1464 5235 511
1504 5168 1611 5224 ΕΙ).
1648 5166 1875 5223 PARIS.‘
1946 5179 1972 5209 ι
2005 5167 2057 5223 Pl

2157 5185 2197 5240 ρ.
2243 5187 2281 5239 ι,
2314 5171 2404 5237 29,
2433 5171 2537 5238 50;
2564 5187 2620 5239 ιι,
2656 5158 2774 5238 ιβ,
2807 5170 2890 5224 l7.
2969 5166 3211 5237 hPhilip.
3244 5182 3285 5226 t.
3316 5164 3368 5218 7.
3444 5171 3466 5199 ο
3503 5153 3666 5220 Phili!-

495 5258 562 5311 ιι,
596 5241 689 5310 20,
717 5240 809 5295 21.

496 5379 800 5505 sgnituale,
835 5378 979 5448 quod
1031 5379 1267 5435 haeretici
1325 5379 1684 5462 afﬁrmabant,
1715 5395 1747 5437 ε
1810 5380 2057 5461 cceload

496 5467 528 5505 a
569 5451 818 5505 olendam
853 5458 1084 5504 mortem
1120 5451 1466 5505 descendisse
1489 5470 1502 5505 :
1527 5459 1588 5505 ut
1617 5451 1780 5505 paulo
1809 5465 2057 5505 superius

495 5451 818 5538 abolendam
853 5458 1084 5504 mortem
1120 5451 1502 5508 descendisse:
1527 5459 1588 5506 ut
1617 5451 1780 5522 paulo
1809 5451 2060 5520 superius

495 5523 634 5577 dixit
664 5529 869 5576 auctor.

415 5665 418 5668 .
495 5660 530 5676 _
567 5591 679 5676 (ξδ’)
699 5589 1114 5676 ξυμμεξόχους
1130 5588 1239 5676 τῇς
1255 5589 1771 5676 χάριτοςτῆθερίοἰξ
1796 5587 2052 5676 Philip”,

495 5660 550 5723 7,
576 5660 668 5715 ubi
702 5660 994 5784 Agmstolus
1020 5660 1095 5712 ait
1124 5677 1136 5713 :
1160 5660 1556 5728 Συγκοινωνούς
1580 5677 1679 5731 μου
1709 5663 1806 5730 τῆς
1839 5660 2054 5728 χάριτος

498 5733 705 5800 πάντας
769 5732 872 5800 μᾶς
903 5729 1080 5792 ὂντας.
1188 5798 1194 5800 _
1590 5799 1601 5800 γ
1918 5799 1924 5800 γ

1106 5798 1200 5854 καὶ
1237 5802 1550 5869 ψυχικούς.
1587 5799 1697 5857 Vox
1729 5799 1996 5872 posterior
2022 5812 2050 5852 a

2161 5379 2328 5450 priori
2359 5379 2426 5433 ab
2455 5387 2673 5434 auctore
2692 5375 2933 5450 infertur
2953 5393 2978 5450 _:
3011 5387 3136 5450 nam
3160 5367 3569 5450 stitulmxot

2162 5430 2518 5526 ξιίιέιξίιίῗαίιῖ
2534 5430 2667 5526 ζέιὸῖί
2688 5430 2889 5526 habent
2915 5446 3013 5517 τὴν
3037 5430 3331 5526 exesae
3354 5430 3667 5526 Etsiﬁt‘ffr.‘

2162 5499 2514 5600 ξικοί-’ξιιῆιί
2535 5499 2658 5574 V6;
2687 5499 3077 5589 ἷρεῖινψυχὶκοί
3115 5499 3179 5569 ἴθ’
3205 5499 3307 5564 hac
3347 5499 3556 5574 epistola
3578 5504 3664 5547 non

2157 5600 2442 5787 Ξῑξξῖἶὶῆ
2477 5659 2673 5728 Ἰησοῦ
2710 5654 2985 5728 Χριστοῦ.
3009 5653 3088 5708 Τὰ
3115 5650 3207 5706 τοῦ
3237 5641 3462 5720 Χριστοῦ
3501 5625 3665 5706 Ἰησοῦ,

2219 5747 2252 5786 ιι
2283 5745 2350 5787 ID.

2219 5745 2350 5800 nnp.
