3948 6310
295 326 453 386 .150!

1569 327 2000 386 STROMATUM
2029 327 2160 384 LIB.
2199 329 2287 386 ιν.

3367 357 3372 360 -
3397 327 3532 382 15ιή

316 461 498 508 νοντες
531 444 772 518 εἴρηνται
801 447 954 512 Θεοῦ,
977 449 1026 500 οἱ
1057 447 1240 519 ἐχθροὶ
1263 448 1329 518 δὴ
1361 447 1468 502 τῶν
1506 450 1761 516 ἐντολῶν,
1793 445 1872 514 αἷς

1983 451 2221 521 quadam
2262 449 2472 504 actione
2511 449 2752 506 humano
2789 448 3284 504 nomini'dedecus
3337 445 3530 508 infert,

319 536 451 608 μηδὲ
484 537 846 610 ὑπακηκόασι,
876 539 1154 610 γενόμενοι
1182 539 1370 612 ὥσπερ
1397 541 1538 612 φίλοι
1571 545 1620 596 oi
1659 545 1872 615 ὑπακη-

315 629 520 694 κοᾶτες,
546 635 592 684 οἱ
622 634 720 703 μὲν
745 633 830 686 διὰ
858 635 954 706 τὴν
983 635 1272 698 οἰκείωσιν,
1305 637 1352 688 οἱ
1384 635 1439 687 δὲ
1466 635 1553 688 διὰ
1578 635 1676 706 τὴν
1704 635 1879 690 ἁπαλ-

311 720 594 793 λοτρίωσιν
635 723 733 794 τὴν
780 726 843 778 ὲκ
897 726 1266 797 προαιρέσεως
1327 727 1872 799 προσαγορευθέντες*

311 813 464 868 ούθὲν
509 813 618 886 γὰρ
650 817 682 886 ή
713 815 878 888 ἔχθρα
915 815 1020 870 οὐδ’
1051 817 1084 888 ἡ
1123 819 1366 888 ἁμαρτία
1401 819 1528 873 ἄνευ
1559 818 1652 871 τοῦ
1682 819 1874 891 ἐχθροῦ

312 905 405 958 καὶ
419 904 512 958 τοῦ
539 907 958 976 ἁμαρτάνοντος·
989 909 1082 962 καὶ
1103 927 1119 958 ι
1143 909 1204 961 τὸ
1237 909 1460 979 μηδενὸς
1491 909 1774 979 ἐπιθυμεῖν
1796 951 1810 974 ,
1852 930 1870 962 ι

313 997 410 1067 οὐχ
441 995 515 1060 ὡς
547 995 836 1068 ἀλλοτρίων
857 997 963 1051 τῶν
991 997 1337 1070 ὲπιθυμητῶν
1357 999 1552 1064 ὀντων,
1602 999 1765 1052 πόθον
1801 1001 1874 1070 μὴ

315 1089 454 1158 ἔχειν
487 1087 744 1154 διδάσκει,
771 1089 1020 1159 καθάπερ
1049 1087 1407 1160 ὑπειλήφασιν
1438 1091 1488 1142 οἱ
1513 1091 1604 1143 τὸν
1637 1090 1875 1160 Κτίστην

313 1177 470 1231 ἄλλον
500 1173 636 1231 εἶναι
679 1178 830 1250 παρὰ
867 1180 958 1232 τὸν
1007 1180 1219 1251 πρῶτον
1265 1181 1394 1233 Θεὸν
1442 1179 1870 1252 δογματίζοντες·

314 1267 424 1320 οὔθ’
453 1267 528 1331 ὡς
555 1268 946 1341 ὲὸδελυγμένης
974 1271 1066 1324 καὶ
1095 1272 1266 1341 κακῆς
1295 1271 1458 1342 οὔσης
1489 1273 1586 1341 τῆς
1615 1273 1874 1339 γενέσεως

317 1353 480 1426 (ἄθεοι
513 1355 620 1426 γὰρ
668 1358 724 1409 αί
765 1358 908 1422 δόξαι
938 1351 1136 1430 ubiut)-
1191 1380 1209 1410 ι
1247 1359 1497 1432 ἀλλότρια
1537 1381 1553 1412 ι
1606 1362 1660 1414 δὲ
1715 1365 1875 1432 ἡμεῖς
1921 1397 1932 1410 .-

315 1463 494 1516 φαμεν
521 1446 587 1499 τὰ
609 1447 700 1500 τοῦ
727 1448 949 1519 κόσμου,
980 1451 1075 1520 οὐχ
1091 1451 1165 1514 ὡς
1191 1451 1386 1514 ἄτοπα,
1409 1452 1517 1504 οὐδ’
1540 1453 1614 1516 ὡς
1646 1455 1762 1523 οὐχὶ
1780 1453 1872 1506 τοῦ

314 1535 444 1589 Θεοῦ
475 1537 566 1590 τοῦ
592 1538 806 1592 πάντων
838 1541 1063 1612 Κυρίου,
1095 1543 1208 1596 ἀλλ’
1243 1545 1428 1616 ἐπειδὴ
1465 1545 1538 1616 μὴ
1569 1547 1870 1615 καταμένο-

317 1645 415 1699 μεν
447 1629 506 1682 ὲν
538 1629 719 1693 αὐτοῖς
755 1629 844 1682 τὸν
878 1633 1052 1686 πάντα
1087 1635 1281 1688 αἰῶνα·
1320 1637 1506 1705 κτήσει
1549 1635 1676 1688 ὄντα
1719 1636 1871 1689 ἁλλό-

312 1737 470 1791 τρια,
499 1722 592 1774 καὶ
630 1723 736 1776 τῶν
764 1723 904 1778 κατὰ
933 1724 1180 1798 διαδοχὴν
1213 1727 1540 1797 ὑπάρχοντα’
1589 1728 1777 1798 χρήσει
1817 1728 1871 1782 δὲ

1978 543 2070 598 sed
2104 551 2369 612 quatenus
2419 550 2500 595 est
2547 540 2708 594 homo
2735 551 2788 595 et
2816 557 2953 610 opus
2985 539 3098 594 Dei.
3127 539 3355 596 Pcccare
3390 548 3532 592 certe
3605 531 3628 550 ‘

1979 633 2118 688 inter
2141 635 2380 688 actiones
2407 632 2648 702 ponitur,
2669 647 2774 684 non
2795 631 2932 686 inter
2955 631 3310 694 substantias,
3335 645 3526 700 quam-

1987 725 2170 780 obrem
2233 740 2330 779 nec
2389 723 2478 778 Dei
2509 733 2592 778 est
2627 739 2782 793 opus.
2822 723 2916 780 Dei
2944 731 3122 778 autem
3159 722 3366 776 inimici
3401 719 3531 776 dicti

1978 831 2104 876 sunt
2126 828 2458 890 peccatores,
2482 819 2572 888 qui
2595 828 2720 872 sunt
2739 817 2943 870 inimici
2969 817 3349 870 mandatorum
3370 855 3385 880 ,
3410 814 3528 884 qui-

1977 911 2079 964 bus
2098 926 2204 964 non
2228 909 2505 972 obediunt,
2525 909 2668 962 sicut
2697 907 2856 960 amici
2880 915 3022 972 sunt,
3041 907 3131 976 qui
3150 906 3438 972 obediunt;
3475 906 3528 960 hi

1976 1001 2193 1070 quidem
2213 1009 2428 1068 propter
2445 997 2904 1066 conjunctionem,
2924 997 2998 1049 illi
3026 1011 3152 1050 vero
3177 1005 3389 1066 propter
3409 996 3534 1050 alie-

1975 1092 2272 1156 nationem,
2290 1106 2354 1144 ex
2388 1091 2558 1144 libero
2579 1089 2742 1142 animi
2766 1089 2986 1143 arbitrio
3009 1088 3322 1158 profectam,
3349 1089 3531 1158 appel-

1976 1184 2090 1238 lati.
2111 1182 2252 1236 Nihil
2271 1183 2411 1236 enim
2439 1193 2563 1236 sunt
2580 1182 2874 1236 inimicitia:
2891 1197 3064 1250 neque
3089 1189 3390 1252 peccatum,
3410 1181 3533 1234 abs-

1975 1288 2081 1344 que
2111 1272 2332 1327 inimico
2383 1282 2436 1326 et
2465 1281 2770 1342 peccatore.
2803 1270 2938 1325 illud
2966 1280 3142 1324 autem
3171 1280 3528 1339 praeceptum,

1974 1381 2083 1434 quo
2129 1365 2386 1433 jubemur
2416 1383 2433 1414 ς
2465 1365 2541 1417 nil
2588 1363 2975 1431 concupiscere
2995 1403 3008 1424 ,
3037 1382 3056 1412 ι
3085 1376 3192 1415 non
3241 1370 3387 1416 vetat
3431 1376 3530 1416 nos

1974 1457 2339 1528 qualicunque
2385 1455 2653 1509 desiderio
2708 1452 2876 1516 allici,
2931 1468 2991 1506 ac
3035 1451 3080 1505 si
3128 1451 3303 1504 aliena
3351 1458 3530 1504 essent

1972 1561 2307 1616 quaecunque
2337 1553 2464 1598 sunt
2495 1543 2870 1598 desiderabilia
2895 1583 2909 1606 ,
2943 1552 2999 1596 ut
3027 1541 3404 1596 existimarunt
3433 1541 3528 1610 qui

1973 1639 2288 1691 Creatorem
2331 1635 2496 1688 alium
2534 1649 2653 1688 esse
2684 1651 2712 1686 a
2749 1635 2924 1702 primo
2966 1633 3072 1686 Deo
3112 1641 3391 1698 statuunt;
3430 1647 3528 1686 ne-

1973 1743 2078 1798 que
2105 1737 2362 1796 tanquam
2391 1727 2507 1795 ipsa
2537 1727 2811 1796 generatio
2841 1727 2910 1778 sit
2939 1724 3080 1780 mala
3115 1733 3168 1794 et
3195 1723 3526 1777 exsecranda

313 1810 538 1866 ἑκάστου
589 1814 743 1885 ἡμῶν
791 1817 920 1882 ἴδια,
954 1817 1020 1870 δι’
1052 1815 1144 1880 οὓς
1175 1817 1267 1870 καὶ
1315 1817 1545 1886 ἐγένετο·
1599 1819 1735 1890 πλὴν
1783 1819 1868 1888 ἐφ’

1975 1827 2146 1890 (sunt
2170 1819 2314 1874 enim
2347 1818 2525 1887 impia:
2555 1817 2867 1885 hujusmodi
2899 1813 3224 1886 opiniones)
3254 1833 3268 1880 ;
3305 1814 3398 1868 sed
3431 1827 3532 1868 nos

310 1905 434 1956 ὅσον
468 1905 575 1976 (88)
607 1923 668 1975 γε
718 1909 897 1971 αὐτοῖς
936 1909 1228 1978 ἀναγκαῖον
1281 1914 1660 1981 συμπαρεῖναι.
1714 1912 1870 1965 Κατὰ

313 1995 544 2066 φυσικὴν
587 1998 764 2051 τοίνυν
803 1997 980 2069 ὄρεξιν
1013 1999 1274 2071 χρηστέον
1323 2004 1434 2064 τοῖς
1475 2001 1870 2073 κεκωλυμένοις

313 2081 512 2148 καλῶς,
541 2086 718 2140 πᾶσαν
742 2087 1154 2158 ὑπερέκπτωσιν
1183 2089 1274 2142 καὶ
1293 2090 1633 2160 συμπάθειαν
1669 2107 1863 2164 παραι-

311 2189 400 2225 του
410 2173 619 2244 μένους.
699 2203 710 2214 ι

1975 1927 2060 1966 res
2086 1911 2248 1980 hujus
2275 1909 2461 1963 mun‘di
2489 1927 2506 1958 ι
2536 1908 2742 1961 alienas
2765 1926 2782 1957 ι
2813 1922 2934 1961 esse
2957 1906 3188 1960 dicimus
3208 1946 3222 1972 ,
3251 1920 3357 1960 non
3385 1904 3530 1974 quod

1976 2002 2087 2056 sint
2136 2001 2384 2056 absurdae
2429 2015 2492 2054 ac
2539 2008 2759 2068 turpes,
2799 2009 2890 2051 aut
2917 1997 3061 2067 quod
3105 1999 3170 2051 ad
3213 1997 3376 2052 Deum
3418 1995 3528 2050 Do-

1973 2093 2178 2147 minum
2207 2093 2586 2147 universorum
2627 2106 2732 2144 non
2767 2091 3105 2158 pertineant,
3138 2090 3230 2144 sed
3263 2089 3526 2159 quoniam

1969 2186 2024 2238 in
2065 2185 2142 2238 eis
2181 2201 2287 2238 non
2322 2198 2702 2252 permanetnus
2745 2184 2796 2235 in
2837 2197 3000 2236 omne
3049 2183 3340 2246 satculum,
3403 2197 3526 2236 cum

309 2267 488 2332 quoad
530 2267 930 2350 possessionem
969 2269 1078 2324 sint
1116 2269 1324 2334 aliena,
1357 2279 1410 2326 et
1439 2273 1848 2328 successoribus
1886 2275 2087 2330 nostris
2115 2273 2592 2344 tradenda,quoad
2643 2289 2798 2328 usum
2847 2289 2976 2328 vero
3020 2274 3130 2328 sint
3171 2273 3523 2343 uniuscujus-

311 2375 417 2429 que
443 2353 690 2414 nostrum
714 2362 956 2430 propria,
985 2373 1204 2432 propter
1238 2379 1376 2432 quos
1409 2365 1570 2420 etiam
1602 2365 1742 2421 facta
1769 2376 1924 2434 sunt;
1977 2368 2068 2423 sed
2099 2376 2276 2421 tamen
2303 2375 2560 2430 eatenus,
2587 2376 2862 2436 quatenus
2889 2381 2992 2421 una
3021 2381 3142 2420 cum
3173 2367 3252 2422 eis
3279 2381 3398 2422 esse
3425 2381 3526 2420 no-

311 2451 398 2504 bis
429 2467 648 2507 necesse
673 2460 776 2506 est.
810 2443 978 2521 Igitur
1019 2453 1402 2509 convenienter
1455 2457 1691 2510 naturali
1753 2457 2062 2528 appetitioni
2126 2465 2272 2510 recte
2314 2458 2570 2512 utendum
2625 2465 2706 2512 est
2751 2455 2848 2522 iis,
2891 2472 3012 2526 qua:
3051 2470 3179 2512 sunt
3218 2460 3522 2527 prohibita,

309 2553 564 2600 caventes
613 2559 680 2600 ne
727 2544 948 2600 modum
993 2546 1354 2612 excedamus,
1395 2555 1448 2602 et
1486 2562 1649 2616 supra
1687 2564 1850 2618 quam
1875 2565 1970 2619 par
1999 2559 2079 2604 est
2109 2549 2163 2604 in
2194 2565 2256 2604 ea
2285 2543 2601 2604 atﬁciamitr.
3473 2557 3488 2572 ’

1711 2699 1940 2754 CAPUT
1980 2699 2116 2756 XIV.

1339 2813 1415 2868 De
1445 2813 1727 2868 dilectione
1757 2813 2011 2874 omnium,
2051 2813 2209 2866 etiam
2242 2813 2590 2867 inimicorum.

1921 2921 1972 2930 αι.-

384 2929 520 3000 Ὅση
551 2931 642 2982 καὶ
683 2901 1018 3000 χρηστότης;
1075 2947 1094 2982 ι
1152 2931 1421 3000 Ἀγαπᾶτε
1469 2930 1595 2993 τοὺς
1645 2929 1870 3002 ἐχθροὺς

2043 2927 2212 2985 Porro
2249 2938 2426 2984 autem
2455 2937 2656 3000 quanta
2691 2937 2776 2984 est
2814 2927 2976 2984 etiam
3012 2928 3351 2998 benignitas?
3384 2948 3402 2980 ι
3433 2928 3525 2984 Di-

311 3021 484 3091 ὑμῶν,
551 3040 570 3072 ι
628 3020 792 3089 λέγει·
858 3040 876 3072 ‹
943 3021 1210 3090 εὐλογεῖτε
1261 3023 1388 3085 τοὺς
1446 3021 1870 3092 καταρωμένους

311 3114 456 3184 ὑμᾶς
482 3111 611 3183 (89)”
646 3114 740 3166 καὶ
763 3112 1127 3184 προσεύχεσθε
1151 3113 1290 3184 ὑπὲρ
1315 3111 1422 3165 τῶν
1461 3111 1868 3184 ἐπηρεαζόντων

1983 3020 2162 3090 ligite.
2181 3022 2418 3093 linquit,
2435 3044 2452 3077 ι
2473 3021 2724 3079 inimicos
2734 3033 2960 3080 vestros.
2981 3023 3291 3084 Benedicite
3315 3029 3388 3083 iis
3425 3025 3518 3093 qui

1975 3127 2074 3167 vos
2103 3122 2474 3178 exsecrantur,
2502 3121 2556 3166 et
2583 3120 2733 3167 orate
2758 3127 2858 3182 pro
2889 3114 2970 3182 eis
2990 3155 3005 3181 ,
3037 3114 3132 3184 qui
3157 3128 3256 3168 vos
3284 3115 3526 3168 alliciunt

312 3207 474 3276 ὑμῖν,
514 3223 532 3256 ι
577 3207 671 3258 καὶ
707 3205 774 3258 τὰ
800 3207 982 3276 ὃμοια.⁸
1022 3201 1102 3269 οἷς
1155 3205 1526 3276 προστίθησιν·
1567 3223 1586 3256 ι
1625 3206 1742 3258 Ἵνα
1780 3204 1871 3272 γέ-

1975 3205 2316 3260 contumeliis
2337 3217 2385 3272 ο,
2410 3225 2427 3257 ι
2449 3215 2503 3260 et
2529 3206 2744 3264 similia.
2786 3205 2997 3272 Quibus
3019 3207 3206 3277 adjicit
3230 3227 3242 3260 :
3269 3227 3287 3258 ι
3310 3205 3380 3260 Ut
3405 3207 3526 3262 sitis

310 3298 475 3367 νησθε
503 3299 608 3352 uio).
633 3299 724 3351 τοῦ
753 3299 965 3371 Πατρδς
989 3298 1142 3370 ὑμῶν
1172 3297 1261 3352 τοῦ
1300 3299 1356 3351 ἐν
1396 3300 1508 3361 τοῖς
1537 3297 1802 3368 οὐρανοῖς·
1844 3314 1864 3347 ι

311 3390 410 3459 τὴν
441 3389 755 3460 ἐξομοίωσιν
783 3389 882 3462 τὴν
909 3390 1044 3461 πρὸς
1089 3389 1222 3444 Θεὸν
1269 3389 1656 3459 αἰνισσόμενος.
1702 3387 1870 3440 Πάλιν

311 3479 356 3533 δ’
377 3477 454 3534 ·αὖ
485 3497 668 3551 φησιν·
715 3501 734 3533 ι
779 3482 916 3536 Ἰσθι
946 3481 1144 3536 εὐνοῶν
1175 3481 1252 3552 τῷ
1292 3481 1546 3552 ἀντιδίκῳ
1577 3498 1670 3534 σου
1711 3480 1868 3550 ταχὺ,

312 3572 416 3637 ἓως
443 3573 564 3626 ὅτου
589 3569 640 3626 εἷ
681 3574 738 3626 ὲν
770 3576 834 3644 τῇ
866 3573 969 3644 ὁδῷ
1012 3575 1128 3643 μετ’
1162 3573 1346 3627 αὐτοῦ.
1407 3572 1692 3634 Ἀντίδίκος
1747 3591 1766 3624 ι
1815 3571 1870 3624 δὲ

307 3666 454 3718 οὐτὸ
489 3664 666 3736 σῶμα,
695 3664 768 3728 ὥς
793 3681 934 3728 τινες
977 3663 1273 3735 βούλονται,
1303 3665 1416 3718 ἀλλ’
1447 3667 1475 3717 6
1505 3663 1746 3727 διάϐολος
1777 3665 1870 3718 καὶ

312 3758 360 3808 οἱ
393 3755 566 3823 τούτῳ
618 3753 1052 3824 ὲξομοιούμενοι,
1087 3755 1116 3805 6
1150 3773 1169 3805 ι
1209 3754 1502 3807 συνοδεύων
1556 3773 1574 3804 ι
1631 3757 1762 3825 ἡμῖν
1803 3753 1898 3807 δι’⁴

309 3843 614 3916 ἀνθρώπων
639 3844 746 3898 τῶν
775 3844 1073 3916 ζηλούντων
1102 3846 1170 3897 τὰ
1197 3845 1334 3916 ἔργα
1369 3845 1532 3897 αὑτοῦ
1563 3848 1620 3898 ὲν
1647 3844 1722 3915 τῷ
1747 3849 1864 3898 ἑπι-

311 3938 445 4008 γείῳ
473 3935 606 4007 τῷδε
634 3937 748 4009 βίῳ.
770 3935 883 4007 Ούχ
915 3933 1025 3990 οἶόν
1053 3953 1111 3988 τε
1137 3931 1227 3990 οὖν
1247 3937 1320 4008 μὴ
1342 3936 1532 3990 παθεῖν
1551 3937 1618 3989 τὰ
1651 3936 1874 4006 ἔχθιστα

311 4011 437 4090 τοὺς
462 4027 849 4097 ὁμολογοῦντας
879 4029 978 4098 μὲν
1009 4029 1230 4092 ἑαυτοὺς
1267 4025 1404 4082 εἶναι
1453 4032 1564 4091 τοῖς
1602 4028 1691 4081 τοῦ
1731 4030 1864 4099 Χρι-

317 4118 440 4172 στοῦ
461 4119 592 4192 (90),
615 4122 672 4173 ὲν
699 4121 756 4174 δὲ
779 4123 892 4183 τοῖς
923 4119 1016 4172 τοῦ
1043 4119 1286 4174 διαϐόλου
1305 4121 1756 4190 καταγινομένους
1785 4121 1872 4191 ἕρ-

314 4230 449 4281 γοις’
504 4213 806 4284 γέγραπται
862 4212 988 4281 γάρ’
1037 4231 1055 4262 ι
1113 4213 1200 4281 Μή
1262 4229 1389 4264 ποτε
1451 4211 1676 4282 παραδῷ
1714 4229 1770 4264 σε
1795 4211 1872 4280 τῷ

316 4308 494 4376 κριτῇ,
537 4325 554 4355 ι
586 4308 614 4358 6
645 4305 834 4376 κριτὴς
863 4305 919 4357 δὲ
945 4303 1052 4374 (91)
1078 4303 1154 4374 τῷ
1185 4304 1426 4376 ὑπηρέτῃ
1459 4303 1558 4372 τῆς
1588 4302 1760 4374 ἀρχῆς
1781 4303 1871 4354 τοῦ

313 4396 578 4450 διαϐόλου.
621 4416 638 4448 ι
690 4397 994 4467 Πέπεισμαι
1025 4395 1152 4468 γὰρ,
1183 4398 1262 4449 ὅτι
1305 4395 1431 4447 οὔτε
1477 4393 1734 4460 θάνατος,
1783 4412 1800 4445 ι
1845 4397 1874 4446 6

315 4493 434 4545 κατ’
463 4491 724 4562 ἐπιφορὰν
755 4491 862 4543 τῶν
892 4491 1210 4544 διωκόντων·
1250 4509 1268 4538 ‹
1301 4489 1423 4543 οὕτε
1450 4489 1582 4561 ζωὴ,
1619 4509 1636 4540 ι
1673 4493 1704 4559 ή
1734 4488 1872 4542 κατὰ

1971 3295 2177 3352 similes
2215 3295 2392 3354 Patris
2437 3297 2637 3362 vestri,
2676 3299 2770 3368 qui
2809 3308 2892 3354 est
2932 3299 2985 3352 in
3017 3299 3256 3365 caalisb;
3299 3319 3318 3351 ι
3354 3299 3524 3368 signi-

1971 3390 2138 3444 ficans
2164 3403 2304 3455 eam,
2323 3405 2443 3459 quae
2470 3387 2637 3444 Deum
2669 3390 2856 3460 refert,
2886 3391 3352 3446 assimilationem.
3387 3390 3528 3444 Rur-

1970 3497 2064 3536 sus
2113 3490 2291 3535 autem
2321 3481 2496 3550 inquit
2533 3500 2546 3535 :
2583 3479 2707 3535 «Sis
2755 3482 2864 3536 cito
2915 3483 3208 3538 benevolus
3263 3483 3517 3538 adversa-

1970 3571 2052 3626 rio
2091 3581 2206 3636 tuo,
2236 3571 2407 3626 donec
2451 3587 2510 3625 es
2555 3573 2608 3626 in
2650 3572 2734 3624 via
2756 3587 2880 3626 cum
2921 3573 3090 3642 ipso.)
3113 3603 3182 3614 —-
3205 3593 3222 3624 ι
3255 3574 3526 3630 Adversa-

1969 3663 2084 3718 rius
2113 3683 2132 3713 ι
2163 3673 2342 3717 autem
2387 3678 2494 3716 non
2530 3672 2614 3717 est
2653 3679 2884 3732 corpus,
2935 3675 2994 3717 ut
3037 3665 3256 3735 quidam
3303 3667 3523 3730 volunt,
3571 3689 3574 3696 τ

1971 3753 2062 3808 sed
2079 3749 2346 3816 diabolus,
2369 3759 2424 3805 et
2449 3753 2540 3822 qui
2562 3753 2610 3806 ei
2641 3753 3014 3808 assimilantur
3039 3772 3052 3820 ;
3085 3754 3176 3822 qui
3201 3770 3308 3808 una
3332 3755 3522 3810 nobis-

1971 3858 2096 3896 cum
2166 3862 2184 3892 ι
2217 3843 2270 3895 in
2301 3842 2388 3896 via
2417 3861 2436 3892 ι
2467 3843 2786 3913 ingreditur,
2826 3859 2918 3912 per
2957 3843 3235 3906 homines,
3278 3845 3372 3912 qui
3409 3845 3530 3914 ejus

1971 3934 2116 3990 facta
2147 3935 2432 3989 imitantur
2463 3936 2515 3989 in
2549 3935 2650 3989 hac
2679 3935 2786 3988 vita
2817 3946 3052 3990 terrena.
3089 3934 3232 3990 Fieri
3262 3953 3391 4008 ergo
3421 3953 3528 3992 non

1972 4035 2186 4095 potest,
2219 4037 2278 4080 ut
2307 4043 2416 4080 non
2465 4028 2741 4096 patiantur
2789 4033 2846 4090 ἧς
2879 4027 3292 4096 inimicissima,
3338 4031 3430 4099 qui
3472 4045 3530 4086 se

1973 4117 2025 4170 in
2057 4117 2258 4172 Christi
2285 4117 2504 4186 quidem
2531 4133 2653 4172 esse
2681 4119 3043 4184 confitentur,
3086 4119 3140 4174 in
3185 4121 3386 4175 diaboli
3429 4137 3529 4176 au-

1975 4219 2080 4262 tem
2110 4217 2397 4263 versantur
2435 4209 2709 4278 operibus.
2757 4209 3030 4280 Scriptum
3073 4220 3156 4266 est
3185 4215 3328 4266 enim
3358 4231 3370 4265 :
3406 4231 3424 4262 (
3455 4213 3531 4268 Ne

1975 4297 2114 4353 forte
2163 4310 2215 4352 te
2263 4299 2441 4353 tradat
2482 4299 2682 4368 judici,
2707 4301 2874 4370 judex
2902 4311 3082 4356 autem
3109 4301 3356 4356 ministro
3377 4321 3394 4352 I
3427 4301 3528 4356 im-

1973 4391 2106 4462 perii
2131 4392 2351 4446 diaboli.
2385 4412 2403 4442 ι
2432 4391 2760 4448 Persuasum
2785 4393 2928 4448 enim
2955 4393 3156 4459 habeo,
3184 4392 3326 4461 quod
3354 4406 3528 4460 neque

1977 4497 2143 4548 mors,
2170 4499 2190 4532 ι
2221 4497 2382 4550 quam
2424 4481 2654 4536 afferunt
2697 4482 2736 4535 ii
2777 4483 2870 4550 qui
2913 4488 3348 4550 persequuntur;
3383 4496 3402 4529 ι
3433 4495 3529 4531 ne-

313 4585 406 4638 τδν
461 4583 572 4653 βίον
621 4581 824 4636 τοῦτον·
862 4601 878 4631 ι
910 4580 1029 4634 οὔτε
1061 4580 1316 4650 ἄγγελοι,
1373 4601 1390 4630 ι
1443 4582 1492 4633 οἱ
1549 4580 1866 4632 ἀποστάται·

1975 4588 2080 4642 qne
2117 4575 2260 4636 vita,
2293 4592 2312 4624 ι
2349 4588 2469 4642 quae
2509 4573 2600 4626 hic
2637 4572 2816 4640 agitur
2844 4588 2858 4636 ;
2887 4589 2905 4620 ι
2932 4584 3106 4637 neque
3145 4568 3356 4636 angeli,
3385 4586 3404 4619 ι
3435 4569 3526 4636 qui

321 4695 339 4726 ι
379 4674 500 4728 οὔτε
543 4673 725 4744 ἀρχαί·
767 4691 785 4722 ›
825 4671 964 4742 ἀρχὴ
1007 4671 1062 4724 δὲ
1109 4671 1186 4742 τῷ
1211 4673 1460 4742 Σατανᾷ,
1487 4674 1514 4724 6
1548 4670 1659 4740 βίος
1689 4669 1747 4722 ὃν
1796 4669 1870 4720 εῖ-

314 4767 450 4820 λετο·
487 4765 727 4819 τοιαῦται
755 4761 864 4832 (92)
896 4761 1004 4833 γὰρ
1038 4765 1092 4815 αἱ
1125 4764 1246 4816 κατ’
1285 4763 1447 4816 αὑτὸν
1479 4763 1638 4834 ἀρχαί
1681 4778 1742 4814 τε
1775 4761 1870 4814 καὶ

1975 4665 2320 4729 defecerunt,
2355 4683 2372 4714 ι
2403 4678 2576 4732 neque
2633 4661 2968 4731 principatus
3001 4677 3020 4712 ι
3049 4657 3298 4728 (Satanae
3347 4669 3526 4712 autem

1977 4755 2312 4826 principatus
2337 4767 2419 4810 est
2449 4757 2554 4809 vita
2576 4796 2590 4820 ,
2619 4769 2782 4822 quam
2813 4754 2994 4823 eligit:
3025 4752 3159 4807 tales
3191 4752 3332 4805 enim
3365 4757 3524 4815 sunt,

391 4907 449 4964 ἧς
491 4900 550 4954 Ρ.
591 4900 694 4955 606
733 4898 839 4952 ED.
881 4896 1190 4966 POTTER,
1235 4902 1334 4955 ⁵312
1371 4901 1475 4956 ED.
1517 4899 1738 4955 PARlS.
1817 4910 1842 4937 δ

1973 4894 2066 4950 ιιιι.
2109 4910 2170 4960 v,
2215 4893 2320 4955 44,
2356 4893 2446 4948 45.
2521 4893 2548 4932 δ
2587 4893 2717 4948 Ibid.
2757 4893 2847 4948 24.

389 5039 500 5113 (88)
547 5037 662 5113 Ἐφ’
687 5035 854 5113 ὅσοις.
883 5035 996 5113 Hoc
1025 5045 1128 5102 est,
1152 5055 1170 5086 ι
1192 5038 1506 5106 quantisper
1528 5039 1733 5113 versari
1765 5051 1869 5091 nos

316 5115 372 5168 in
398 5107 506 5166 hac
543 5109 648 5162 vita
695 5107 979 5177 contingit,
1019 5127 1036 5158 ι
1095 5123 1204 5161 non
1231 5123 1378 5170 vero,
1422 5117 1478 5160 ut
1535 5110 1696 5177 paulo
1743 5117 1866 5162 ante

317 5181 541 5244 dictum,
579 5180 657 5243 είς
687 5176 862 5230 πάντα
881 5177 1066 5230 αἰῶνα.

391 5251 502 5322 (ευ)
549 5247 750 5322 ’Υμ-ίὶςἐ
783 5245 943 5302 Addit
967 5247 1270 5322 hiatthazus,
1299 5246 1709 5322 mltbg‘rcgteirs
1739 5249 1866 5322 reb;

323 5316 805 5394 μιάοῦὲηαςῌύμᾶς,
832 5333 950 5385 quae
971 5316 1204 5394 fortasse
1231 5317 1616 5394 propter_x3_pdg
1667 5319 1866 5394 repeti-

321 5387 461 5452 tum,
489 5404 583 5456 per
607 5387 948 5456 librariorum
969 5387 1342 5456 negligentiam
1359 5387 1692 5442 exciderunt.
1721 5387 1863 5450 Mox,

320 5455 728 5529 ἐπηρεαζόντων
749 5455 895 5529 ὑμῖν,
921 5455 1188 5529 Μειώξη
1216 5459 1360 5520 dein,
1397 5458 1556 5529 761:9);
1602 5456 1828 5528 γένησθε
1851 5474 1865 5488 ·

320 5541 375 5587 et
400 5525 544 5593 mox,
581 5525 674 5597 τοῦ
699 5527 756 5578 ὲν
777 5525 1020 5597 ούρανοῖς
1041 5565 1056 5591 ,
1084 5528 1287 5597 absque
1310 5527 1556 5582 articulo.

394 5597 506 5668 (90)
534 5595 687 5668 ΑΤοῖς
723 5595 856 5649 τοῦ
890 5597 1166 5664 Χριστοῦ.
1203 5595 1448 5653 ’Βεοιίιιε
1494 5599 1551 5648 ἐν
1605 5599 1714 5668 τοῖς
1777 5595 1868 5649 τοῦ

325 5666 558 5742 Χριστού
577 5683 697 5742 cum
723 5669 1155 5742 praeposit._ttt_in_
1169 5683 1280 5738 seq.
1311 5668 1572 5742 membro.
1603 5667 1864 5721 Stultum.

393 5739 504 5811 (91)
547 5738 606 5790 '0
629 5734 846 5804 κριτὴς-
869 5735 951 5790 δέ.
990 5739 1096 5792 Καὶ
1135 5739 1162 5792 6
1186 5734 1394 5812 κριτής,
1427 5736 1610 5793 Matth.

2047 5029 2159 5099 (92)
2197 5029 2483 5099 Τοιαῦται.
2511 5029 2646 5082 Ante
2669 5030 2806 5084 hanc
2837 5044 3042 5099 vocem,
3069 5029 3133 5082 A.
3173 5026 3525 5099 inserendum

1971 5096 2150 5181 putat,
2178 5097 2301 5181 οὔτε
2335 5098 2590 5181 δυνάμεις
2607 5099 2844 5181 °‘deinde
2871 5109 2994 5153 ante
3016 5098 3090 5162 ὡς
3105 5096 3197 5179 τρῦ
3218 5099 3312 5181 μεν
3337 5115 3522 5169 στρατ.

1973 5167 2421 5234 interserendum,
2450 5167 2570 5220 οὕτε
2591 5168 2659 5221 τὰ
2691 5169 2948 5238 μέλλοντα
2968 5187 2980 5198 ο
3013 5181 3072 5222 ut
3105 5167 3328 5236 singulis
3353 5167 3526 5222 mem-

1973 5239 2086 5294 bris
2111 5255 2208 5294 sua
2251 5239 2572 5308 respondeat
2605 5237 2764 5292 ratio.
2807 5237 3004 5308 Primae
3035 5247 3212 5292 tamen
3243 5237 3524 5292 insertioni

1973 5311 2153 5365 obstat
2197 5307 2476 5363 relativum
2527 5309 2709 5373 αὐτόν,
2759 5307 2902 5376 quod
2961 5323 2990 5362 a
3039 5323 3140 5363 suo
3178 5307 3526 5363 antecedente

1972 5379 2200 5434 discludi
2231 5393 2338 5432 non
2367 5387 2558 5447 potest.
2580 5376 2690 5432 Nec
2713 5379 2877 5433 altera
2923 5395 3094 5448 usque
3118 5379 3250 5432 adeo
3275 5391 3520 5448 necessa-

1974 5451 2055 5505 ria
2083 5458 2194 5514 est;
2222 5465 2348 5504 cum
2375 5448 2532 5503 militi
2561 5464 2734 5518 spem,
2775 5459 2830 5504 et
2875 5447 3162 5503 mercatori
3191 5449 3400 5502 lucrum
3421 5489 3435 5510 ,
3471 5447 3524 5500 in

1974 5520 2077 5575 hac
2103 5520 2211 5572 vita
2231 5560 2246 5586 ,
2279 5527 2541 5590 tanquam
2591 5521 2908 5588 prmsentia,
2948 5519 3220 5590 proposita
3262 5531 3380 5570 esse
3411 5518 3526 5584 ipse

1975 5591 2224 5646 Clemens
2254 5587 2472 5644 indicet.
2504 5587 2764 5644 Gnostico
2815 5587 3075 5659 sane'jam
3117 5603 3354 5659 praesens
3405 5601 3528 5640 esse

1969 5661 2044 5724 id,
2077 5659 2218 5727 quod
2246 5659 2488 5714 futurum
2511 5668 2613 5726 est,
2635 5660 2776 5716 idem
2807 5659 2946 5716 infra
2968 5657 3226 5715 declarat.
3261 5657 3524 5712 Sustine.
