  <div class='ocr_page' id='page_1' title='image "/cluster/home/n/w/nwhite01/storage/ocr_20150623/8/hvd.32044073501306/662.png"; bbox 0 0 3956 6318; ppageno 0'>
   <div class='ocr_carea' id='block_1_1' title="bbox 246 407 388 463">
    <p class='ocr_par' dir='ltr' id='par_1_1' title="bbox 246 407 388 463">
     <span class='ocr_line' id='line_1_1' title="bbox 246 407 388 463; baseline 0.007 -1"><span class='ocrx_word' id='word_1_1' title='bbox 246 407 388 463; x_wconf 76' lang='grc'><strong>1509</strong></span> 
     </span>
    </p>
   </div>
   <div class='ocr_carea' id='block_1_2' title="bbox 1470 403 2148 463">
    <p class='ocr_par' dir='ltr' id='par_1_2' title="bbox 1470 403 2148 463">
     <span class='ocr_line' id='line_1_2' title="bbox 1470 403 2148 463; baseline -0.003 -1"><span class='ocrx_word' id='word_1_2' title='bbox 1470 403 1552 463; x_wconf 89' lang='lat' dir='ltr'><strong>ST</strong></span> <span class='ocrx_word' id='word_1_3' title='bbox 1561 403 1900 462; x_wconf 80' lang='lat' dir='ltr'><strong>ROMATUM</strong></span> <span class='ocrx_word' id='word_1_4' title='bbox 1929 403 2052 459; x_wconf 87' lang='lat' dir='ltr'><strong>LlB.</strong></span> <span class='ocrx_word' id='word_1_5' title='bbox 2092 403 2148 460; x_wconf 61' lang='grc' dir='ltr'><strong>ιι</strong></span> 
     </span>
    </p>
   </div>
   <div class='ocr_carea' id='block_1_3' title="bbox 3325 395 3460 452">
    <p class='ocr_par' dir='ltr' id='par_1_3' title="bbox 3325 395 3460 452">
     <span class='ocr_line' id='line_1_3' title="bbox 3325 395 3460 452; baseline -0.015 0"><span class='ocrx_word' id='word_1_6' title='bbox 3325 395 3460 452; x_wconf 76' lang='grc'><strong>1510</strong></span> 
     </span>
    </p>
   </div>
   <div class='ocr_carea' id='block_1_4' title="bbox 244 513 1786 596">
    <p class='ocr_par' dir='ltr' id='par_1_4' title="bbox 244 518 1782 596">
     <span class='ocr_line' id='line_1_4' title="bbox 244 518 1782 596; baseline 0 -22"><span class='ocrx_word' id='word_1_7' title='bbox 244 539 354 575; x_wconf 86' lang='grc' dir='ltr'><strong>των</strong></span> <span class='ocrx_word' id='word_1_8' title='bbox 387 521 544 574; x_wconf 89' lang='grc' dir='ltr'>θείων</span> <span class='ocrx_word' id='word_1_9' title='bbox 575 523 914 594; x_wconf 79' lang='grc' dir='ltr'><strong>παρίστησιν.</strong></span> <span class='ocrx_word' id='word_1_10' title='bbox 961 518 1078 576; x_wconf 73' lang='grc' dir='ltr'><strong>«ἾΙ</strong></span> <span class='ocrx_word' id='word_1_11' title='bbox 1121 523 1226 596; x_wconf 82' lang='grc' dir='ltr'>γὰρ</span> <span class='ocrx_word' id='word_1_12' title='bbox 1266 523 1326 577; x_wconf 83' lang='grc' dir='ltr'><strong>οὗ</strong></span> <span class='ocrx_word' id='word_1_13' title='bbox 1367 523 1560 588; x_wconf 78' lang='grc' dir='ltr'><strong>πίστει,</strong></span> <span class='ocrx_word' id='word_1_14' title='bbox 1585 543 1602 575; x_wconf 76' lang='grc' dir='ltr'>ι</span> <span class='ocrx_word' id='word_1_15' title='bbox 1651 523 1782 594; x_wconf 74' lang='grc' dir='ltr'>φησὶ</span> 
     </span>
    </p>
   </div>
   <div class='ocr_carea' id='block_1_5' title="bbox 1884 513 3461 596">
    <p class='ocr_par' dir='ltr' id='par_1_5' title="bbox 1908 513 3461 590">
     <span class='ocr_line' id='line_1_5' title="bbox 1908 513 3461 590; baseline -0.006 -15"><span class='ocrx_word' id='word_1_16' title='bbox 1908 521 2028 575; x_wconf 86' lang='lat' dir='ltr'><strong>fidei</strong></span> <span class='ocrx_word' id='word_1_17' title='bbox 2081 521 2146 575; x_wconf 89' lang='lat' dir='ltr'><strong>ad</strong></span> <span class='ocrx_word' id='word_1_18' title='bbox 2177 519 2589 590; x_wconf 86' lang='lat' dir='ltr'><strong>acquisitionem</strong></span> <span class='ocrx_word' id='word_1_19' title='bbox 2618 537 2637 572; x_wconf 66' lang='grc' dir='ltr'><strong>ι</strong></span> <span class='ocrx_word' id='word_1_20' title='bbox 2685 517 2942 572; x_wconf 51' lang='lat' dir='ltr'><strong>animae...</strong></span> <span class='ocrx_word' id='word_1_21' title='bbox 2981 513 3182 570; x_wconf 85' lang='lat' dir='ltr'><strong>Deinde</strong></span> <span class='ocrx_word' id='word_1_22' title='bbox 3240 513 3461 566; x_wconf 60' lang='lat' dir='ltr'><strong>adduc}:</strong></span> 
     </span>
    </p>
   </div>
   <div class='ocr_carea' id='block_1_6' title="bbox 243 613 1806 687">
    <p class='ocr_par' dir='ltr' id='par_1_6' title="bbox 243 613 1806 687">
     <span class='ocr_line' id='line_1_6' title="bbox 243 613 1806 687; baseline 0.003 -22"><span class='ocrx_word' id='word_1_23' title='bbox 243 631 272 664; x_wconf 64' lang='grc' dir='ltr'>ι</span> <span class='ocrx_word' id='word_1_24' title='bbox 297 613 364 666; x_wconf 77' lang='grc' dir='ltr'>δι’</span> <span class='ocrx_word' id='word_1_25' title='bbox 392 613 668 684; x_wconf 75' lang='grc' dir='ltr'><strong>ὑπομονῆς</strong></span> <span class='ocrx_word' id='word_1_26' title='bbox 698 613 1060 687; x_wconf 84' lang='grc' dir='ltr'>κατώρθωσαν</span> <span class='ocrx_word' id='word_1_27' title='bbox 1101 615 1210 686; x_wconf 87' lang='grc'>(22)</span> <span class='ocrx_word' id='word_1_28' title='bbox 1255 616 1303 668; x_wconf 77' lang='lat' dir='ltr'><strong>oi</strong></span> <span class='ocrx_word' id='word_1_29' title='bbox 1347 616 1672 686; x_wconf 76' lang='grc' dir='ltr'><strong>ἐμπαιγμῶν</strong></span> <span class='ocrx_word' id='word_1_30' title='bbox 1711 617 1806 669; x_wconf 78' lang='grc' dir='ltr'>καὶ</span> 
     </span>
    </p>
   </div>
   <div class='ocr_carea' id='block_1_7' title="bbox 241 701 1802 776">
    <p class='ocr_par' dir='ltr' id='par_1_7' title="bbox 241 701 1802 776">
     <span class='ocr_line' id='line_1_7' title="bbox 241 701 1802 776; baseline 0.003 -23"><span class='ocrx_word' id='word_1_31' title='bbox 241 701 526 771; x_wconf 76' lang='grc' dir='ltr'>μαστίγων</span> <span class='ocrx_word' id='word_1_32' title='bbox 553 705 741 774; x_wconf 73' lang='grc' dir='ltr'>πεῖραν</span> <span class='ocrx_word' id='word_1_33' title='bbox 769 703 1016 768; x_wconf 83' lang='grc' dir='ltr'>λαϐόντες</span> <span class='ocrx_word' id='word_1_34' title='bbox 1046 705 1176 775; x_wconf 83' lang='grc'>(25),</span> <span class='ocrx_word' id='word_1_35' title='bbox 1203 705 1278 758; x_wconf 75' lang='grc' dir='ltr'>ἔτι</span> <span class='ocrx_word' id='word_1_36' title='bbox 1297 705 1352 758; x_wconf 90' lang='grc' dir='ltr'><strong>δέ</strong></span> <span class='ocrx_word' id='word_1_37' title='bbox 1366 705 1574 776; x_wconf 81' lang='grc' dir='ltr'>δεσμῶν</span> <span class='ocrx_word' id='word_1_38' title='bbox 1592 707 1685 758; x_wconf 77' lang='grc' dir='ltr'>καὶ</span> <span class='ocrx_word' id='word_1_39' title='bbox 1707 723 1802 775; x_wconf 68' lang='grc' dir='ltr'>φυς-</span> 
     </span>
    </p>
   </div>
   <div class='ocr_carea' id='block_1_8' title="bbox 241 792 1804 870">
    <p class='ocr_par' dir='ltr' id='par_1_8' title="bbox 241 792 1804 870">
     <span class='ocr_line' id='line_1_8' title="bbox 241 792 1804 870; baseline 0.004 -26"><span class='ocrx_word' id='word_1_40' title='bbox 241 792 446 864; x_wconf 84' lang='grc' dir='ltr'>λακῆς;</span> <span class='ocrx_word' id='word_1_41' title='bbox 473 794 875 866; x_wconf 86' lang='grc' dir='ltr'>Ἐλιθάσθησαν,</span> <span class='ocrx_word' id='word_1_42' title='bbox 900 797 1295 870; x_wconf 76' lang='grc' dir='ltr'><strong>ἐπειράσθησαν</strong></span> <span class='ocrx_word' id='word_1_43' title='bbox 1317 797 1448 868; x_wconf 66' lang='grc'>(24),</span> <span class='ocrx_word' id='word_1_44' title='bbox 1475 801 1532 852; x_wconf 89' lang='grc' dir='ltr'><strong>ἐν</strong></span> <span class='ocrx_word' id='word_1_45' title='bbox 1547 797 1690 868; x_wconf 82' lang='grc' dir='ltr'>φόνῳ</span> <span class='ocrx_word' id='word_1_46' title='bbox 1708 813 1804 868; x_wconf 88' lang='grc' dir='ltr'>μα-</span> 
     </span>
    </p>
   </div>
   <div class='ocr_carea' id='block_1_9' title="bbox 243 885 1800 960">
    <p class='ocr_par' dir='ltr' id='par_1_9' title="bbox 243 885 1800 960">
     <span class='ocr_line' id='line_1_9' title="bbox 243 885 1800 960; baseline 0.002 -23"><span class='ocrx_word' id='word_1_47' title='bbox 243 885 442 956; x_wconf 85' lang='grc' dir='ltr'>χαίρας</span> <span class='ocrx_word' id='word_1_48' title='bbox 461 887 724 940; x_wconf 81' lang='grc' dir='ltr'>ἀπέθανον</span> <span class='ocrx_word' id='word_1_49' title='bbox 741 903 756 918; x_wconf 70' lang='grc'><strong>⁸</strong></span> <span class='ocrx_word' id='word_1_50' title='bbox 793 887 1074 960; x_wconf 83' lang='grc' dir='ltr'><strong>περιῆλθον</strong></span> <span class='ocrx_word' id='word_1_51' title='bbox 1097 892 1154 942; x_wconf 82' lang='grc' dir='ltr'>ἐν</span> <span class='ocrx_word' id='word_1_52' title='bbox 1181 889 1468 960; x_wconf 82' lang='grc' dir='ltr'><strong>μηλωταῖς,</strong></span> <span class='ocrx_word' id='word_1_53' title='bbox 1498 891 1555 942; x_wconf 91' lang='grc' dir='ltr'><strong>ἐν</strong></span> <span class='ocrx_word' id='word_1_54' title='bbox 1577 889 1800 956; x_wconf 81' lang='grc' dir='ltr'>αίγείοις</span> 
     </span>
    </p>
   </div>
   <div class='ocr_carea' id='block_1_10' title="bbox 238 976 1796 1052">
    <p class='ocr_par' dir='ltr' id='par_1_10' title="bbox 238 976 1796 1052">
     <span class='ocr_line' id='line_1_10' title="bbox 238 976 1796 1052; baseline 0.003 -23"><span class='ocrx_word' id='word_1_55' title='bbox 238 976 528 1049; x_wconf 85' lang='grc' dir='ltr'>δέρμασιν,</span> <span class='ocrx_word' id='word_1_56' title='bbox 569 979 966 1051; x_wconf 78' lang='grc' dir='ltr'><strong>ὑστερούμενοι,</strong></span> <span class='ocrx_word' id='word_1_57' title='bbox 997 979 1316 1052; x_wconf 87' lang='grc' dir='ltr'>θλιϐόμενοι,</span> <span class='ocrx_word' id='word_1_58' title='bbox 1356 980 1796 1051; x_wconf 75' lang='grc' dir='ltr'><strong>κακουχούμενοι,</strong></span> 
     </span>
    </p>
   </div>
   <div class='ocr_carea' id='block_1_11' title="bbox 237 1061 1795 1142">
    <p class='ocr_par' dir='ltr' id='par_1_11' title="bbox 237 1061 1795 1142">
     <span class='ocr_line' id='line_1_11' title="bbox 237 1061 1795 1142; baseline 0.001 -22"><span class='ocrx_word' id='word_1_59' title='bbox 237 1061 320 1120; x_wconf 84' lang='grc' dir='ltr'><strong>ὧν</strong></span> <span class='ocrx_word' id='word_1_60' title='bbox 341 1069 440 1121; x_wconf 80' lang='grc' dir='ltr'><strong>οὒκ</strong></span> <span class='ocrx_word' id='word_1_61' title='bbox 465 1065 532 1139; x_wconf 82' lang='grc' dir='ltr'><strong>ἦν</strong></span> <span class='ocrx_word' id='word_1_62' title='bbox 557 1069 702 1135; x_wconf 79' lang='grc' dir='ltr'>ἄξιος</span> <span class='ocrx_word' id='word_1_63' title='bbox 735 1071 764 1123; x_wconf 86' lang='grc' dir='ltr'>ὁ</span> <span class='ocrx_word' id='word_1_64' title='bbox 795 1069 994 1140; x_wconf 52' lang='lat' dir='ltr'><strong>adma;</strong></span> <span class='ocrx_word' id='word_1_65' title='bbox 1013 1087 1029 1102; x_wconf 65' lang='grc' dir='ltr'><strong>ο</strong></span> <span class='ocrx_word' id='word_1_66' title='bbox 1061 1073 1118 1124; x_wconf 84' lang='grc' dir='ltr'><strong>ἐν</strong></span> <span class='ocrx_word' id='word_1_67' title='bbox 1155 1072 1406 1142; x_wconf 79' lang='grc' dir='ltr'><strong>ἐρημίαις</strong></span> <span class='ocrx_word' id='word_1_68' title='bbox 1443 1069 1795 1141; x_wconf 85' lang='grc' dir='ltr'>πλανώμενοι,</span> 
     </span>
    </p>
   </div>
   <div class='ocr_carea' id='block_1_12' title="bbox 239 1159 1794 1232">
    <p class='ocr_par' dir='ltr' id='par_1_12' title="bbox 239 1159 1794 1232">
     <span class='ocr_line' id='line_1_12' title="bbox 239 1159 1794 1232; baseline 0.004 -23"><span class='ocrx_word' id='word_1_69' title='bbox 239 1159 338 1210; x_wconf 75' lang='grc' dir='ltr'>καὶ</span> <span class='ocrx_word' id='word_1_70' title='bbox 369 1159 538 1229; x_wconf 77' lang='grc' dir='ltr'>ὄρεσι,</span> <span class='ocrx_word' id='word_1_71' title='bbox 577 1160 670 1213; x_wconf 77' lang='grc' dir='ltr'>καὶ</span> <span class='ocrx_word' id='word_1_72' title='bbox 718 1159 1013 1230; x_wconf 81' lang='grc' dir='ltr'><strong>σπηλαίοις,</strong></span> <span class='ocrx_word' id='word_1_73' title='bbox 1059 1160 1153 1213; x_wconf 73' lang='grc' dir='ltr'>καὶ</span> <span class='ocrx_word' id='word_1_74' title='bbox 1193 1165 1313 1224; x_wconf 84' lang='grc' dir='ltr'>ταῖς</span> <span class='ocrx_word' id='word_1_75' title='bbox 1357 1162 1516 1223; x_wconf 77' lang='grc' dir='ltr'>ὀπαῖς</span> <span class='ocrx_word' id='word_1_76' title='bbox 1549 1163 1648 1230; x_wconf 86' lang='grc' dir='ltr'>τῆς</span> <span class='ocrx_word' id='word_1_77' title='bbox 1672 1162 1794 1232; x_wconf 82' lang='grc' dir='ltr'>γῆς.</span> 
     </span>
    </p>
   </div>
   <div class='ocr_carea' id='block_1_13' title="bbox 237 1249 1797 1322">
    <p class='ocr_par' dir='ltr' id='par_1_13' title="bbox 237 1249 1797 1322">
     <span class='ocr_line' id='line_1_13' title="bbox 237 1249 1797 1322; baseline 0.001 -21"><span class='ocrx_word' id='word_1_78' title='bbox 237 1249 354 1302; x_wconf 78' lang='grc' dir='ltr'><strong>Καὶ</strong></span> <span class='ocrx_word' id='word_1_79' title='bbox 377 1249 574 1313; x_wconf 90' lang='grc' dir='ltr'>πάντες</span> <span class='ocrx_word' id='word_1_80' title='bbox 599 1249 708 1321; x_wconf 86' lang='grc'>(25)</span> <span class='ocrx_word' id='word_1_81' title='bbox 741 1250 1172 1322; x_wconf 81' lang='grc' dir='ltr'><strong>μαρτυρηθέντες</strong></span> <span class='ocrx_word' id='word_1_82' title='bbox 1197 1251 1282 1305; x_wconf 81' lang='grc' dir='ltr'>διὰ</span> <span class='ocrx_word' id='word_1_83' title='bbox 1305 1252 1401 1321; x_wconf 86' lang='grc' dir='ltr'>τῆς</span> <span class='ocrx_word' id='word_1_84' title='bbox 1421 1253 1670 1316; x_wconf 87' lang='grc' dir='ltr'>πίστεως,</span> <span class='ocrx_word' id='word_1_85' title='bbox 1700 1253 1797 1304; x_wconf 79' lang='grc' dir='ltr'><strong>οὐκ</strong></span> 
     </span>
    </p>
   </div>
   <div class='ocr_carea' id='block_1_14' title="bbox 236 1341 1796 1413">
    <p class='ocr_par' dir='ltr' id='par_1_14' title="bbox 236 1341 1796 1413">
     <span class='ocr_line' id='line_1_14' title="bbox 236 1341 1796 1413; baseline 0.002 -20"><span class='ocrx_word' id='word_1_86' title='bbox 236 1341 566 1413; x_wconf 76' lang='grc' dir='ltr'><strong>ἐκομίσαντο</strong></span> <span class='ocrx_word' id='word_1_87' title='bbox 592 1343 690 1413; x_wconf 86' lang='grc' dir='ltr'>τὴν</span> <span class='ocrx_word' id='word_1_88' title='bbox 731 1343 1052 1412; x_wconf 76' lang='grc' dir='ltr'>ἐπαγγελίαν</span> <span class='ocrx_word' id='word_1_89' title='bbox 1088 1342 1180 1396; x_wconf 82' lang='grc' dir='ltr'><strong>τοῦ</strong></span> <span class='ocrx_word' id='word_1_90' title='bbox 1207 1343 1339 1396; x_wconf 85' lang='grc' dir='ltr'>Θεοῦ</span> <span class='ocrx_word' id='word_1_91' title='bbox 1359 1361 1371 1373; x_wconf 93' lang='grc'>·</span> <span class='ocrx_word' id='word_1_92' title='bbox 1400 1363 1418 1394; x_wconf 69' lang='grc' dir='ltr'><strong>ι</strong></span> <span class='ocrx_word' id='word_1_93' title='bbox 1450 1344 1796 1397; x_wconf 82' lang='grc' dir='ltr'>ἀπολείπεται</span> 
     </span>
    </p>
   </div>
   <div class='ocr_carea' id='block_1_15' title="bbox 235 1431 1789 1504">
    <p class='ocr_par' dir='ltr' id='par_1_15' title="bbox 235 1431 1789 1504">
     <span class='ocr_line' id='line_1_15' title="bbox 235 1431 1789 1504; baseline 0.001 -20"><span class='ocrx_word' id='word_1_94' title='bbox 235 1433 382 1484; x_wconf 90' lang='grc' dir='ltr'>νοεῖν</span> <span class='ocrx_word' id='word_1_95' title='bbox 420 1433 479 1484; x_wconf 79' lang='grc' dir='ltr'>τὸ</span> <span class='ocrx_word' id='word_1_96' title='bbox 527 1431 669 1485; x_wconf 82' lang='grc' dir='ltr'>κατὰ</span> <span class='ocrx_word' id='word_1_97' title='bbox 712 1431 1126 1504; x_wconf 80' lang='grc' dir='ltr'>παρασιώπησιν</span> <span class='ocrx_word' id='word_1_98' title='bbox 1169 1435 1285 1504; x_wconf 81' lang='grc' dir='ltr'>είρη</span> <span class='ocrx_word' id='word_1_99' title='bbox 1295 1433 1471 1504; x_wconf 85' lang='grc' dir='ltr'>μένον,</span> <span class='ocrx_word' id='word_1_100' title='bbox 1521 1453 1541 1484; x_wconf 76' lang='grc' dir='ltr'><strong>ι</strong></span> <span class='ocrx_word' id='word_1_101' title='bbox 1571 1435 1738 1504; x_wconf 83' lang='grc' dir='ltr'>μόνοι.</span> <span class='ocrx_word' id='word_1_102' title='bbox 1771 1453 1789 1486; x_wconf 79' lang='grc' dir='ltr'>ι</span> 
     </span>
    </p>
   </div>
   <div class='ocr_carea' id='block_1_16' title="bbox 247 1523 1800 1596">
    <p class='ocr_par' dir='ltr' id='par_1_16' title="bbox 247 1523 1800 1596">
     <span class='ocr_line' id='line_1_16' title="bbox 247 1523 1800 1596; baseline 0.002 -21"><span class='ocrx_word' id='word_1_103' title='bbox 247 1523 526 1594; x_wconf 82' lang='grc' dir='ltr'>Ἐπιφέρει</span> <span class='ocrx_word' id='word_1_104' title='bbox 558 1523 707 1592; x_wconf 78' lang='grc' dir='ltr'>γοῦψ</span> <span class='ocrx_word' id='word_1_105' title='bbox 753 1541 772 1575; x_wconf 80' lang='grc' dir='ltr'><strong>ι</strong></span> <span class='ocrx_word' id='word_1_106' title='bbox 799 1523 932 1594; x_wconf 74' lang='grc' dir='ltr'>Περὶ</span> <span class='ocrx_word' id='word_1_107' title='bbox 961 1523 1114 1594; x_wconf 83' lang='grc' dir='ltr'>ἡμῶν</span> <span class='ocrx_word' id='word_1_108' title='bbox 1140 1525 1378 1595; x_wconf 83' lang='grc' dir='ltr'>κρεῖττόν</span> <span class='ocrx_word' id='word_1_109' title='bbox 1415 1543 1466 1577; x_wconf 87' lang='grc' dir='ltr'><strong>τι</strong></span> <span class='ocrx_word' id='word_1_110' title='bbox 1493 1524 1800 1596; x_wconf 84' lang='grc' dir='ltr'>προειδομέ-</span> 
     </span>
    </p>
   </div>
   <div class='ocr_carea' id='block_1_17' title="bbox 231 1612 1794 1688">
    <p class='ocr_par' dir='ltr' id='par_1_17' title="bbox 231 1612 1794 1688">
     <span class='ocr_line' id='line_1_17' title="bbox 231 1612 1794 1688; baseline 0.003 -23"><span class='ocrx_word' id='word_1_111' title='bbox 231 1631 328 1666; x_wconf 89' lang='grc' dir='ltr'><strong>νυυ</strong></span> <span class='ocrx_word' id='word_1_112' title='bbox 361 1614 454 1667; x_wconf 88' lang='grc' dir='ltr'><strong>τοῦ</strong></span> <span class='ocrx_word' id='word_1_113' title='bbox 495 1613 650 1679; x_wconf 83' lang='grc' dir='ltr'>Θεοῦ,</span> <span class='ocrx_word' id='word_1_114' title='bbox 676 1629 694 1666; x_wconf 71' lang='grc' dir='ltr'><strong>ι</strong></span> <span class='ocrx_word' id='word_1_115' title='bbox 733 1615 952 1686; x_wconf 83' lang='grc' dir='ltr'>(ἀγαθὸς</span> <span class='ocrx_word' id='word_1_116' title='bbox 977 1617 1084 1688; x_wconf 83' lang='grc' dir='ltr'><strong>γὰρ</strong></span> <span class='ocrx_word' id='word_1_117' title='bbox 1113 1612 1180 1687; x_wconf 86' lang='grc' dir='ltr'><strong>ἦν</strong></span> <span class='ocrx_word' id='word_1_118' title='bbox 1209 1615 1374 1688; x_wconf 89' lang='grc'>(26)</span> <span class='ocrx_word' id='word_1_119' title='bbox 1413 1637 1430 1668; x_wconf 89' lang='grc'>‹</span> <span class='ocrx_word' id='word_1_120' title='bbox 1461 1617 1545 1671; x_wconf 82' lang='grc' dir='ltr'>ἵνα</span> <span class='ocrx_word' id='word_1_121' title='bbox 1581 1617 1654 1688; x_wconf 80' lang='grc' dir='ltr'>μὴ</span> <span class='ocrx_word' id='word_1_122' title='bbox 1686 1635 1794 1687; x_wconf 85' lang='grc' dir='ltr'><strong>χω-</strong></span> 
     </span>
    </p>
   </div>
   <div class='ocr_carea' id='block_1_18' title="bbox 229 1705 1793 1780">
    <p class='ocr_par' dir='ltr' id='par_1_18' title="bbox 229 1705 1793 1780">
     <span class='ocr_line' id='line_1_18' title="bbox 229 1705 1793 1780; baseline 0.003 -24"><span class='ocrx_word' id='word_1_123' title='bbox 229 1705 322 1776; x_wconf 68' lang='grc' dir='ltr'>ρὶς</span> <span class='ocrx_word' id='word_1_124' title='bbox 371 1707 524 1776; x_wconf 74' lang='grc' dir='ltr'>ἡμῶν</span> <span class='ocrx_word' id='word_1_125' title='bbox 553 1707 894 1760; x_wconf 88' lang='grc' dir='ltr'>τελειωθῶσι.</span> <span class='ocrx_word' id='word_1_126' title='bbox 943 1707 1238 1780; x_wconf 82' lang='grc' dir='ltr'>Τοιγαροῦν</span> <span class='ocrx_word' id='word_1_127' title='bbox 1269 1709 1362 1762; x_wconf 75' lang='grc' dir='ltr'>καὶ</span> <span class='ocrx_word' id='word_1_128' title='bbox 1390 1711 1566 1779; x_wconf 83' lang='grc' dir='ltr'><strong>ἡμεῖς,</strong></span> <span class='ocrx_word' id='word_1_129' title='bbox 1610 1708 1793 1762; x_wconf 88' lang='grc' dir='ltr'>τοσοῦ-</span> 
     </span>
    </p>
   </div>
   <div class='ocr_carea' id='block_1_19' title="bbox 229 1795 1795 1870">
    <p class='ocr_par' dir='ltr' id='par_1_19' title="bbox 229 1795 1795 1870">
     <span class='ocr_line' id='line_1_19' title="bbox 229 1795 1795 1870; baseline 0.003 -23"><span class='ocrx_word' id='word_1_130' title='bbox 229 1811 322 1848; x_wconf 87' lang='grc' dir='ltr'>τον</span> <span class='ocrx_word' id='word_1_131' title='bbox 349 1795 560 1864; x_wconf 78' lang='grc' dir='ltr'>ἔχοντες</span> <span class='ocrx_word' id='word_1_132' title='bbox 587 1799 960 1870; x_wconf 86' lang='grc' dir='ltr'>περικείμενον</span> <span class='ocrx_word' id='word_1_133' title='bbox 985 1801 1113 1868; x_wconf 83' lang='grc' dir='ltr'><strong>ἡμῖν</strong></span> <span class='ocrx_word' id='word_1_134' title='bbox 1145 1799 1301 1867; x_wconf 87' lang='grc' dir='ltr'>νέφος</span> <span class='ocrx_word' id='word_1_135' title='bbox 1329 1817 1346 1849; x_wconf 78' lang='grc' dir='ltr'>ι</span> <span class='ocrx_word' id='word_1_136' title='bbox 1380 1797 1532 1866; x_wconf 82' lang='grc' dir='ltr'>ἆγιον</span> <span class='ocrx_word' id='word_1_137' title='bbox 1551 1797 1644 1850; x_wconf 76' lang='grc' dir='ltr'><strong>καὶ</strong></span> <span class='ocrx_word' id='word_1_138' title='bbox 1675 1798 1795 1852; x_wconf 85' lang='grc' dir='ltr'>διει-</span> 
     </span>
    </p>
   </div>
   <div class='ocr_carea' id='block_1_20' title="bbox 1906 606 3455 681">
    <p class='ocr_par' dir='ltr' id='par_1_20' title="bbox 1906 606 3455 681">
     <span class='ocr_line' id='line_1_20' title="bbox 1906 606 3455 681; baseline -0.007 -14"><span class='ocrx_word' id='word_1_139' title='bbox 1906 613 2000 667; x_wconf 89' lang='lat' dir='ltr'><strong>tibi</strong></span> <span class='ocrx_word' id='word_1_140' title='bbox 2063 627 2286 668; x_wconf 79' lang='lat' dir='ltr'><strong>examen</strong></span> <span class='ocrx_word' id='word_1_141' title='bbox 2335 613 2704 681; x_wconf 75' lang='lat' dir='ltr'><strong>exemplorum</strong></span> <span class='ocrx_word' id='word_1_142' title='bbox 2753 611 3081 666; x_wconf 88' lang='lat' dir='ltr'><strong>divinorum.</strong></span> <span class='ocrx_word' id='word_1_143' title='bbox 3138 625 3160 660; x_wconf 73' lang='grc' dir='ltr'><strong>ι</strong></span> <span class='ocrx_word' id='word_1_144' title='bbox 3209 606 3400 659; x_wconf 81' lang='lat' dir='ltr'><strong>Annon</strong></span> <span class='ocrx_word' id='word_1_145' title='bbox 3439 645 3455 670; x_wconf 92' lang='lat'><strong>,</strong></span> 
     </span>
    </p>
   </div>
   <div class='ocr_carea' id='block_1_21' title="bbox 1903 697 3460 771">
    <p class='ocr_par' dir='ltr' id='par_1_21' title="bbox 1903 697 3460 771">
     <span class='ocr_line' id='line_1_21' title="bbox 1903 697 3460 771; baseline -0.003 -17"><span class='ocrx_word' id='word_1_146' title='bbox 1903 701 2120 771; x_wconf 90' lang='lat' dir='ltr'><strong>inquit,</strong></span> <span class='ocrx_word' id='word_1_147' title='bbox 2177 701 2282 756; x_wconf 82' lang='lat' dir='ltr'><strong>fide</strong></span> <span class='ocrx_word' id='word_1_148' title='bbox 2343 717 2438 770; x_wconf 91' lang='lat' dir='ltr'><strong>per</strong></span> <span class='ocrx_word' id='word_1_149' title='bbox 2492 701 2804 769; x_wconf 87' lang='lat' dir='ltr'><strong>patientiam</strong></span> <span class='ocrx_word' id='word_1_150' title='bbox 2865 715 2923 755; x_wconf 81' lang='lat' dir='ltr'><strong>se</strong></span> <span class='ocrx_word' id='word_1_151' title='bbox 2969 697 3226 768; x_wconf 66' lang='lat' dir='ltr'><strong>praeclare</strong></span> <span class='ocrx_word' id='word_1_152' title='bbox 3283 710 3460 764; x_wconf 80' lang='lat' dir='ltr'><strong>gesse-</strong></span> 
     </span>
    </p>
   </div>
   <div class='ocr_carea' id='block_1_22' title="bbox 1902 773 3454 862">
    <p class='ocr_par' dir='ltr' id='par_1_22' title="bbox 1902 773 3454 862">
     <span class='ocr_line' id='line_1_22' title="bbox 1902 773 3454 862; baseline -0.005 -14"><span class='ocrx_word' id='word_1_153' title='bbox 1902 803 2046 859; x_wconf 83' lang='lat' dir='ltr'><strong>runt,</strong></span> <span class='ocrx_word' id='word_1_154' title='bbox 2087 793 2178 862; x_wconf 82' lang='lat' dir='ltr'><strong>qui</strong></span> <span class='ocrx_word' id='word_1_155' title='bbox 2213 793 2443 847; x_wconf 89' lang='lat' dir='ltr'><strong>ludibria</strong></span> <span class='ocrx_word' id='word_1_156' title='bbox 2475 801 2526 846; x_wconf 90' lang='lat' dir='ltr'><strong>et</strong></span> <span class='ocrx_word' id='word_1_157' title='bbox 2557 791 2785 862; x_wconf 77' lang='lat' dir='ltr'><strong>ﬂagella,</strong></span> <span class='ocrx_word' id='word_1_158' title='bbox 2831 799 2886 844; x_wconf 86' lang='lat' dir='ltr'><strong>et</strong></span> <span class='ocrx_word' id='word_1_159' title='bbox 2913 789 3125 844; x_wconf 84' lang='lat' dir='ltr'><strong>vincula</strong></span> <span class='ocrx_word' id='word_1_160' title='bbox 3159 773 3454 858; x_wconf 68' lang='lat' dir='ltr'><strong>praeterea,</strong></span> 
     </span>
    </p>
   </div>
   <div class='ocr_carea' id='block_1_23' title="bbox 1899 880 3458 952">
    <p class='ocr_par' dir='ltr' id='par_1_23' title="bbox 1899 880 3458 952">
     <span class='ocr_line' id='line_1_23' title="bbox 1899 880 3458 952; baseline -0.004 -14"><span class='ocrx_word' id='word_1_161' title='bbox 1899 893 1954 938; x_wconf 85' lang='lat' dir='ltr'><strong>et</strong></span> <span class='ocrx_word' id='word_1_162' title='bbox 1983 899 2254 939; x_wconf 86' lang='lat' dir='ltr'><strong>carcerem</strong></span> <span class='ocrx_word' id='word_1_163' title='bbox 2295 887 2498 952; x_wconf 76' lang='lat' dir='ltr'><strong>experti</strong></span> <span class='ocrx_word' id='word_1_164' title='bbox 2533 883 2705 938; x_wconf 86' lang='lat' dir='ltr'><strong>sunt?</strong></span> <span class='ocrx_word' id='word_1_165' title='bbox 2757 881 3000 951; x_wconf 86' lang='lat' dir='ltr'><strong>Lapidati</strong></span> <span class='ocrx_word' id='word_1_166' title='bbox 3041 880 3292 943; x_wconf 80' lang='lat' dir='ltr'><strong>fuerunt,</strong></span> <span class='ocrx_word' id='word_1_167' title='bbox 3343 889 3458 932; x_wconf 83' lang='lat' dir='ltr'><strong>ten-</strong></span> 
     </span>
    </p>
   </div>
   <div class='ocr_carea' id='block_1_24' title="bbox 1899 973 3456 1044">
    <p class='ocr_par' dir='ltr' id='par_1_24' title="bbox 1899 973 3456 1044">
     <span class='ocr_line' id='line_1_24' title="bbox 1899 973 3456 1044; baseline -0.003 -14"><span class='ocrx_word' id='word_1_168' title='bbox 1899 977 1998 1030; x_wconf 88' lang='lat' dir='ltr'><strong>tati</strong></span> <span class='ocrx_word' id='word_1_169' title='bbox 2029 984 2176 1040; x_wconf 86' lang='lat' dir='ltr'><strong>sunt,</strong></span> <span class='ocrx_word' id='word_1_170' title='bbox 2223 976 2278 1030; x_wconf 89' lang='lat' dir='ltr'><strong>in</strong></span> <span class='ocrx_word' id='word_1_171' title='bbox 2309 975 2454 1030; x_wconf 67' lang='lat' dir='ltr'><strong>caede</strong></span> <span class='ocrx_word' id='word_1_172' title='bbox 2483 976 2646 1044; x_wconf 76' lang='lat' dir='ltr'><strong>gladii</strong></span> <span class='ocrx_word' id='word_1_173' title='bbox 2694 973 2894 1028; x_wconf 79' lang='lat' dir='ltr'><strong>mortui</strong></span> <span class='ocrx_word' id='word_1_174' title='bbox 2935 982 3082 1037; x_wconf 89' lang='lat' dir='ltr'><strong>sunt,</strong></span> <span class='ocrx_word' id='word_1_175' title='bbox 3121 973 3456 1026; x_wconf 88' lang='lat' dir='ltr'><strong>circuierunt</strong></span> 
     </span>
    </p>
   </div>
   <div class='ocr_carea' id='block_1_25' title="bbox 1899 1064 3456 1137">
    <p class='ocr_par' dir='ltr' id='par_1_25' title="bbox 1899 1064 3456 1137">
     <span class='ocr_line' id='line_1_25' title="bbox 1899 1064 3456 1137; baseline -0.003 -15"><span class='ocrx_word' id='word_1_176' title='bbox 1899 1067 1954 1122; x_wconf 93' lang='lat' dir='ltr'><strong>in</strong></span> <span class='ocrx_word' id='word_1_177' title='bbox 1988 1069 2166 1123; x_wconf 90' lang='lat' dir='ltr'><strong>ovinis</strong></span> <span class='ocrx_word' id='word_1_178' title='bbox 2197 1077 2250 1122; x_wconf 92' lang='lat' dir='ltr'><strong>et</strong></span> <span class='ocrx_word' id='word_1_179' title='bbox 2279 1069 2516 1137; x_wconf 80' lang='lat' dir='ltr'><strong>caprinis</strong></span> <span class='ocrx_word' id='word_1_180' title='bbox 2563 1067 2813 1136; x_wconf 85' lang='lat' dir='ltr'><strong>pellibus,</strong></span> <span class='ocrx_word' id='word_1_181' title='bbox 2860 1075 3096 1136; x_wconf 77' lang='lat' dir='ltr'><strong>egentes,</strong></span> <span class='ocrx_word' id='word_1_182' title='bbox 3129 1064 3332 1129; x_wconf 81' lang='lat' dir='ltr'><strong>afllicti,</strong></span> <span class='ocrx_word' id='word_1_183' title='bbox 3363 1079 3456 1118; x_wconf 81' lang='lat' dir='ltr'><strong>ve-</strong></span> 
     </span>
    </p>
   </div>
   <div class='ocr_carea' id='block_1_26' title="bbox 1897 1157 3456 1230">
    <p class='ocr_par' dir='ltr' id='par_1_26' title="bbox 1897 1157 3456 1230">
     <span class='ocr_line' id='line_1_26' title="bbox 1897 1157 3456 1230; baseline -0.003 -16"><span class='ocrx_word' id='word_1_184' title='bbox 1897 1161 2032 1224; x_wconf 78' lang='lat' dir='ltr'><strong>xati,</strong></span> <span class='ocrx_word' id='word_1_185' title='bbox 2081 1161 2278 1230; x_wconf 86' lang='lat' dir='ltr'><strong>quibus</strong></span> <span class='ocrx_word' id='word_1_186' title='bbox 2314 1161 2512 1230; x_wconf 80' lang='lat' dir='ltr'><strong>dignus</strong></span> <span class='ocrx_word' id='word_1_187' title='bbox 2549 1175 2656 1214; x_wconf 89' lang='lat' dir='ltr'><strong>non</strong></span> <span class='ocrx_word' id='word_1_188' title='bbox 2683 1168 2800 1214; x_wconf 88' lang='lat' dir='ltr'><strong>erat</strong></span> <span class='ocrx_word' id='word_1_189' title='bbox 2833 1161 3104 1222; x_wconf 88' lang='lat' dir='ltr'><strong>mundus;</strong></span> <span class='ocrx_word' id='word_1_190' title='bbox 3135 1157 3188 1210; x_wconf 89' lang='lat' dir='ltr'><strong>in</strong></span> <span class='ocrx_word' id='word_1_191' title='bbox 3219 1157 3456 1212; x_wconf 87' lang='lat' dir='ltr'><strong>solitudi-</strong></span> 
     </span>
    </p>
   </div>
   <div class='ocr_carea' id='block_1_27' title="bbox 1899 1247 3451 1317">
    <p class='ocr_par' dir='ltr' id='par_1_27' title="bbox 1899 1247 3451 1317">
     <span class='ocr_line' id='line_1_27' title="bbox 1899 1247 3451 1317; baseline -0.001 -13"><span class='ocrx_word' id='word_1_192' title='bbox 1899 1251 2060 1305; x_wconf 85' lang='lat' dir='ltr'><strong>nibus</strong></span> <span class='ocrx_word' id='word_1_193' title='bbox 2083 1259 2348 1316; x_wconf 82' lang='lat' dir='ltr'><strong>errantes,</strong></span> <span class='ocrx_word' id='word_1_194' title='bbox 2373 1258 2426 1304; x_wconf 89' lang='lat' dir='ltr'><strong>et</strong></span> <span class='ocrx_word' id='word_1_195' title='bbox 2447 1250 2740 1314; x_wconf 84' lang='lat' dir='ltr'><strong>montibus,</strong></span> <span class='ocrx_word' id='word_1_196' title='bbox 2769 1258 2824 1304; x_wconf 89' lang='lat' dir='ltr'><strong>et</strong></span> <span class='ocrx_word' id='word_1_197' title='bbox 2859 1248 3164 1317; x_wconf 79' lang='lat' dir='ltr'><strong>speluncis,</strong></span> <span class='ocrx_word' id='word_1_198' title='bbox 3211 1256 3266 1302; x_wconf 90' lang='lat' dir='ltr'><strong>et</strong></span> <span class='ocrx_word' id='word_1_199' title='bbox 3304 1247 3451 1302; x_wconf 52' lang='lat' dir='ltr'><strong>fora.</strong></span> 
     </span>
    </p>
   </div>
   <div class='ocr_carea' id='block_1_28' title="bbox 1897 1338 3452 1407">
    <p class='ocr_par' dir='ltr' id='par_1_28' title="bbox 1897 1338 3452 1407">
     <span class='ocr_line' id='line_1_28' title="bbox 1897 1338 3452 1407; baseline -0.002 -13"><span class='ocrx_word' id='word_1_200' title='bbox 1897 1341 2136 1396; x_wconf 86' lang='lat' dir='ltr'><strong>minibus</strong></span> <span class='ocrx_word' id='word_1_201' title='bbox 2155 1351 2326 1396; x_wconf 67' lang='lat' dir='ltr'><strong>terrae.</strong></span> <span class='ocrx_word' id='word_1_202' title='bbox 2353 1340 2418 1394; x_wconf 81' lang='lat' dir='ltr'><strong>Et</strong></span> <span class='ocrx_word' id='word_1_203' title='bbox 2445 1341 2501 1394; x_wconf 90' lang='lat' dir='ltr'><strong>hi</strong></span> <span class='ocrx_word' id='word_1_204' title='bbox 2527 1355 2716 1395; x_wconf 86' lang='lat' dir='ltr'><strong>omnes</strong></span> <span class='ocrx_word' id='word_1_205' title='bbox 2741 1338 3049 1394; x_wconf 89' lang='lat' dir='ltr'><strong>testimonio</strong></span> <span class='ocrx_word' id='word_1_206' title='bbox 3073 1339 3194 1393; x_wconf 83' lang='lat' dir='ltr'><strong>fidei</strong></span> <span class='ocrx_word' id='word_1_207' title='bbox 3217 1339 3452 1407; x_wconf 81' lang='lat' dir='ltr'><strong>probati,</strong></span> 
     </span>
    </p>
   </div>
   <div class='ocr_carea' id='block_1_29' title="bbox 1895 1431 3454 1502">
    <p class='ocr_par' dir='ltr' id='par_1_29' title="bbox 1895 1431 3454 1502">
     <span class='ocr_line' id='line_1_29' title="bbox 1895 1431 3454 1502; baseline -0.003 -15"><span class='ocrx_word' id='word_1_208' title='bbox 1895 1447 2018 1488; x_wconf 68' lang='lat' dir='ltr'><strong>non&#39;</strong></span> <span class='ocrx_word' id='word_1_209' title='bbox 2049 1443 2376 1502; x_wconf 87' lang='lat' dir='ltr'><strong>acceperunt</strong></span> <span class='ocrx_word' id='word_1_210' title='bbox 2413 1431 2896 1502; x_wconf 63' lang='lat' dir='ltr'><strong>promissionemp</strong></span> <span class='ocrx_word' id='word_1_211' title='bbox 2939 1439 3108 1486; x_wconf 86' lang='lat' dir='ltr'><strong>restat</strong></span> <span class='ocrx_word' id='word_1_212' title='bbox 3152 1431 3454 1486; x_wconf 86' lang='lat' dir='ltr'><strong>subintelli-</strong></span> 
     </span>
    </p>
   </div>
   <div class='ocr_carea' id='block_1_30' title="bbox 1895 1521 3454 1596">
    <p class='ocr_par' dir='ltr' id='par_1_30' title="bbox 1895 1521 3454 1596">
     <span class='ocr_line' id='line_1_30' title="bbox 1895 1521 3454 1596; baseline -0.003 -16"><span class='ocrx_word' id='word_1_213' title='bbox 1895 1525 2150 1595; x_wconf 76' lang='lat' dir='ltr'><strong>gendum,</strong></span> <span class='ocrx_word' id='word_1_214' title='bbox 2183 1526 2326 1596; x_wconf 89' lang='lat' dir='ltr'><strong>quod</strong></span> <span class='ocrx_word' id='word_1_215' title='bbox 2358 1525 2520 1579; x_wconf 87' lang='lat' dir='ltr'><strong>tacite</strong></span> <span class='ocrx_word' id='word_1_216' title='bbox 2548 1525 2752 1578; x_wconf 85' lang='lat' dir='ltr'><strong>dictum</strong></span> <span class='ocrx_word' id='word_1_217' title='bbox 2792 1531 2894 1588; x_wconf 88' lang='lat' dir='ltr'><strong>est,</strong></span> <span class='ocrx_word' id='word_1_218' title='bbox 2935 1543 2954 1574; x_wconf 80' lang='grc' dir='ltr'>ι</span> <span class='ocrx_word' id='word_1_219' title='bbox 2987 1523 3110 1578; x_wconf 90' lang='lat' dir='ltr'><strong>soli.</strong></span> <span class='ocrx_word' id='word_1_220' title='bbox 3152 1542 3170 1574; x_wconf 77' lang='grc' dir='ltr'>ι</span> <span class='ocrx_word' id='word_1_221' title='bbox 3215 1521 3454 1592; x_wconf 70' lang='lat' dir='ltr'><strong>Subiun-</strong></span> 
     </span>
    </p>
   </div>
   <div class='ocr_carea' id='block_1_31' title="bbox 1895 1614 3454 1690">
    <p class='ocr_par' dir='ltr' id='par_1_31' title="bbox 1895 1614 3454 1690">
     <span class='ocr_line' id='line_1_31' title="bbox 1895 1614 3454 1690; baseline -0.001 -19"><span class='ocrx_word' id='word_1_222' title='bbox 1895 1619 1972 1690; x_wconf 80' lang='lat' dir='ltr'><strong>git</strong></span> <span class='ocrx_word' id='word_1_223' title='bbox 2018 1621 2237 1690; x_wconf 82' lang='lat' dir='ltr'><strong>itaque:</strong></span> <span class='ocrx_word' id='word_1_224' title='bbox 2299 1637 2318 1670; x_wconf 81' lang='grc' dir='ltr'>ι</span> <span class='ocrx_word' id='word_1_225' title='bbox 2355 1617 2490 1672; x_wconf 89' lang='lat' dir='ltr'><strong>Cum</strong></span> <span class='ocrx_word' id='word_1_226' title='bbox 2538 1617 2605 1672; x_wconf 87' lang='lat' dir='ltr'><strong>de</strong></span> <span class='ocrx_word' id='word_1_227' title='bbox 2649 1617 2804 1672; x_wconf 87' lang='lat' dir='ltr'><strong>nobis</strong></span> <span class='ocrx_word' id='word_1_228' title='bbox 2847 1617 3040 1671; x_wconf 86' lang='lat' dir='ltr'><strong>melius</strong></span> <span class='ocrx_word' id='word_1_229' title='bbox 3072 1615 3274 1685; x_wconf 88' lang='lat' dir='ltr'><strong>aliquid</strong></span> <span class='ocrx_word' id='word_1_230' title='bbox 3309 1614 3454 1670; x_wconf 85' lang='lat' dir='ltr'><strong>Deus</strong></span> 
     </span>
    </p>
   </div>
   <div class='ocr_carea' id='block_1_32' title="bbox 1895 1707 3451 1781">
    <p class='ocr_par' dir='ltr' id='par_1_32' title="bbox 1895 1707 3451 1781">
     <span class='ocr_line' id='line_1_32' title="bbox 1895 1707 3451 1781; baseline -0.002 -17"><span class='ocrx_word' id='word_1_231' title='bbox 1895 1711 2230 1781; x_wconf 73' lang='lat' dir='ltr'><strong>praevidisset</strong></span> <span class='ocrx_word' id='word_1_232' title='bbox 2263 1710 2476 1780; x_wconf 87' lang='lat' dir='ltr'><strong>(bonus</strong></span> <span class='ocrx_word' id='word_1_233' title='bbox 2512 1708 2656 1762; x_wconf 91' lang='lat' dir='ltr'><strong>enim</strong></span> <span class='ocrx_word' id='word_1_234' title='bbox 2701 1707 2854 1776; x_wconf 85' lang='lat' dir='ltr'><strong>erat)</strong></span> <span class='ocrx_word' id='word_1_235' title='bbox 2897 1716 2958 1762; x_wconf 87' lang='lat' dir='ltr'><strong>ut</strong></span> <span class='ocrx_word' id='word_1_236' title='bbox 3001 1722 3109 1760; x_wconf 87' lang='lat' dir='ltr'><strong>non</strong></span> <span class='ocrx_word' id='word_1_237' title='bbox 3147 1709 3264 1761; x_wconf 89' lang='lat' dir='ltr'><strong>sine</strong></span> <span class='ocrx_word' id='word_1_238' title='bbox 3293 1707 3451 1761; x_wconf 86' lang='lat' dir='ltr'><strong>nobis</strong></span> 
     </span>
    </p>
   </div>
   <div class='ocr_carea' id='block_1_33' title="bbox 1895 1798 3449 1871">
    <p class='ocr_par' dir='ltr' id='par_1_33' title="bbox 1895 1798 3449 1871">
     <span class='ocr_line' id='line_1_33' title="bbox 1895 1798 3449 1871; baseline -0.003 -14"><span class='ocrx_word' id='word_1_239' title='bbox 1895 1803 2049 1871; x_wconf 76' lang='lat'><strong>221</strong></span> <span class='ocrx_word' id='word_1_240' title='bbox 2101 1811 2628 1856; x_wconf 82' lang='lat' dir='ltr'><strong>consummarentur.</strong></span> <span class='ocrx_word' id='word_1_241' title='bbox 2685 1801 2866 1869; x_wconf 84' lang='lat' dir='ltr'><strong>Itaque</strong></span> <span class='ocrx_word' id='word_1_242' title='bbox 2908 1814 3028 1854; x_wconf 87' lang='lat' dir='ltr'><strong>cum</strong></span> <span class='ocrx_word' id='word_1_243' title='bbox 3069 1807 3121 1852; x_wconf 89' lang='lat' dir='ltr'><strong>et</strong></span> <span class='ocrx_word' id='word_1_244' title='bbox 3166 1813 3268 1852; x_wconf 89' lang='lat' dir='ltr'><strong>nos</strong></span> <span class='ocrx_word' id='word_1_245' title='bbox 3305 1798 3449 1852; x_wconf 83' lang='lat' dir='ltr'><strong>circa</strong></span> 
     </span>
    </p>
   </div>
   <div class='ocr_carea' id='block_1_34' title="bbox 229 1873 1786 1960">
    <p class='ocr_par' dir='ltr' id='par_1_34' title="bbox 229 1879 1786 1960">
     <span class='ocr_line' id='line_1_34' title="bbox 229 1879 1786 1960; baseline 0.003 -22"><span class='ocrx_word' id='word_1_246' title='bbox 229 1886 318 1949; x_wconf 88' lang='grc' dir='ltr'><strong>δές</strong></span> <span class='ocrx_word' id='word_1_247' title='bbox 356 1888 464 1958; x_wconf 88' lang='grc'>(27)</span> <span class='ocrx_word' id='word_1_248' title='bbox 503 1907 522 1938; x_wconf 75' lang='grc' dir='ltr'>ι</span> <span class='ocrx_word' id='word_1_249' title='bbox 545 1889 854 1960; x_wconf 84' lang='grc' dir='ltr'>μαρτύρων,</span> <span class='ocrx_word' id='word_1_250' title='bbox 907 1879 1067 1957; x_wconf 74' lang='grc' dir='ltr'>ὄγκον</span> <span class='ocrx_word' id='word_1_251' title='bbox 1101 1889 1424 1960; x_wconf 81' lang='grc' dir='ltr'>ἀποθέμενοι</span> <span class='ocrx_word' id='word_1_252' title='bbox 1456 1889 1652 1952; x_wconf 87' lang='grc' dir='ltr'>πάντα,</span> <span class='ocrx_word' id='word_1_253' title='bbox 1701 1890 1786 1942; x_wconf 77' lang='grc' dir='ltr'>καὶ</span> 
     </span>
    </p>
   </div>
   <div class='ocr_carea' id='block_1_35' title="bbox 1884 1873 3448 1960">
    <p class='ocr_par' dir='ltr' id='par_1_35' title="bbox 1892 1890 3448 1958">
     <span class='ocr_line' id='line_1_35' title="bbox 1892 1890 3448 1958; baseline -0.003 -11"><span class='ocrx_word' id='word_1_254' title='bbox 1892 1909 1992 1949; x_wconf 88' lang='lat' dir='ltr'><strong>nos</strong></span> <span class='ocrx_word' id='word_1_255' title='bbox 2025 1894 2322 1949; x_wconf 84' lang='lat' dir='ltr'><strong>habeamus</strong></span> <span class='ocrx_word' id='word_1_256' title='bbox 2355 1903 2557 1948; x_wconf 85' lang='lat' dir='ltr'><strong>tantam</strong></span> <span class='ocrx_word' id='word_1_257' title='bbox 2581 1895 2780 1947; x_wconf 86' lang='lat' dir='ltr'><strong>nubem</strong></span> <span class='ocrx_word' id='word_1_258' title='bbox 2815 1912 2835 1944; x_wconf 75' lang='grc' dir='ltr'>ι</span> <span class='ocrx_word' id='word_1_259' title='bbox 2864 1901 3106 1946; x_wconf 84' lang='lat' dir='ltr'><strong>sanctam</strong></span> <span class='ocrx_word' id='word_1_260' title='bbox 3141 1899 3194 1944; x_wconf 89' lang='lat' dir='ltr'><strong>et</strong></span> <span class='ocrx_word' id='word_1_261' title='bbox 3223 1890 3448 1958; x_wconf 87' lang='lat' dir='ltr'><strong>pelluci-</strong></span> 
     </span>
    </p>
   </div>
   <div class='ocr_carea' id='block_1_36' title="bbox 229 1978 1792 2052">
    <p class='ocr_par' dir='ltr' id='par_1_36' title="bbox 229 1978 1792 2052">
     <span class='ocr_line' id='line_1_36' title="bbox 229 1978 1792 2052; baseline 0.003 -22"><span class='ocrx_word' id='word_1_262' title='bbox 229 1978 332 2050; x_wconf 79' lang='grc' dir='ltr'>τὴν</span> <span class='ocrx_word' id='word_1_263' title='bbox 367 1980 748 2050; x_wconf 84' lang='grc' dir='ltr'>εὐπερίστατον</span> <span class='ocrx_word' id='word_1_264' title='bbox 783 1981 1072 2052; x_wconf 78' lang='grc' dir='ltr'>ἁμαρτίαν,</span> <span class='ocrx_word' id='word_1_265' title='bbox 1114 1981 1178 2034; x_wconf 81' lang='grc' dir='ltr'>δι’</span> <span class='ocrx_word' id='word_1_266' title='bbox 1207 1981 1478 2052; x_wconf 75' lang='grc' dir='ltr'>ὑπομονῆς</span> <span class='ocrx_word' id='word_1_267' title='bbox 1515 1982 1792 2052; x_wconf 83' lang='grc' dir='ltr'>τρέχωμεν</span> 
     </span>
    </p>
   </div>
   <div class='ocr_carea' id='block_1_37' title="bbox 225 2071 1792 2144">
    <p class='ocr_par' dir='ltr' id='par_1_37' title="bbox 225 2071 1792 2144">
     <span class='ocr_line' id='line_1_37' title="bbox 225 2071 1792 2144; baseline 0 -20"><span class='ocrx_word' id='word_1_268' title='bbox 225 2071 322 2124; x_wconf 83' lang='grc' dir='ltr'><strong>τὸν</strong></span> <span class='ocrx_word' id='word_1_269' title='bbox 356 2073 708 2143; x_wconf 87' lang='grc' dir='ltr'>προκείμενον</span> <span class='ocrx_word' id='word_1_270' title='bbox 743 2076 869 2144; x_wconf 80' lang='grc' dir='ltr'>ἡμῖν</span> <span class='ocrx_word' id='word_1_271' title='bbox 896 2073 1101 2140; x_wconf 81' lang='grc' dir='ltr'>ἀγῶνα,</span> <span class='ocrx_word' id='word_1_272' title='bbox 1131 2073 1438 2144; x_wconf 78' lang='grc' dir='ltr'>ἀφορῶντες</span> <span class='ocrx_word' id='word_1_273' title='bbox 1471 2075 1548 2135; x_wconf 91' lang='grc' dir='ltr'><strong>είς</strong></span> <span class='ocrx_word' id='word_1_274' title='bbox 1579 2073 1668 2124; x_wconf 84' lang='grc' dir='ltr'>τὸν</span> <span class='ocrx_word' id='word_1_275' title='bbox 1695 2073 1792 2144; x_wconf 76' lang='grc' dir='ltr'>τῆς</span> 
     </span>
    </p>
   </div>
   <div class='ocr_carea' id='block_1_38' title="bbox 225 2163 1790 2235">
    <p class='ocr_par' dir='ltr' id='par_1_38' title="bbox 225 2163 1790 2235">
     <span class='ocr_line' id='line_1_38' title="bbox 225 2163 1790 2235; baseline 0.001 -18"><span class='ocrx_word' id='word_1_276' title='bbox 225 2165 468 2229; x_wconf 87' lang='grc' dir='ltr'>πίστεως</span> <span class='ocrx_word' id='word_1_277' title='bbox 496 2165 734 2235; x_wconf 78' lang='grc' dir='ltr'>ἀρχηγὸν</span> <span class='ocrx_word' id='word_1_278' title='bbox 761 2164 854 2216; x_wconf 78' lang='grc' dir='ltr'>καὶ</span> <span class='ocrx_word' id='word_1_279' title='bbox 901 2163 1186 2234; x_wconf 81' lang='grc' dir='ltr'>τελειωτὴν</span> <span class='ocrx_word' id='word_1_280' title='bbox 1221 2163 1444 2234; x_wconf 82' lang='grc' dir='ltr'>Ἰησοῦν.</span> <span class='ocrx_word' id='word_1_281' title='bbox 1474 2183 1492 2215; x_wconf 74' lang='grc' dir='ltr'>ι</span> <span class='ocrx_word' id='word_1_282' title='bbox 1538 2166 1658 2217; x_wconf 87' lang='grc' dir='ltr'><strong>Ὅτι</strong></span> <span class='ocrx_word' id='word_1_283' title='bbox 1694 2166 1790 2234; x_wconf 82' lang='grc' dir='ltr'>μὲν</span> 
     </span>
    </p>
   </div>
   <div class='ocr_carea' id='block_1_39' title="bbox 221 2251 1790 2326">
    <p class='ocr_par' dir='ltr' id='par_1_39' title="bbox 221 2251 1790 2326">
     <span class='ocr_line' id='line_1_39' title="bbox 221 2251 1790 2326; baseline -0.001 -16"><span class='ocrx_word' id='word_1_284' title='bbox 221 2251 318 2310; x_wconf 75' lang='grc' dir='ltr'>οὖν</span> <span class='ocrx_word' id='word_1_285' title='bbox 347 2257 476 2326; x_wconf 84' lang='grc' dir='ltr'>μίαν</span> <span class='ocrx_word' id='word_1_286' title='bbox 516 2256 782 2326; x_wconf 76' lang='grc' dir='ltr'>σωτηρίαν</span> <span class='ocrx_word' id='word_1_287' title='bbox 803 2254 950 2323; x_wconf 81' lang='grc' dir='ltr'>λέγει</span> <span class='ocrx_word' id='word_1_288' title='bbox 983 2257 1040 2308; x_wconf 83' lang='grc' dir='ltr'><strong>ἐν</strong></span> <span class='ocrx_word' id='word_1_289' title='bbox 1073 2255 1290 2326; x_wconf 83' lang='grc' dir='ltr'>Χριστῷ</span> <span class='ocrx_word' id='word_1_290' title='bbox 1314 2255 1420 2308; x_wconf 88' lang='grc' dir='ltr'><strong>τῶν</strong></span> <span class='ocrx_word' id='word_1_291' title='bbox 1448 2255 1670 2308; x_wconf 86' lang='grc' dir='ltr'>δικαίων</span> <span class='ocrx_word' id='word_1_292' title='bbox 1697 2257 1790 2309; x_wconf 74' lang='grc' dir='ltr'>καὶ</span> 
     </span>
    </p>
   </div>
   <div class='ocr_carea' id='block_1_40' title="bbox 223 2347 1788 2418">
    <p class='ocr_par' dir='ltr' id='par_1_40' title="bbox 223 2347 1788 2418">
     <span class='ocr_line' id='line_1_40' title="bbox 223 2347 1788 2418; baseline 0.001 -19"><span class='ocrx_word' id='word_1_293' title='bbox 223 2347 384 2417; x_wconf 71' lang='grc' dir='ltr'>ἡμῶν</span> <span class='ocrx_word' id='word_1_294' title='bbox 419 2347 552 2417; x_wconf 88' lang='grc'>(28),</span> <span class='ocrx_word' id='word_1_295' title='bbox 592 2347 776 2414; x_wconf 82' lang='grc' dir='ltr'>σαφῶς</span> <span class='ocrx_word' id='word_1_296' title='bbox 823 2347 922 2417; x_wconf 87' lang='grc' dir='ltr'>μὲν</span> <span class='ocrx_word' id='word_1_297' title='bbox 963 2347 1176 2418; x_wconf 72' lang='grc' dir='ltr'>εἴρηκεν</span> <span class='ocrx_word' id='word_1_298' title='bbox 1220 2347 1509 2418; x_wconf 88' lang='grc' dir='ltr'>πρότερον·</span> <span class='ocrx_word' id='word_1_299' title='bbox 1547 2347 1694 2400; x_wconf 76' lang='grc' dir='ltr'>οὐδὲν</span> <span class='ocrx_word' id='word_1_300' title='bbox 1731 2347 1788 2400; x_wconf 85' lang='grc' dir='ltr'>δὲ</span> 
     </span>
    </p>
   </div>
   <div class='ocr_carea' id='block_1_41' title="bbox 219 2433 1787 2510">
    <p class='ocr_par' dir='ltr' id='par_1_41' title="bbox 219 2433 1787 2510">
     <span class='ocr_line' id='line_1_41' title="bbox 219 2433 1787 2510; baseline 0.004 -20"><span class='ocrx_word' id='word_1_301' title='bbox 219 2433 390 2510; x_wconf 83' lang='grc' dir='ltr'>ἦττον</span> <span class='ocrx_word' id='word_1_302' title='bbox 422 2439 514 2491; x_wconf 74' lang='grc' dir='ltr'>καὶ</span> <span class='ocrx_word' id='word_1_303' title='bbox 543 2438 669 2510; x_wconf 76' lang='grc' dir='ltr'>περὶ</span> <span class='ocrx_word' id='word_1_304' title='bbox 689 2437 966 2498; x_wconf 82' lang='grc' dir='ltr'>Μωῡσέως</span> <span class='ocrx_word' id='word_1_305' title='bbox 985 2438 1174 2506; x_wconf 83' lang='grc' dir='ltr'>λέγων,</span> <span class='ocrx_word' id='word_1_306' title='bbox 1205 2439 1480 2510; x_wconf 76' lang='grc' dir='ltr'>ἐπιφέρει·</span> <span class='ocrx_word' id='word_1_307' title='bbox 1516 2459 1534 2490; x_wconf 76' lang='grc' dir='ltr'>ι</span> <span class='ocrx_word' id='word_1_308' title='bbox 1553 2439 1787 2505; x_wconf 80' lang='grc' dir='ltr'>Μείζονα</span> 
     </span>
    </p>
   </div>
   <div class='ocr_carea' id='block_1_42' title="bbox 225 2529 1788 2604">
    <p class='ocr_par' dir='ltr' id='par_1_42' title="bbox 225 2529 1788 2604">
     <span class='ocr_line' id='line_1_42' title="bbox 225 2529 1788 2604; baseline 0.001 -22"><span class='ocrx_word' id='word_1_309' title='bbox 225 2529 458 2582; x_wconf 83' lang='grc' dir='ltr'>πλοῦτον</span> <span class='ocrx_word' id='word_1_310' title='bbox 497 2530 834 2601; x_wconf 77' lang='grc' dir='ltr'>ἡγησάμενος</span> <span class='ocrx_word' id='word_1_311' title='bbox 875 2529 982 2582; x_wconf 86' lang='grc' dir='ltr'><strong>τῶν</strong></span> <span class='ocrx_word' id='word_1_312' title='bbox 1023 2529 1292 2599; x_wconf 79' lang='grc' dir='ltr'>Αἰγύπτου</span> <span class='ocrx_word' id='word_1_313' title='bbox 1345 2531 1454 2602; x_wconf 78' lang='grc'>(29)</span> <span class='ocrx_word' id='word_1_314' title='bbox 1501 2531 1788 2604; x_wconf 80' lang='grc' dir='ltr'>θησαυρῶν</span> 
     </span>
    </p>
   </div>
   <div class='ocr_carea' id='block_1_43' title="bbox 221 2619 1786 2696">
    <p class='ocr_par' dir='ltr' id='par_1_43' title="bbox 221 2619 1786 2696">
     <span class='ocr_line' id='line_1_43' title="bbox 221 2619 1786 2696; baseline 0.002 -23"><span class='ocrx_word' id='word_1_315' title='bbox 221 2620 316 2673; x_wconf 82' lang='grc' dir='ltr'>τὸν</span> <span class='ocrx_word' id='word_1_316' title='bbox 348 2621 646 2691; x_wconf 80' lang='grc' dir='ltr'>ὀνειδισμὸν</span> <span class='ocrx_word' id='word_1_317' title='bbox 675 2619 766 2674; x_wconf 87' lang='grc' dir='ltr'><strong>τοῦ</strong></span> <span class='ocrx_word' id='word_1_318' title='bbox 796 2619 1028 2690; x_wconf 82' lang='grc' dir='ltr'>Χριστοῦ</span> <span class='ocrx_word' id='word_1_319' title='bbox 1049 2638 1062 2652; x_wconf 79' lang='grc'><em>’</em></span> <span class='ocrx_word' id='word_1_320' title='bbox 1112 2621 1384 2676; x_wconf 83' lang='grc' dir='ltr'>ἀπέϐλεπε</span> <span class='ocrx_word' id='word_1_321' title='bbox 1430 2621 1537 2694; x_wconf 83' lang='grc' dir='ltr'>γὰρ</span> <span class='ocrx_word' id='word_1_322' title='bbox 1569 2626 1647 2688; x_wconf 85' lang='grc' dir='ltr'><strong>είς</strong></span> <span class='ocrx_word' id='word_1_323' title='bbox 1689 2625 1786 2696; x_wconf 80' lang='grc' dir='ltr'>τὴν</span> 
     </span>
    </p>
   </div>
   <div class='ocr_carea' id='block_1_44' title="bbox 223 2712 1786 2786">
    <p class='ocr_par' dir='ltr' id='par_1_44' title="bbox 223 2712 1786 2786">
     <span class='ocr_line' id='line_1_44' title="bbox 223 2712 1786 2786; baseline 0.003 -22"><span class='ocrx_word' id='word_1_324' title='bbox 223 2712 674 2782; x_wconf 86' lang='grc' dir='ltr'>μισθαποδοσίαν·</span> <span class='ocrx_word' id='word_1_325' title='bbox 720 2713 897 2765; x_wconf 82' lang='grc' dir='ltr'>πίστει</span> <span class='ocrx_word' id='word_1_326' title='bbox 930 2712 1216 2766; x_wconf 84' lang='grc' dir='ltr'>κατέλιπεν</span> <span class='ocrx_word' id='word_1_327' title='bbox 1251 2713 1542 2782; x_wconf 78' lang='grc' dir='ltr'>Αἴγυπτον,</span> <span class='ocrx_word' id='word_1_328' title='bbox 1588 2715 1662 2786; x_wconf 81' lang='grc' dir='ltr'>μὴ</span> <span class='ocrx_word' id='word_1_329' title='bbox 1694 2732 1786 2783; x_wconf 83' lang='grc' dir='ltr'>φο-</span> 
     </span>
    </p>
   </div>
   <div class='ocr_carea' id='block_1_45' title="bbox 221 2803 1784 2877">
    <p class='ocr_par' dir='ltr' id='par_1_45' title="bbox 221 2803 1784 2877">
     <span class='ocr_line' id='line_1_45' title="bbox 221 2803 1784 2877; baseline 0.004 -23"><span class='ocrx_word' id='word_1_330' title='bbox 221 2803 414 2874; x_wconf 76' lang='grc' dir='ltr'>ϐηθεὶς</span> <span class='ocrx_word' id='word_1_331' title='bbox 439 2804 530 2856; x_wconf 84' lang='grc' dir='ltr'>τὸν</span> <span class='ocrx_word' id='word_1_332' title='bbox 561 2803 730 2874; x_wconf 85' lang='grc' dir='ltr'>θυμὸν</span> <span class='ocrx_word' id='word_1_333' title='bbox 761 2803 850 2856; x_wconf 89' lang='grc' dir='ltr'><strong>τοῦ</strong></span> <span class='ocrx_word' id='word_1_334' title='bbox 880 2803 1159 2874; x_wconf 63' lang='grc' dir='ltr'>βασιλέως</span> <span class='ocrx_word' id='word_1_335' title='bbox 1189 2805 1280 2860; x_wconf 78' lang='grc' dir='ltr'>τὸν</span> <span class='ocrx_word' id='word_1_336' title='bbox 1315 2805 1422 2876; x_wconf 77' lang='grc' dir='ltr'>γὰρ</span> <span class='ocrx_word' id='word_1_337' title='bbox 1452 2807 1678 2877; x_wconf 73' lang='grc' dir='ltr'>ἀόρατον</span> <span class='ocrx_word' id='word_1_338' title='bbox 1709 2807 1784 2871; x_wconf 87' lang='grc' dir='ltr'>ὡς</span> 
     </span>
    </p>
   </div>
   <div class='ocr_carea' id='block_1_46' title="bbox 221 2885 1786 2972">
    <p class='ocr_par' dir='ltr' id='par_1_46' title="bbox 221 2885 1786 2972">
     <span class='ocr_line' id='line_1_46' title="bbox 221 2885 1786 2972; baseline 0.001 -21"><span class='ocrx_word' id='word_1_339' title='bbox 221 2897 365 2970; x_wconf 85' lang='grc' dir='ltr'>ὁρῶν</span> <span class='ocrx_word' id='word_1_340' title='bbox 407 2885 787 2970; x_wconf 73' lang='grc' dir='ltr'>ἐκαρτέρησεν.</span> <span class='ocrx_word' id='word_1_341' title='bbox 830 2917 848 2949; x_wconf 75' lang='grc' dir='ltr'><strong>ι</strong></span> <span class='ocrx_word' id='word_1_342' title='bbox 893 2897 956 2950; x_wconf 83' lang='grc' dir='ltr'>Ἡ</span> <span class='ocrx_word' id='word_1_343' title='bbox 990 2897 1108 2951; x_wconf 88' lang='grc' dir='ltr'>θεία</span> <span class='ocrx_word' id='word_1_344' title='bbox 1135 2899 1303 2967; x_wconf 86' lang='grc' dir='ltr'>Σοφία</span> <span class='ocrx_word' id='word_1_345' title='bbox 1341 2898 1466 2970; x_wconf 72' lang='grc' dir='ltr'>περὶ</span> <span class='ocrx_word' id='word_1_346' title='bbox 1505 2900 1611 2952; x_wconf 88' lang='grc' dir='ltr'><strong>τῶν</strong></span> <span class='ocrx_word' id='word_1_347' title='bbox 1645 2917 1786 2972; x_wconf 90' lang='grc' dir='ltr'>μαρ-</span> 
     </span>
    </p>
   </div>
   <div class='ocr_carea' id='block_1_47' title="bbox 220 2987 1783 3062">
    <p class='ocr_par' dir='ltr' id='par_1_47' title="bbox 220 2987 1783 3062">
     <span class='ocr_line' id='line_1_47' title="bbox 220 2987 1783 3062; baseline 0.002 -21"><span class='ocrx_word' id='word_1_348' title='bbox 220 2989 401 3060; x_wconf 83' lang='grc' dir='ltr'>τύρων</span> <span class='ocrx_word' id='word_1_349' title='bbox 430 2987 606 3057; x_wconf 82' lang='grc' dir='ltr'>λέγει’</span> <span class='ocrx_word' id='word_1_350' title='bbox 657 3007 676 3039; x_wconf 79' lang='grc' dir='ltr'>ι</span> <span class='ocrx_word' id='word_1_351' title='bbox 703 2987 882 3053; x_wconf 79' lang='grc' dir='ltr'>ἔδοξαν</span> <span class='ocrx_word' id='word_1_352' title='bbox 909 2990 965 3040; x_wconf 87' lang='grc' dir='ltr'><strong>ἐν</strong></span> <span class='ocrx_word' id='word_1_353' title='bbox 989 2987 1280 3060; x_wconf 77' lang='grc' dir='ltr'>ὀφθαλμοῖς</span> <span class='ocrx_word' id='word_1_354' title='bbox 1321 2990 1567 3062; x_wconf 84' lang='grc' dir='ltr'>ἀφρόνων</span> <span class='ocrx_word' id='word_1_355' title='bbox 1599 2991 1783 3044; x_wconf 81' lang='grc' dir='ltr'>τεθνά-</span> 
     </span>
    </p>
   </div>
   <div class='ocr_carea' id='block_1_48' title="bbox 217 3077 1778 3153">
    <p class='ocr_par' dir='ltr' id='par_1_48' title="bbox 217 3077 1778 3153">
     <span class='ocr_line' id='line_1_48' title="bbox 217 3077 1778 3153; baseline 0.001 -22"><span class='ocrx_word' id='word_1_356' title='bbox 217 3095 332 3141; x_wconf 88' lang='grc' dir='ltr'>ναι,</span> <span class='ocrx_word' id='word_1_357' title='bbox 380 3079 474 3131; x_wconf 81' lang='grc' dir='ltr'>καὶ</span> <span class='ocrx_word' id='word_1_358' title='bbox 513 3077 762 3148; x_wconf 87' lang='grc' dir='ltr'>ἐλογίσθη</span> <span class='ocrx_word' id='word_1_359' title='bbox 799 3079 1098 3150; x_wconf 70' lang='grc' dir='ltr'>κάκωσιςή</span> <span class='ocrx_word' id='word_1_360' title='bbox 1141 3079 1313 3144; x_wconf 82' lang='grc' dir='ltr'>ἐξοδος</span> <span class='ocrx_word' id='word_1_361' title='bbox 1357 3081 1552 3148; x_wconf 76' lang='grc' dir='ltr'>αὐτῶν,</span> <span class='ocrx_word' id='word_1_362' title='bbox 1604 3082 1697 3136; x_wconf 78' lang='grc' dir='ltr'>καὶ</span> <span class='ocrx_word' id='word_1_363' title='bbox 1745 3085 1778 3153; x_wconf 87' lang='grc' dir='ltr'>ή</span> 
     </span>
    </p>
   </div>
   <div class='ocr_carea' id='block_1_49' title="bbox 219 3171 1846 3262">
    <p class='ocr_par' dir='ltr' id='par_1_49' title="bbox 219 3171 1846 3262">
     <span class='ocr_line' id='line_1_49' title="bbox 219 3171 1846 3262; baseline 0.025 -39"><span class='ocrx_word' id='word_1_364' title='bbox 219 3171 311 3240; x_wconf 56' lang='grc' dir='ltr'><strong>ἀφ’</strong></span> <span class='ocrx_word' id='word_1_365' title='bbox 343 3171 500 3242; x_wconf 72' lang='grc' dir='ltr'>ἡμῶν</span> <span class='ocrx_word' id='word_1_366' title='bbox 527 3172 717 3243; x_wconf 87' lang='grc' dir='ltr'>πορεία</span> <span class='ocrx_word' id='word_1_367' title='bbox 757 3171 1086 3244; x_wconf 77' lang='grc' dir='ltr'>σύντριμμα·</span> <span class='ocrx_word' id='word_1_368' title='bbox 1118 3174 1166 3224; x_wconf 61' lang='grc' dir='ltr'>οἶ</span> <span class='ocrx_word' id='word_1_369' title='bbox 1202 3173 1257 3226; x_wconf 75' lang='grc' dir='ltr'><strong>δέ</strong></span> <span class='ocrx_word' id='word_1_370' title='bbox 1296 3173 1431 3228; x_wconf 54' lang='grc' dir='ltr'>εἰσιν</span> <span class='ocrx_word' id='word_1_371' title='bbox 1469 3178 1525 3228; x_wconf 68' lang='grc' dir='ltr'><strong>ὲν</strong></span> <span class='ocrx_word' id='word_1_372' title='bbox 1557 3177 1773 3248; x_wconf 65' lang='grc' dir='ltr'><strong>εἰρήνῃ’</strong></span> <span class='ocrx_word' id='word_1_373' title='bbox 1806 3205 1846 3262; x_wconf 88' lang='lat' dir='ltr'>C</span> 
     </span>
    </p>
   </div>
   <div class='ocr_carea' id='block_1_50' title="bbox 219 3262 1776 3338">
    <p class='ocr_par' dir='ltr' id='par_1_50' title="bbox 219 3262 1776 3338">
     <span class='ocr_line' id='line_1_50' title="bbox 219 3262 1776 3338; baseline 0.004 -24"><span class='ocrx_word' id='word_1_374' title='bbox 219 3264 316 3315; x_wconf 78' lang='grc' dir='ltr'>καὶ</span> <span class='ocrx_word' id='word_1_375' title='bbox 345 3262 452 3335; x_wconf 84' lang='grc' dir='ltr'><strong>γὰρ</strong></span> <span class='ocrx_word' id='word_1_376' title='bbox 479 3266 536 3316; x_wconf 89' lang='grc' dir='ltr'><strong>ἐν</strong></span> <span class='ocrx_word' id='word_1_377' title='bbox 568 3263 684 3333; x_wconf 76' lang='grc' dir='ltr'>ὕψει</span> <span class='ocrx_word' id='word_1_378' title='bbox 717 3264 1012 3336; x_wconf 85' lang='grc' dir='ltr'>ἀνθρώπων</span> <span class='ocrx_word' id='word_1_379' title='bbox 1049 3267 1142 3322; x_wconf 84' lang='grc' dir='ltr'><strong>ἐὰν</strong></span> <span class='ocrx_word' id='word_1_380' title='bbox 1172 3267 1520 3331; x_wconf 86' lang='grc' dir='ltr'>κολασθῶσιν,</span> <span class='ocrx_word' id='word_1_381' title='bbox 1551 3271 1584 3338; x_wconf 85' lang='grc' dir='ltr'><strong>ή</strong></span> <span class='ocrx_word' id='word_1_382' title='bbox 1623 3269 1776 3334; x_wconf 73' lang='grc' dir='ltr'>ἐλπὶς</span> 
     </span>
    </p>
   </div>
   <div class='ocr_carea' id='block_1_51' title="bbox 217 3352 1778 3432">
    <p class='ocr_par' dir='ltr' id='par_1_51' title="bbox 217 3352 1778 3432">
     <span class='ocr_line' id='line_1_51' title="bbox 217 3352 1778 3432; baseline 0.006 -28"><span class='ocrx_word' id='word_1_383' title='bbox 217 3352 398 3406; x_wconf 72' lang='grc' dir='ltr'>αὐτῶν</span> <span class='ocrx_word' id='word_1_384' title='bbox 445 3353 736 3418; x_wconf 84' lang='grc' dir='ltr'>ἀθανασίας</span> <span class='ocrx_word' id='word_1_385' title='bbox 783 3355 1009 3426; x_wconf 84' lang='grc' dir='ltr'>πλήρης.</span> <span class='ocrx_word' id='word_1_386' title='bbox 1038 3375 1056 3408; x_wconf 74' lang='grc' dir='ltr'><strong>ι</strong></span> <span class='ocrx_word' id='word_1_387' title='bbox 1095 3354 1225 3410; x_wconf 85' lang='grc' dir='ltr'>Εἶτα</span> <span class='ocrx_word' id='word_1_388' title='bbox 1265 3359 1478 3426; x_wconf 83' lang='grc' dir='ltr'>ἐπάγει,</span> <span class='ocrx_word' id='word_1_389' title='bbox 1519 3359 1778 3432; x_wconf 83' lang='grc' dir='ltr'>κάθαρσιν</span> 
     </span>
    </p>
   </div>
   <div class='ocr_carea' id='block_1_52' title="bbox 127 3442 1774 3520">
    <p class='ocr_par' dir='ltr' id='par_1_52' title="bbox 127 3442 1774 3520">
     <span class='ocr_line' id='line_1_52' title="bbox 127 3442 1774 3520; baseline 0.005 -25"><span class='ocrx_word' id='word_1_390' title='bbox 127 3449 134 3460; x_wconf 92' lang='grc'><em>’</em></span> <span class='ocrx_word' id='word_1_391' title='bbox 218 3442 428 3507; x_wconf 74' lang='grc' dir='ltr'>ἔνδοξον</span> <span class='ocrx_word' id='word_1_392' title='bbox 456 3445 514 3497; x_wconf 84' lang='grc' dir='ltr'>τὸ</span> <span class='ocrx_word' id='word_1_393' title='bbox 551 3445 840 3517; x_wconf 76' lang='grc' dir='ltr'>μαρτύριον</span> <span class='ocrx_word' id='word_1_394' title='bbox 879 3447 1229 3500; x_wconf 76' lang='grc' dir='ltr'>διδάσκουσα·</span> <span class='ocrx_word' id='word_1_395' title='bbox 1279 3469 1296 3499; x_wconf 84' lang='grc' dir='ltr'>ι</span> <span class='ocrx_word' id='word_1_396' title='bbox 1322 3451 1430 3503; x_wconf 74' lang='grc' dir='ltr'>Καὶ</span> <span class='ocrx_word' id='word_1_397' title='bbox 1468 3450 1617 3520; x_wconf 85' lang='grc' dir='ltr'>ὀλίγα</span> <span class='ocrx_word' id='word_1_398' title='bbox 1651 3471 1774 3504; x_wconf 89' lang='grc' dir='ltr'>παι-</span> 
     </span>
    </p>
   </div>
   <div class='ocr_carea' id='block_1_53' title="bbox 209 3537 1777 3614">
    <p class='ocr_par' dir='ltr' id='par_1_53' title="bbox 209 3537 1777 3614">
     <span class='ocr_line' id='line_1_53' title="bbox 209 3537 1777 3614; baseline 0.006 -24"><span class='ocrx_word' id='word_1_399' title='bbox 209 3537 518 3603; x_wconf 81' lang='grc' dir='ltr'>δευθέντες,</span> <span class='ocrx_word' id='word_1_400' title='bbox 546 3541 752 3610; x_wconf 85' lang='grc' dir='ltr'>μεγάλα</span> <span class='ocrx_word' id='word_1_401' title='bbox 773 3542 1284 3614; x_wconf 83' lang='grc' dir='ltr'>εὐεργετηθήσονται</span> <span class='ocrx_word' id='word_1_402' title='bbox 1302 3561 1314 3574; x_wconf 93' lang='grc'><strong>·</strong></span> <span class='ocrx_word' id='word_1_403' title='bbox 1338 3545 1418 3598; x_wconf 83' lang='grc' dir='ltr'>ὅτι</span> <span class='ocrx_word' id='word_1_404' title='bbox 1439 3547 1468 3597; x_wconf 79' lang='grc' dir='ltr'><strong>ὁ</strong></span> <span class='ocrx_word' id='word_1_405' title='bbox 1486 3545 1615 3610; x_wconf 85' lang='grc' dir='ltr'><strong>Θεὸς</strong></span> <span class='ocrx_word' id='word_1_406' title='bbox 1637 3548 1777 3600; x_wconf 86' lang='grc' dir='ltr'>ἐπεί-</span> 
     </span>
    </p>
   </div>
   <div class='ocr_carea' id='block_1_54' title="bbox 219 3631 1774 3708">
    <p class='ocr_par' dir='ltr' id='par_1_54' title="bbox 219 3631 1774 3708">
     <span class='ocr_line' id='line_1_54' title="bbox 219 3631 1774 3708; baseline 0.005 -22"><span class='ocrx_word' id='word_1_407' title='bbox 219 3647 384 3702; x_wconf 84' lang='grc' dir='ltr'>ρασεν</span> <span class='ocrx_word' id='word_1_408' title='bbox 428 3631 654 3694; x_wconf 70' lang='grc' dir='ltr'>αὐτούς*</span> <span class='ocrx_word' id='word_1_409' title='bbox 684 3653 701 3683; x_wconf 77' lang='grc' dir='ltr'><strong>ι</strong></span> <span class='ocrx_word' id='word_1_410' title='bbox 743 3635 1038 3700; x_wconf 84' lang='grc' dir='ltr'>τουτέστιν,</span> <span class='ocrx_word' id='word_1_411' title='bbox 1085 3637 1164 3699; x_wconf 85' lang='grc' dir='ltr'><strong>είς</strong></span> <span class='ocrx_word' id='word_1_412' title='bbox 1199 3637 1437 3708; x_wconf 82' lang='grc' dir='ltr'>δοκίμιον</span> <span class='ocrx_word' id='word_1_413' title='bbox 1481 3639 1574 3692; x_wconf 81' lang='grc' dir='ltr'>καὶ</span> <span class='ocrx_word' id='word_1_414' title='bbox 1603 3639 1774 3693; x_wconf 84' lang='grc' dir='ltr'>δυσω-</span> 
     </span>
    </p>
   </div>
   <div class='ocr_carea' id='block_1_55' title="bbox 215 3719 1768 3800">
    <p class='ocr_par' dir='ltr' id='par_1_55' title="bbox 215 3719 1768 3800">
     <span class='ocr_line' id='line_1_55' title="bbox 215 3719 1768 3800; baseline 0.006 -26"><span class='ocrx_word' id='word_1_415' title='bbox 215 3721 348 3775; x_wconf 84' lang='grc' dir='ltr'>πίαν</span> <span class='ocrx_word' id='word_1_416' title='bbox 391 3719 485 3774; x_wconf 90' lang='grc' dir='ltr'><strong>τοῦ</strong></span> <span class='ocrx_word' id='word_1_417' title='bbox 535 3723 879 3794; x_wconf 79' lang='grc' dir='ltr'>πειράζοντος</span> <span class='ocrx_word' id='word_1_418' title='bbox 927 3724 1105 3780; x_wconf 81' lang='grc' dir='ltr'>εἴασεν</span> <span class='ocrx_word' id='word_1_419' title='bbox 1142 3727 1335 3791; x_wconf 84' lang='grc' dir='ltr'>αὐτοὺς</span> <span class='ocrx_word' id='word_1_420' title='bbox 1382 3727 1768 3800; x_wconf 80' lang='grc' dir='ltr'>πειρασθῆναι’</span> 
     </span>
    </p>
   </div>
   <div class='ocr_carea' id='block_1_56' title="bbox 217 3813 1766 3892">
    <p class='ocr_par' dir='ltr' id='par_1_56' title="bbox 217 3813 1766 3892">
     <span class='ocr_line' id='line_1_56' title="bbox 217 3813 1766 3892; baseline 0.008 -30"><span class='ocrx_word' id='word_1_421' title='bbox 217 3833 238 3862; x_wconf 69' lang='grc' dir='ltr'>ι</span> <span class='ocrx_word' id='word_1_422' title='bbox 266 3813 366 3866; x_wconf 76' lang='grc' dir='ltr'><strong>καὶ</strong></span> <span class='ocrx_word' id='word_1_423' title='bbox 397 3813 554 3883; x_wconf 75' lang='grc' dir='ltr'>εὗρεν</span> <span class='ocrx_word' id='word_1_424' title='bbox 597 3816 789 3878; x_wconf 80' lang='grc' dir='ltr'>αὐτοὺς</span> <span class='ocrx_word' id='word_1_425' title='bbox 822 3815 1000 3882; x_wconf 80' lang='grc' dir='ltr'>ἀξίους</span> <span class='ocrx_word' id='word_1_426' title='bbox 1032 3818 1241 3884; x_wconf 86' lang='grc' dir='ltr'>ἐαυτοῦ,</span> <span class='ocrx_word' id='word_1_427' title='bbox 1271 3819 1419 3883; x_wconf 83' lang='grc' dir='ltr'>υἱοὺς</span> <span class='ocrx_word' id='word_1_428' title='bbox 1455 3821 1713 3892; x_wconf 82' lang='grc' dir='ltr'>κληθῆναι</span> <span class='ocrx_word' id='word_1_429' title='bbox 1747 3843 1766 3875; x_wconf 72' lang='grc' dir='ltr'>ι</span> 
     </span>
    </p>
   </div>
   <div class='ocr_carea' id='block_1_57' title="bbox 207 3903 1770 3982">
    <p class='ocr_par' dir='ltr' id='par_1_57' title="bbox 207 3903 1770 3982">
     <span class='ocr_line' id='line_1_57' title="bbox 207 3903 1770 3982; baseline 0.008 -27"><span class='ocrx_word' id='word_1_430' title='bbox 207 3903 476 3974; x_wconf 77' lang='grc' dir='ltr'>δηλονότι.</span> <span class='ocrx_word' id='word_1_431' title='bbox 512 3923 532 3957; x_wconf 77' lang='grc' dir='ltr'>ι</span> <span class='ocrx_word' id='word_1_432' title='bbox 553 3907 640 3969; x_wconf 83' lang='grc' dir='ltr'>Ὧς</span> <span class='ocrx_word' id='word_1_433' title='bbox 661 3907 858 3977; x_wconf 77' lang='grc' dir='ltr'>χρυσὸν</span> <span class='ocrx_word' id='word_1_434' title='bbox 891 3909 947 3960; x_wconf 88' lang='grc' dir='ltr'><strong>ἐν</strong></span> <span class='ocrx_word' id='word_1_435' title='bbox 970 3909 1312 3980; x_wconf 84' lang='grc' dir='ltr'>χωνευτηρίῳ</span> <span class='ocrx_word' id='word_1_436' title='bbox 1335 3911 1648 3982; x_wconf 83' lang='grc' dir='ltr'>ἐδοκίμασεν</span> <span class='ocrx_word' id='word_1_437' title='bbox 1675 3915 1770 3967; x_wconf 77' lang='grc' dir='ltr'><strong>αὑ-</strong></span> 
     </span>
    </p>
   </div>
   <div class='ocr_carea' id='block_1_58' title="bbox 211 3996 1770 4072">
    <p class='ocr_par' dir='ltr' id='par_1_58' title="bbox 211 3996 1770 4072">
     <span class='ocr_line' id='line_1_58' title="bbox 211 3996 1770 4072; baseline 0.008 -24"><span class='ocrx_word' id='word_1_438' title='bbox 211 3997 362 4060; x_wconf 82' lang='grc' dir='ltr'>τοὺς,</span> <span class='ocrx_word' id='word_1_439' title='bbox 411 3996 501 4049; x_wconf 74' lang='grc' dir='ltr'><strong>καὶ</strong></span> <span class='ocrx_word' id='word_1_440' title='bbox 530 3996 604 4060; x_wconf 86' lang='grc' dir='ltr'><strong>ὡς</strong></span> <span class='ocrx_word' id='word_1_441' title='bbox 647 3997 1007 4071; x_wconf 84' lang='grc' dir='ltr'>ὁλοκάρπωμα</span> <span class='ocrx_word' id='word_1_442' title='bbox 1048 4001 1234 4064; x_wconf 87' lang='grc' dir='ltr'>θυσίας</span> <span class='ocrx_word' id='word_1_443' title='bbox 1281 4003 1632 4072; x_wconf 79' lang='grc' dir='ltr'>προσεδέξατο</span> <span class='ocrx_word' id='word_1_444' title='bbox 1673 4009 1770 4060; x_wconf 79' lang='grc' dir='ltr'>αῦ-</span> 
     </span>
    </p>
   </div>
   <div class='ocr_carea' id='block_1_59' title="bbox 213 4086 1769 4167">
    <p class='ocr_par' dir='ltr' id='par_1_59' title="bbox 213 4086 1769 4167">
     <span class='ocr_line' id='line_1_59' title="bbox 213 4086 1769 4167; baseline 0.007 -28"><span class='ocrx_word' id='word_1_445' title='bbox 213 4086 367 4150; x_wconf 72' lang='grc' dir='ltr'>τούς·</span> <span class='ocrx_word' id='word_1_446' title='bbox 411 4089 504 4142; x_wconf 81' lang='grc' dir='ltr'>καὶ</span> <span class='ocrx_word' id='word_1_447' title='bbox 545 4090 603 4142; x_wconf 86' lang='grc' dir='ltr'><strong>ἐν</strong></span> <span class='ocrx_word' id='word_1_448' title='bbox 636 4089 808 4161; x_wconf 81' lang='grc' dir='ltr'>καιρῷ</span> <span class='ocrx_word' id='word_1_449' title='bbox 849 4093 1148 4163; x_wconf 84' lang='grc' dir='ltr'>ἐπισκοπῆς</span> <span class='ocrx_word' id='word_1_450' title='bbox 1177 4094 1352 4148; x_wconf 78' lang='grc' dir='ltr'>αὐτῶν</span> <span class='ocrx_word' id='word_1_451' title='bbox 1379 4095 1769 4167; x_wconf 68' lang='grc' dir='ltr'>άναλάμψουσι,</span> 
     </span>
    </p>
   </div>
   <div class='ocr_carea' id='block_1_60' title="bbox 215 4175 1774 4254">
    <p class='ocr_par' dir='ltr' id='par_1_60' title="bbox 215 4175 1774 4254">
     <span class='ocr_line' id='line_1_60' title="bbox 215 4175 1774 4254; baseline 0.005 -26"><span class='ocrx_word' id='word_1_452' title='bbox 215 4175 313 4228; x_wconf 68' lang='grc' dir='ltr'>καὶ</span> <span class='ocrx_word' id='word_1_453' title='bbox 355 4176 430 4238; x_wconf 84' lang='grc' dir='ltr'>ὡς</span> <span class='ocrx_word' id='word_1_454' title='bbox 473 4175 764 4246; x_wconf 80' lang='grc' dir='ltr'>σπινθῆρες</span> <span class='ocrx_word' id='word_1_455' title='bbox 806 4177 864 4229; x_wconf 90' lang='grc' dir='ltr'><strong>ἐν</strong></span> <span class='ocrx_word' id='word_1_456' title='bbox 905 4178 1120 4250; x_wconf 84' lang='grc' dir='ltr'>καλάμῃ</span> <span class='ocrx_word' id='word_1_457' title='bbox 1167 4179 1606 4251; x_wconf 86' lang='grc' dir='ltr'>διαδραμοῦνται·</span> <span class='ocrx_word' id='word_1_458' title='bbox 1656 4200 1774 4254; x_wconf 88' lang='grc' dir='ltr'>κρι-</span> 
     </span>
    </p>
   </div>
   <div class='ocr_carea' id='block_1_61' title="bbox 207 4266 1771 4342">
    <p class='ocr_par' dir='ltr' id='par_1_61' title="bbox 207 4266 1771 4342">
     <span class='ocr_line' id='line_1_61' title="bbox 207 4266 1771 4342; baseline 0.006 -24"><span class='ocrx_word' id='word_1_459' title='bbox 207 4266 398 4320; x_wconf 84' lang='grc' dir='ltr'>νοῦσιν</span> <span class='ocrx_word' id='word_1_460' title='bbox 435 4267 582 4338; x_wconf 74' lang='grc' dir='ltr'>ἔθνη,</span> <span class='ocrx_word' id='word_1_461' title='bbox 631 4269 724 4321; x_wconf 62' lang='grc' dir='ltr'><strong>καὶ¹</strong></span> <span class='ocrx_word' id='word_1_462' title='bbox 757 4271 1086 4340; x_wconf 86' lang='grc' dir='ltr'>κρατήσουσι</span> <span class='ocrx_word' id='word_1_463' title='bbox 1135 4270 1298 4335; x_wconf 87' lang='grc' dir='ltr'>λαῶν,</span> <span class='ocrx_word' id='word_1_464' title='bbox 1333 4272 1424 4325; x_wconf 82' lang='grc' dir='ltr'>καὶ</span> <span class='ocrx_word' id='word_1_465' title='bbox 1470 4273 1771 4342; x_wconf 75' lang='grc' dir='ltr'>βασιλεύσει</span> 
     </span>
    </p>
   </div>
   <div class='ocr_carea' id='block_1_62' title="bbox 211 4359 1173 4431">
    <p class='ocr_par' dir='ltr' id='par_1_62' title="bbox 211 4359 1173 4431">
     <span class='ocr_line' id='line_1_62' title="bbox 211 4359 1173 4431; baseline 0.003 -20"><span class='ocrx_word' id='word_1_466' title='bbox 211 4359 396 4413; x_wconf 78' lang='grc' dir='ltr'>αὐτῶν</span> <span class='ocrx_word' id='word_1_467' title='bbox 421 4359 622 4431; x_wconf 80' lang='grc' dir='ltr'>Κύριος</span> <span class='ocrx_word' id='word_1_468' title='bbox 651 4361 732 4424; x_wconf 82' lang='grc' dir='ltr'><strong>είς</strong></span> <span class='ocrx_word' id='word_1_469' title='bbox 759 4361 883 4426; x_wconf 80' lang='grc' dir='ltr'>τοὺς</span> <span class='ocrx_word' id='word_1_470' title='bbox 915 4361 1132 4426; x_wconf 88' lang='grc' dir='ltr'>αίῶνας.</span> <span class='ocrx_word' id='word_1_471' title='bbox 1155 4382 1173 4414; x_wconf 72' lang='grc' dir='ltr'>ι</span> 
     </span>
    </p>
   </div>
   <div class='ocr_carea' id='block_1_63' title="bbox 283 4703 1786 4796">
    <p class='ocr_par' dir='ltr' id='par_1_63' title="bbox 283 4703 1780 4796">
     <span class='ocr_line' id='line_1_63' title="bbox 283 4703 1780 4796; baseline 0.009 -33"><span class='ocrx_word' id='word_1_472' title='bbox 283 4703 497 4796; x_wconf 50' lang='lat' dir='ltr'><strong>:Hebr.</strong></span> <span class='ocrx_word' id='word_1_473' title='bbox 523 4723 580 4796; x_wconf 57' lang='grc' dir='ltr'>ξ,</span> <span class='ocrx_word' id='word_1_474' title='bbox 611 4707 802 4796; x_wconf 57' lang='lat' dir='ltr'><strong>Eii-n39.</strong></span> <span class='ocrx_word' id='word_1_475' title='bbox 880 4709 909 4749; x_wconf 72' lang='grc' dir='ltr'>ιι</span> <span class='ocrx_word' id='word_1_476' title='bbox 935 4709 1097 4768; x_wconf 81' lang='lat' dir='ltr'><strong>Hebr.</strong></span> <span class='ocrx_word' id='word_1_477' title='bbox 1128 4731 1205 4782; x_wconf 76' lang='grc' dir='ltr'><strong>ιι,</strong></span> <span class='ocrx_word' id='word_1_478' title='bbox 1229 4715 1320 4784; x_wconf 77' lang='grc'><strong>56,</strong></span> <span class='ocrx_word' id='word_1_479' title='bbox 1347 4717 1436 4783; x_wconf 78' lang='grc'>57,</span> <span class='ocrx_word' id='word_1_480' title='bbox 1473 4719 1562 4786; x_wconf 79' lang='grc'><strong>58,</strong></span> <span class='ocrx_word' id='word_1_481' title='bbox 1599 4713 1686 4787; x_wconf 75' lang='grc'><strong>⁸59,</strong></span> <span class='ocrx_word' id='word_1_482' title='bbox 1711 4721 1780 4776; x_wconf 76' lang='grc'><strong>40</strong></span> 
     </span>
    </p>
   </div>
   <div class='ocr_carea' id='block_1_64' title="bbox 1884 4703 2772 4796">
    <p class='ocr_par' dir='ltr' id='par_1_64' title="bbox 1889 4721 2772 4796">
     <span class='ocr_line' id='line_1_64' title="bbox 1889 4721 2772 4796; baseline -0.002 -18"><span class='ocrx_word' id='word_1_483' title='bbox 1889 4742 1945 4790; x_wconf 83' lang='grc' dir='ltr'><strong>ιι,</strong></span> <span class='ocrx_word' id='word_1_484' title='bbox 1977 4726 2026 4790; x_wconf 84' lang='grc'>1,</span> <span class='ocrx_word' id='word_1_485' title='bbox 2066 4726 2120 4779; x_wconf 88' lang='grc'><strong>2.</strong></span> <span class='ocrx_word' id='word_1_486' title='bbox 2151 4726 2192 4796; x_wconf 49' lang='grc' dir='ltr'><strong>λ</strong></span> <span class='ocrx_word' id='word_1_487' title='bbox 2219 4735 2241 4762; x_wconf 77' lang='grc' dir='ltr'><strong>ε</strong></span> <span class='ocrx_word' id='word_1_488' title='bbox 2273 4723 2434 4779; x_wconf 82' lang='lat' dir='ltr'><strong>llebr.</strong></span> <span class='ocrx_word' id='word_1_489' title='bbox 2463 4739 2536 4783; x_wconf 79' lang='lat' dir='ltr'><strong>xl,</strong></span> <span class='ocrx_word' id='word_1_490' title='bbox 2559 4721 2650 4788; x_wconf 84' lang='grc'><strong>26,</strong></span> <span class='ocrx_word' id='word_1_491' title='bbox 2682 4721 2772 4776; x_wconf 88' lang='grc'><strong>27.</strong></span> 
     </span>
    </p>
   </div>
   <div class='ocr_carea' id='block_1_65' title="bbox 209 4773 748 4846">
    <p class='ocr_par' dir='ltr' id='par_1_65' title="bbox 209 4773 748 4846">
     <span class='ocr_line' id='line_1_65' title="bbox 209 4773 748 4846; baseline 0.007 -18"><span class='ocrx_word' id='word_1_492' title='bbox 209 4784 240 4812; x_wconf 73' lang='grc' dir='ltr'><strong>-ο</strong></span> <span class='ocrx_word' id='word_1_493' title='bbox 266 4773 404 4831; x_wconf 85' lang='lat' dir='ltr'><strong>Ibid.</strong></span> <span class='ocrx_word' id='word_1_494' title='bbox 435 4777 490 4842; x_wconf 83' lang='lat'><strong>5,</strong></span> <span class='ocrx_word' id='word_1_495' title='bbox 529 4773 584 4845; x_wconf 84' lang='lat'><strong>6,</strong></span> <span class='ocrx_word' id='word_1_496' title='bbox 611 4777 664 4846; x_wconf 87' lang='lat'><strong>7,</strong></span> <span class='ocrx_word' id='word_1_497' title='bbox 696 4779 748 4832; x_wconf 89' lang='grc'>8.</span> 
     </span>
    </p>
   </div>
   <div class='ocr_carea' id='block_1_66' title="bbox 283 4926 1772 5004">
    <p class='ocr_par' dir='ltr' id='par_1_66' title="bbox 283 4926 1772 5004">
     <span class='ocr_line' id='line_1_66' title="bbox 283 4926 1772 5004; baseline 0.011 -21"><span class='ocrx_word' id='word_1_498' title='bbox 283 4929 396 5004; x_wconf 78' lang='grc'>(22)</span> <span class='ocrx_word' id='word_1_499' title='bbox 423 4926 506 4984; x_wconf 89' lang='grc' dir='ltr'><strong>Ἦ</strong></span> <span class='ocrx_word' id='word_1_500' title='bbox 534 4932 642 5004; x_wconf 70' lang='grc' dir='ltr'><strong>τὰρ</strong></span> <span class='ocrx_word' id='word_1_501' title='bbox 675 4974 690 4988; x_wconf 95' lang='grc'><strong>.</strong></span> <span class='ocrx_word' id='word_1_502' title='bbox 723 4973 738 4986; x_wconf 92' lang='grc'><strong>.</strong></span> <span class='ocrx_word' id='word_1_503' title='bbox 780 4969 797 4988; x_wconf 91' lang='grc'><strong>.</strong></span> <span class='ocrx_word' id='word_1_504' title='bbox 825 4936 1232 5004; x_wconf 75' lang='grc' dir='ltr'>κατώρθωσαν.</span> <span class='ocrx_word' id='word_1_505' title='bbox 1269 4941 1562 5000; x_wconf 88' lang='lat' dir='ltr'><strong>Clementis</strong></span> <span class='ocrx_word' id='word_1_506' title='bbox 1589 4946 1772 5000; x_wconf 81' lang='lat' dir='ltr'><strong>&#39;verba</strong></span> 
     </span>
    </p>
   </div>
   <div class='ocr_carea' id='block_1_67' title="bbox 205 5000 1769 5075">
    <p class='ocr_par' dir='ltr' id='par_1_67' title="bbox 205 5000 1769 5075">
     <span class='ocr_line' id='line_1_67' title="bbox 205 5000 1769 5075; baseline 0.011 -22"><span class='ocrx_word' id='word_1_507' title='bbox 205 5000 478 5075; x_wconf 52' lang='lat' dir='ltr'><strong>minimc</strong></span> <span class='ocrx_word' id='word_1_508' title='bbox 493 5000 560 5075; x_wconf 74' lang='lat' dir='ltr'><strong>ad</strong></span> <span class='ocrx_word' id='word_1_509' title='bbox 576 5017 662 5068; x_wconf 88' lang='lat' dir='ltr'><strong>ea,</strong></span> <span class='ocrx_word' id='word_1_510' title='bbox 687 5021 808 5073; x_wconf 69' lang='lat' dir='ltr'><strong>quae</strong></span> <span class='ocrx_word' id='word_1_511' title='bbox 829 5000 1151 5075; x_wconf 82' lang='lat' dir='ltr'><strong>sequuntur,</strong></span> <span class='ocrx_word' id='word_1_512' title='bbox 1172 5013 1460 5068; x_wconf 88' lang='lat' dir='ltr'><strong>transitum</strong></span> <span class='ocrx_word' id='word_1_513' title='bbox 1491 5015 1769 5070; x_wconf 76' lang='lat' dir='ltr'><strong>facientis.</strong></span> 
     </span>
    </p>
   </div>
   <div class='ocr_carea' id='block_1_68' title="bbox 281 5070 1854 5153">
    <p class='ocr_par' dir='ltr' id='par_1_68' title="bbox 281 5070 1854 5153">
     <span class='ocr_line' id='line_1_68' title="bbox 281 5070 1854 5153; baseline 0.011 -31"><span class='ocrx_word' id='word_1_514' title='bbox 423 5071 642 5153; x_wconf 57' lang='grc' dir='ltr'><strong>ῌεῖρᾳνς</strong></span> <span class='ocrx_word' id='word_1_515' title='bbox 669 5070 976 5153; x_wconf 53' lang='grc' dir='ltr'>,ζαϐόντέςε</span> <span class='ocrx_word' id='word_1_516' title='bbox 1007 5070 1170 5153; x_wconf 68' lang='lat' dir='ltr'><strong>Hebr.</strong></span> <span class='ocrx_word' id='word_1_517' title='bbox 1203 5096 1282 5144; x_wconf 71' lang='grc' dir='ltr'>ιι,</span> <span class='ocrx_word' id='word_1_518' title='bbox 1311 5086 1508 5153; x_wconf 88' lang='grc' dir='ltr'>πεῖραν</span> <span class='ocrx_word' id='word_1_519' title='bbox 1559 5083 1769 5139; x_wconf 78' lang='grc' dir='ltr'>ἔλαϐον.</span> <span class='ocrx_word' id='word_1_520' title='bbox 1847 5131 1854 5142; x_wconf 95' lang='grc'>,</span> 
     </span>
    </p>
   </div>
   <div class='ocr_carea' id='block_1_69' title="bbox 283 5139 1772 5224">
    <p class='ocr_par' dir='ltr' id='par_1_69' title="bbox 283 5139 1772 5224">
     <span class='ocr_line' id='line_1_69' title="bbox 283 5139 1772 5224; baseline 0.013 -32"><span class='ocrx_word' id='word_1_521' title='bbox 283 5139 398 5224; x_wconf 71' lang='grc'>(24)</span> <span class='ocrx_word' id='word_1_522' title='bbox 438 5141 912 5224; x_wconf 58' lang='grc' dir='ltr'><strong>Ἐλέράσρῃςαν,</strong></span> <span class='ocrx_word' id='word_1_523' title='bbox 931 5139 1420 5224; x_wconf 39' lang='lat' dir='ltr'><strong>ﬂammant:ng</strong></span> <span class='ocrx_word' id='word_1_524' title='bbox 1443 5152 1598 5224; x_wconf 79' lang='lat' dir='ltr'><strong>Vulg.</strong></span> <span class='ocrx_word' id='word_1_525' title='bbox 1637 5155 1772 5210; x_wconf 87' lang='lat' dir='ltr'><strong>Bibl.</strong></span> 
     </span>
    </p>
   </div>
   <div class='ocr_carea' id='block_1_70' title="bbox 207 5209 1776 5297">
    <p class='ocr_par' dir='ltr' id='par_1_70' title="bbox 207 5209 1776 5297">
     <span class='ocr_line' id='line_1_70' title="bbox 207 5209 1776 5297; baseline 0.01 -33"><span class='ocrx_word' id='word_1_526' title='bbox 207 5209 630 5297; x_wconf 47' lang='lat' dir='ltr'><strong>ﬂfbr.x1&#39;,h5.7:</strong></span> <span class='ocrx_word' id='word_1_527' title='bbox 669 5209 1092 5297; x_wconf 56' lang='grc' dir='ltr'>Ἐλιθάσθησαν,</span> <span class='ocrx_word' id='word_1_528' title='bbox 1141 5209 1508 5297; x_wconf 54' lang='grc' dir='ltr'>ἐπρίσθησαν,</span> <span class='ocrx_word' id='word_1_529' title='bbox 1549 5209 1776 5297; x_wconf 57' lang='grc' dir='ltr'>ἐπειράί-</span> 
     </span>
    </p>
   </div>
   <div class='ocr_carea' id='block_1_71' title="bbox 205 5279 1560 5354">
    <p class='ocr_par' dir='ltr' id='par_1_71' title="bbox 205 5279 1560 5354">
     <span class='ocr_line' id='line_1_71' title="bbox 205 5279 1560 5354; baseline 0.01 -20"><span class='ocrx_word' id='word_1_530' title='bbox 205 5281 434 5354; x_wconf 77' lang='grc' dir='ltr'>σθησαν.</span> <span class='ocrx_word' id='word_1_531' title='bbox 465 5279 568 5354; x_wconf 80' lang='lat' dir='ltr'><strong>Ubi</strong></span> <span class='ocrx_word' id='word_1_532' title='bbox 615 5284 763 5354; x_wconf 75' lang='lat' dir='ltr'><strong>conf.</strong></span> <span class='ocrx_word' id='word_1_533' title='bbox 783 5301 904 5354; x_wconf 64' lang='lat' dir='ltr'><strong>quae</strong></span> <span class='ocrx_word' id='word_1_534' title='bbox 934 5279 1308 5354; x_wconf 64' lang='lat' dir='ltr'><strong>adnotavit&#39;Cl.</strong></span> <span class='ocrx_word' id='word_1_535' title='bbox 1344 5279 1560 5348; x_wconf 68' lang='lat' dir='ltr'><strong>Millius.</strong></span> 
     </span>
    </p>
   </div>
   <div class='ocr_carea' id='block_1_72' title="bbox 281 5350 1763 5430">
    <p class='ocr_par' dir='ltr' id='par_1_72' title="bbox 281 5350 1763 5430">
     <span class='ocr_line' id='line_1_72' title="bbox 281 5350 1763 5430; baseline 0.013 -27"><span class='ocrx_word' id='word_1_536' title='bbox 281 5350 390 5430; x_wconf 57' lang='lat'><strong>(25)</strong></span> <span class='ocrx_word' id='word_1_537' title='bbox 423 5351 671 5430; x_wconf 52' lang='grc' dir='ltr'>ΙΙάιςείες.</span> <span class='ocrx_word' id='word_1_538' title='bbox 705 5350 864 5430; x_wconf 64' lang='lat' dir='ltr'><strong>Vulg.</strong></span> <span class='ocrx_word' id='word_1_539' title='bbox 903 5355 1042 5411; x_wconf 91' lang='lat' dir='ltr'><strong>Bibl.</strong></span> <span class='ocrx_word' id='word_1_540' title='bbox 1067 5352 1212 5414; x_wconf 76' lang='grc' dir='ltr'>οὗτοι</span> <span class='ocrx_word' id='word_1_541' title='bbox 1243 5363 1441 5426; x_wconf 88' lang='grc' dir='ltr'>πάντες</span> <span class='ocrx_word' id='word_1_542' title='bbox 1464 5381 1476 5392; x_wconf 92' lang='grc'><strong>·</strong></span> <span class='ocrx_word' id='word_1_543' title='bbox 1517 5373 1570 5418; x_wconf 88' lang='lat' dir='ltr'><strong>et</strong></span> <span class='ocrx_word' id='word_1_544' title='bbox 1595 5381 1722 5420; x_wconf 75' lang='lat' dir='ltr'><strong>mox</strong></span> <span class='ocrx_word' id='word_1_545' title='bbox 1749 5410 1763 5430; x_wconf 90' lang='lat'><strong>,</strong></span> 
     </span>
    </p>
   </div>
   <div class='ocr_carea' id='block_1_73' title="bbox 207 5417 1766 5499">
    <p class='ocr_par' dir='ltr' id='par_1_73' title="bbox 207 5417 1766 5499">
     <span class='ocr_line' id='line_1_73' title="bbox 207 5417 1766 5499; baseline 0.012 -28"><span class='ocrx_word' id='word_1_546' title='bbox 207 5417 662 5499; x_wconf 30' lang='lat' dir='ltr'><strong>garamantas</strong></span> <span class='ocrx_word' id='word_1_547' title='bbox 687 5463 702 5489; x_wconf 95' lang='lat'><strong>,</strong></span> <span class='ocrx_word' id='word_1_548' title='bbox 741 5417 948 5499; x_wconf 60' lang='lat' dir='ltr'><strong>absque</strong></span> <span class='ocrx_word' id='word_1_549' title='bbox 973 5431 1138 5497; x_wconf 83' lang='lat' dir='ltr'><strong>genit.</strong></span> <span class='ocrx_word' id='word_1_550' title='bbox 1167 5431 1263 5484; x_wconf 87' lang='grc' dir='ltr'><strong>τοῦ</strong></span> <span class='ocrx_word' id='word_1_551' title='bbox 1294 5417 1456 5486; x_wconf 78' lang='grc' dir='ltr'>Θεοῦ·</span> <span class='ocrx_word' id='word_1_552' title='bbox 1498 5417 1766 5492; x_wconf 39' lang='grc' dir='ltr'><strong>άίέίίιῖῖέὸό</strong></span> 
     </span>
    </p>
   </div>
   <div class='ocr_carea' id='block_1_74' title="bbox 203 5487 1542 5583">
    <p class='ocr_par' dir='ltr' id='par_1_74' title="bbox 203 5487 1542 5583">
     <span class='ocr_line' id='line_1_74' title="bbox 203 5487 1542 5583; baseline 0.013 -42"><span class='ocrx_word' id='word_1_553' title='bbox 203 5487 695 5583; x_wconf 39' lang='grc' dir='ltr'>Θερῇπερίήμμὶῶν</span> <span class='ocrx_word' id='word_1_554' title='bbox 709 5487 1040 5583; x_wconf 47' lang='grc' dir='ltr'>κρεϊτξόνιῖτι</span> <span class='ocrx_word' id='word_1_555' title='bbox 1073 5500 1348 5583; x_wconf 70' lang='grc' dir='ltr'>προϐλεψα</span> <span class='ocrx_word' id='word_1_556' title='bbox 1357 5487 1542 5583; x_wconf 51' lang='grc' dir='ltr'>μένους</span> 
     </span>
    </p>
   </div>
   <div class='ocr_carea' id='block_1_75' title="bbox 1890 1984 3452 2055">
    <p class='ocr_par' dir='ltr' id='par_1_75' title="bbox 1890 1984 3452 2055">
     <span class='ocr_line' id='line_1_75' title="bbox 1890 1984 3452 2055; baseline 0 -17"><span class='ocrx_word' id='word_1_557' title='bbox 1890 1985 2014 2038; x_wconf 90' lang='lat' dir='ltr'><strong>dam</strong></span> <span class='ocrx_word' id='word_1_558' title='bbox 2064 2003 2082 2035; x_wconf 82' lang='grc' dir='ltr'>ι</span> <span class='ocrx_word' id='word_1_559' title='bbox 2115 1985 2332 2038; x_wconf 85' lang='lat' dir='ltr'><strong>testium</strong></span> <span class='ocrx_word' id='word_1_560' title='bbox 2361 2026 2374 2050; x_wconf 93' lang='lat'><strong>,</strong></span> <span class='ocrx_word' id='word_1_561' title='bbox 2418 1985 2746 2054; x_wconf 82' lang='lat' dir='ltr'><strong>deponentes</strong></span> <span class='ocrx_word' id='word_1_562' title='bbox 2777 1999 2936 2038; x_wconf 89' lang='lat' dir='ltr'><strong>omne</strong></span> <span class='ocrx_word' id='word_1_563' title='bbox 2981 1984 3226 2055; x_wconf 68' lang='lat' dir='ltr'><strong>pondus,</strong></span> <span class='ocrx_word' id='word_1_564' title='bbox 3269 1993 3322 2037; x_wconf 88' lang='lat' dir='ltr'><strong>et</strong></span> <span class='ocrx_word' id='word_1_565' title='bbox 3351 1999 3452 2038; x_wconf 90' lang='lat' dir='ltr'><strong>nos</strong></span> 
     </span>
    </p>
   </div>
   <div class='ocr_carea' id='block_1_76' title="bbox 1889 2074 3450 2146">
    <p class='ocr_par' dir='ltr' id='par_1_76' title="bbox 1889 2074 3450 2146">
     <span class='ocr_line' id='line_1_76' title="bbox 1889 2074 3450 2146; baseline 0 -18"><span class='ocrx_word' id='word_1_566' title='bbox 1889 2074 2047 2132; x_wconf 81' lang='lat' dir='ltr'><strong>facile</strong></span> <span class='ocrx_word' id='word_1_567' title='bbox 2073 2077 2435 2131; x_wconf 87' lang='lat' dir='ltr'><strong>circumstans</strong></span> <span class='ocrx_word' id='word_1_568' title='bbox 2465 2087 2770 2145; x_wconf 88' lang='lat' dir='ltr'><strong>peccatum,</strong></span> <span class='ocrx_word' id='word_1_569' title='bbox 2799 2089 2892 2146; x_wconf 90' lang='lat' dir='ltr'><strong>per</strong></span> <span class='ocrx_word' id='word_1_570' title='bbox 2911 2075 3222 2146; x_wconf 85' lang='lat' dir='ltr'><strong>patientiam</strong></span> <span class='ocrx_word' id='word_1_571' title='bbox 3256 2091 3450 2130; x_wconf 78' lang='lat' dir='ltr'><strong>curra-</strong></span> 
     </span>
    </p>
   </div>
   <div class='ocr_carea' id='block_1_77' title="bbox 1889 2168 3448 2238">
    <p class='ocr_par' dir='ltr' id='par_1_77' title="bbox 1889 2168 3448 2238">
     <span class='ocr_line' id='line_1_77' title="bbox 1889 2168 3448 2238; baseline 0.002 -17"><span class='ocrx_word' id='word_1_572' title='bbox 1889 2183 2011 2222; x_wconf 89' lang='lat' dir='ltr'><strong>mus</strong></span> <span class='ocrx_word' id='word_1_573' title='bbox 2055 2168 2120 2221; x_wconf 89' lang='lat' dir='ltr'><strong>ad</strong></span> <span class='ocrx_word' id='word_1_574' title='bbox 2155 2168 2312 2223; x_wconf 90' lang='lat' dir='ltr'><strong>nobis</strong></span> <span class='ocrx_word' id='word_1_575' title='bbox 2357 2169 2698 2238; x_wconf 84' lang='lat' dir='ltr'><strong>propositum</strong></span> <span class='ocrx_word' id='word_1_576' title='bbox 2751 2179 3048 2234; x_wconf 85' lang='lat' dir='ltr'><strong>certamen,</strong></span> <span class='ocrx_word' id='word_1_577' title='bbox 3094 2169 3448 2237; x_wconf 84' lang='lat' dir='ltr'><strong>respicientes</strong></span> 
     </span>
    </p>
   </div>
   <div class='ocr_carea' id='block_1_78' title="bbox 1888 2257 3446 2314">
    <p class='ocr_par' dir='ltr' id='par_1_78' title="bbox 1888 2257 3446 2314">
     <span class='ocr_line' id='line_1_78' title="bbox 1888 2257 3446 2314; baseline 0.003 -4"><span class='ocrx_word' id='word_1_578' title='bbox 1888 2257 1952 2311; x_wconf 90' lang='lat' dir='ltr'><strong>ad</strong></span> <span class='ocrx_word' id='word_1_579' title='bbox 1989 2257 2108 2312; x_wconf 82' lang='lat' dir='ltr'><strong>ﬁdei</strong></span> <span class='ocrx_word' id='word_1_580' title='bbox 2132 2267 2406 2314; x_wconf 86' lang='lat' dir='ltr'><strong>auctorem</strong></span> <span class='ocrx_word' id='word_1_581' title='bbox 2437 2269 2488 2313; x_wconf 89' lang='lat' dir='ltr'><strong>et</strong></span> <span class='ocrx_word' id='word_1_582' title='bbox 2513 2267 3005 2312; x_wconf 90' lang='lat' dir='ltr'><strong>consummatorem</strong></span> <span class='ocrx_word' id='word_1_583' title='bbox 3036 2257 3287 2314; x_wconf 70' lang='lat' dir='ltr'><strong>Jesumb.</strong></span> <span class='ocrx_word' id='word_1_584' title='bbox 3325 2278 3343 2310; x_wconf 79' lang='grc' dir='ltr'><strong>ι</strong></span> <span class='ocrx_word' id='word_1_585' title='bbox 3381 2259 3446 2314; x_wconf 85' lang='lat' dir='ltr'><strong>Et</strong></span> 
     </span>
    </p>
   </div>
   <div class='ocr_carea' id='block_1_79' title="bbox 1887 2349 3450 2420">
    <p class='ocr_par' dir='ltr' id='par_1_79' title="bbox 1887 2349 3450 2420">
     <span class='ocr_line' id='line_1_79' title="bbox 1887 2349 3450 2420; baseline 0.002 -19"><span class='ocrx_word' id='word_1_586' title='bbox 1887 2349 2030 2417; x_wconf 90' lang='lat' dir='ltr'><strong>quod</strong></span> <span class='ocrx_word' id='word_1_587' title='bbox 2065 2365 2228 2404; x_wconf 74' lang='lat' dir='ltr'><strong>tutam</strong></span> <span class='ocrx_word' id='word_1_588' title='bbox 2261 2350 2614 2420; x_wconf 85' lang='lat' dir='ltr'><strong>eamdemque</strong></span> <span class='ocrx_word' id='word_1_589' title='bbox 2647 2349 2912 2420; x_wconf 82' lang='lat' dir='ltr'><strong>intelligat</strong></span> <span class='ocrx_word' id='word_1_590' title='bbox 2942 2351 3171 2405; x_wconf 85' lang='lat' dir='ltr'><strong>salutem</strong></span> <span class='ocrx_word' id='word_1_591' title='bbox 3205 2351 3259 2404; x_wconf 90' lang='lat' dir='ltr'><strong>in</strong></span> <span class='ocrx_word' id='word_1_592' title='bbox 3290 2351 3450 2404; x_wconf 81' lang='lat' dir='ltr'><strong>Chri-</strong></span> 
     </span>
    </p>
   </div>
   <div class='ocr_carea' id='block_1_80' title="bbox 1886 2441 3447 2513">
    <p class='ocr_par' dir='ltr' id='par_1_80' title="bbox 1886 2441 3447 2513">
     <span class='ocr_line' id='line_1_80' title="bbox 1886 2441 3447 2513; baseline 0.003 -21"><span class='ocrx_word' id='word_1_593' title='bbox 1886 2448 1992 2500; x_wconf 87' lang='lat' dir='ltr'><strong>sto.</strong></span> <span class='ocrx_word' id='word_1_594' title='bbox 2023 2457 2144 2496; x_wconf 81' lang='lat' dir='ltr'><strong>cum</strong></span> <span class='ocrx_word' id='word_1_595' title='bbox 2168 2441 2464 2510; x_wconf 90' lang='lat' dir='ltr'><strong>justorum,</strong></span> <span class='ocrx_word' id='word_1_596' title='bbox 2505 2451 2618 2495; x_wconf 91' lang='lat' dir='ltr'><strong>tum</strong></span> <span class='ocrx_word' id='word_1_597' title='bbox 2651 2441 2812 2495; x_wconf 87' lang='lat' dir='ltr'><strong>etiam</strong></span> <span class='ocrx_word' id='word_1_598' title='bbox 2837 2453 3102 2510; x_wconf 88' lang='lat' dir='ltr'><strong>nostram,</strong></span> <span class='ocrx_word' id='word_1_599' title='bbox 3130 2443 3282 2513; x_wconf 89' lang='lat' dir='ltr'><strong>prius</strong></span> <span class='ocrx_word' id='word_1_600' title='bbox 3325 2444 3447 2512; x_wconf 88' lang='lat' dir='ltr'><strong>qui-</strong></span> 
     </span>
    </p>
   </div>
   <div class='ocr_carea' id='block_1_81' title="bbox 1885 2533 3444 2605">
    <p class='ocr_par' dir='ltr' id='par_1_81' title="bbox 1885 2533 3444 2605">
     <span class='ocr_line' id='line_1_81' title="bbox 1885 2533 3444 2605; baseline 0.002 -18"><span class='ocrx_word' id='word_1_601' title='bbox 1885 2533 2004 2587; x_wconf 87' lang='lat' dir='ltr'><strong>dem</strong></span> <span class='ocrx_word' id='word_1_602' title='bbox 2057 2535 2192 2587; x_wconf 83' lang='lat' dir='ltr'><strong>dixit</strong></span> <span class='ocrx_word' id='word_1_603' title='bbox 2245 2545 2457 2604; x_wconf 87' lang='lat' dir='ltr'><strong>apertc,</strong></span> <span class='ocrx_word' id='word_1_604' title='bbox 2509 2537 2679 2591; x_wconf 86' lang='lat' dir='ltr'><strong>nihilo</strong></span> <span class='ocrx_word' id='word_1_605' title='bbox 2720 2547 2896 2591; x_wconf 90' lang='lat' dir='ltr'><strong>tamen</strong></span> <span class='ocrx_word' id='word_1_606' title='bbox 2949 2537 3218 2591; x_wconf 86' lang='lat' dir='ltr'><strong>scciusde</strong></span> <span class='ocrx_word' id='word_1_607' title='bbox 3259 2534 3444 2605; x_wconf 81' lang='lat' dir='ltr'><strong>Moyse</strong></span> 
     </span>
    </p>
   </div>
   <div class='ocr_carea' id='block_1_82' title="bbox 1888 2625 3442 2697">
    <p class='ocr_par' dir='ltr' id='par_1_82' title="bbox 1888 2625 3442 2697">
     <span class='ocr_line' id='line_1_82' title="bbox 1888 2625 3442 2697; baseline 0.003 -21"><span class='ocrx_word' id='word_1_608' title='bbox 1888 2639 2106 2693; x_wconf 90' lang='lat' dir='ltr'><strong>quoque</strong></span> <span class='ocrx_word' id='word_1_609' title='bbox 2133 2625 2341 2692; x_wconf 91' lang='lat' dir='ltr'><strong>dicens,</strong></span> <span class='ocrx_word' id='word_1_610' title='bbox 2367 2627 2646 2697; x_wconf 80' lang='lat' dir='ltr'><strong>subjungit</strong></span> <span class='ocrx_word' id='word_1_611' title='bbox 2675 2643 2688 2680; x_wconf 93' lang='lat'><strong>:</strong></span> <span class='ocrx_word' id='word_1_612' title='bbox 2729 2627 2990 2696; x_wconf 72' lang='lat' dir='ltr'><strong>«Majores</strong></span> <span class='ocrx_word' id='word_1_613' title='bbox 3022 2627 3341 2680; x_wconf 82' lang='lat' dir='ltr'><strong>existimans</strong></span> <span class='ocrx_word' id='word_1_614' title='bbox 3362 2627 3442 2680; x_wconf 92' lang='lat' dir='ltr'><strong>di-</strong></span> 
     </span>
    </p>
   </div>
   <div class='ocr_carea' id='block_1_83' title="bbox 1882 2718 3446 2791">
    <p class='ocr_par' dir='ltr' id='par_1_83' title="bbox 1882 2718 3446 2791">
     <span class='ocr_line' id='line_1_83' title="bbox 1882 2718 3446 2791; baseline 0.001 -21"><span class='ocrx_word' id='word_1_615' title='bbox 1882 2718 2040 2772; x_wconf 80' lang='lat' dir='ltr'><strong>vitias</strong></span> <span class='ocrx_word' id='word_1_616' title='bbox 2085 2734 2250 2787; x_wconf 87' lang='lat' dir='ltr'><strong>quam</strong></span> <span class='ocrx_word' id='word_1_617' title='bbox 2303 2719 2590 2774; x_wconf 84' lang='lat' dir='ltr'><strong>thesauros</strong></span> <span class='ocrx_word' id='word_1_618' title='bbox 2635 2719 2876 2791; x_wconf 68' lang='lat' dir='ltr'><strong>1Egypti,</strong></span> <span class='ocrx_word' id='word_1_619' title='bbox 2931 2720 3134 2774; x_wconf 86' lang='lat' dir='ltr'><strong>Christi</strong></span> <span class='ocrx_word' id='word_1_620' title='bbox 3182 2719 3446 2788; x_wconf 85' lang='lat' dir='ltr'><strong>imprope-</strong></span> 
     </span>
    </p>
   </div>
   <div class='ocr_carea' id='block_1_84' title="bbox 1881 2809 3445 2879">
    <p class='ocr_par' dir='ltr' id='par_1_84' title="bbox 1881 2809 3445 2879">
     <span class='ocr_line' id='line_1_84' title="bbox 1881 2809 3445 2879; baseline 0.001 -17"><span class='ocrx_word' id='word_1_621' title='bbox 1881 2809 2020 2862; x_wconf 89' lang='lat' dir='ltr'><strong>rium</strong></span> <span class='ocrx_word' id='word_1_622' title='bbox 2047 2827 2061 2874; x_wconf 92' lang='lat'><strong>;</strong></span> <span class='ocrx_word' id='word_1_623' title='bbox 2101 2809 2424 2879; x_wconf 88' lang='lat' dir='ltr'><strong>respiciebat</strong></span> <span class='ocrx_word' id='word_1_624' title='bbox 2445 2813 2588 2864; x_wconf 91' lang='lat' dir='ltr'><strong>enim</strong></span> <span class='ocrx_word' id='word_1_625' title='bbox 2620 2811 3135 2864; x_wconf 77' lang='lat' dir='ltr'><strong>remunerationem.</strong></span> <span class='ocrx_word' id='word_1_626' title='bbox 3167 2809 3300 2866; x_wconf 87' lang='lat' dir='ltr'><strong>Fide</strong></span> <span class='ocrx_word' id='word_1_627' title='bbox 3327 2811 3445 2865; x_wconf 87' lang='lat' dir='ltr'><strong>reli-</strong></span> 
     </span>
    </p>
   </div>
   <div class='ocr_carea' id='block_1_85' title="bbox 1881 2899 3442 2970">
    <p class='ocr_par' dir='ltr' id='par_1_85' title="bbox 1881 2899 3442 2970">
     <span class='ocr_line' id='line_1_85' title="bbox 1881 2899 3442 2970; baseline 0.001 -16"><span class='ocrx_word' id='word_1_628' title='bbox 1881 2900 1998 2970; x_wconf 86' lang='lat' dir='ltr'><strong>quit</strong></span> <span class='ocrx_word' id='word_1_629' title='bbox 2026 2899 2464 2970; x_wconf 65' lang='lat' dir='ltr'><strong>Aigyptummon</strong></span> <span class='ocrx_word' id='word_1_630' title='bbox 2503 2901 2710 2955; x_wconf 83' lang='lat' dir='ltr'><strong>veritus</strong></span> <span class='ocrx_word' id='word_1_631' title='bbox 2741 2902 2874 2954; x_wconf 87' lang='lat' dir='ltr'><strong>iram</strong></span> <span class='ocrx_word' id='word_1_632' title='bbox 2917 2903 3077 2968; x_wconf 82' lang='lat' dir='ltr'><strong>regis.</strong></span> <span class='ocrx_word' id='word_1_633' title='bbox 3115 2901 3442 2955; x_wconf 89' lang='lat' dir='ltr'><strong>lnvisibilem</strong></span> 
     </span>
    </p>
   </div>
   <div class='ocr_carea' id='block_1_86' title="bbox 1879 2991 3444 3061">
    <p class='ocr_par' dir='ltr' id='par_1_86' title="bbox 1879 2991 3444 3061">
     <span class='ocr_line' id='line_1_86' title="bbox 1879 2991 3444 3061; baseline -0.001 -15"><span class='ocrx_word' id='word_1_634' title='bbox 1879 2993 2021 3048; x_wconf 84' lang='lat' dir='ltr'><strong>enim</strong></span> <span class='ocrx_word' id='word_1_635' title='bbox 2043 3000 2298 3061; x_wconf 84' lang='lat' dir='ltr'><strong>tanquam</strong></span> <span class='ocrx_word' id='word_1_636' title='bbox 2335 2992 2428 3061; x_wconf 92' lang='lat' dir='ltr'><strong>qui</strong></span> <span class='ocrx_word' id='word_1_637' title='bbox 2461 2991 2684 3056; x_wconf 84' lang='lat' dir='ltr'><strong>videret,</strong></span> <span class='ocrx_word' id='word_1_638' title='bbox 2718 2992 3041 3046; x_wconf 69' lang='lat' dir='ltr'><strong>sustinuitc.</strong></span> <span class='ocrx_word' id='word_1_639' title='bbox 3070 3011 3087 3043; x_wconf 78' lang='grc' dir='ltr'><strong>ι</strong></span> <span class='ocrx_word' id='word_1_640' title='bbox 3129 2991 3314 3046; x_wconf 81' lang='lat' dir='ltr'><strong>Divina</strong></span> <span class='ocrx_word' id='word_1_641' title='bbox 3343 2991 3444 3044; x_wconf 88' lang='lat' dir='ltr'><strong>Sa—</strong></span> 
     </span>
    </p>
   </div>
   <div class='ocr_carea' id='block_1_87' title="bbox 1881 3081 3443 3153">
    <p class='ocr_par' dir='ltr' id='par_1_87' title="bbox 1881 3081 3443 3153">
     <span class='ocr_line' id='line_1_87' title="bbox 1881 3081 3443 3153; baseline 0.001 -18"><span class='ocrx_word' id='word_1_642' title='bbox 1881 3081 2078 3151; x_wconf 89' lang='lat' dir='ltr'><strong>pientia</strong></span> <span class='ocrx_word' id='word_1_643' title='bbox 2113 3083 2246 3136; x_wconf 89' lang='lat' dir='ltr'><strong>dicit</strong></span> <span class='ocrx_word' id='word_1_644' title='bbox 2284 3083 2349 3136; x_wconf 90' lang='lat' dir='ltr'><strong>de</strong></span> <span class='ocrx_word' id='word_1_645' title='bbox 2383 3083 2711 3153; x_wconf 74' lang='lat' dir='ltr'><strong>martyribus</strong></span> <span class='ocrx_word' id='word_1_646' title='bbox 2753 3100 2764 3135; x_wconf 86' lang='lat'>;</span> <span class='ocrx_word' id='word_1_647' title='bbox 2816 3103 2836 3134; x_wconf 80' lang='grc' dir='ltr'><strong>ι</strong></span> <span class='ocrx_word' id='word_1_648' title='bbox 2869 3081 2982 3136; x_wconf 73' lang='lat' dir='ltr'><strong>Visi</strong></span> <span class='ocrx_word' id='word_1_649' title='bbox 3025 3091 3150 3137; x_wconf 87' lang='lat' dir='ltr'><strong>sunt</strong></span> <span class='ocrx_word' id='word_1_650' title='bbox 3183 3082 3236 3134; x_wconf 90' lang='lat' dir='ltr'><strong>in</strong></span> <span class='ocrx_word' id='word_1_651' title='bbox 3267 3082 3443 3136; x_wconf 83' lang='lat' dir='ltr'><strong>oculis</strong></span> 
     </span>
    </p>
   </div>
   <div class='ocr_carea' id='block_1_88' title="bbox 1881 3171 3440 3242">
    <p class='ocr_par' dir='ltr' id='par_1_88' title="bbox 1881 3171 3440 3242">
     <span class='ocr_line' id='line_1_88' title="bbox 1881 3171 3440 3242; baseline 0.001 -18"><span class='ocrx_word' id='word_1_652' title='bbox 1881 3171 2248 3242; x_wconf 87' lang='lat' dir='ltr'><strong>insipientium</strong></span> <span class='ocrx_word' id='word_1_653' title='bbox 2293 3173 2452 3237; x_wconf 87' lang='lat' dir='ltr'><strong>mori,</strong></span> <span class='ocrx_word' id='word_1_654' title='bbox 2497 3183 2550 3226; x_wconf 91' lang='lat' dir='ltr'><strong>et</strong></span> <span class='ocrx_word' id='word_1_655' title='bbox 2596 3181 2842 3242; x_wconf 85' lang='lat' dir='ltr'><strong>reputata</strong></span> <span class='ocrx_word' id='word_1_656' title='bbox 2890 3182 2972 3228; x_wconf 91' lang='lat' dir='ltr'><strong>est</strong></span> <span class='ocrx_word' id='word_1_657' title='bbox 3005 3175 3222 3227; x_wconf 74' lang='lat' dir='ltr'><strong>vexatio</strong></span> <span class='ocrx_word' id='word_1_658' title='bbox 3249 3189 3440 3227; x_wconf 82' lang='lat' dir='ltr'><strong>eorum</strong></span> 
     </span>
    </p>
   </div>
   <div class='ocr_carea' id='block_1_89' title="bbox 1879 3261 3441 3330">
    <p class='ocr_par' dir='ltr' id='par_1_89' title="bbox 1879 3261 3441 3330">
     <span class='ocr_line' id='line_1_89' title="bbox 1879 3261 3441 3330; baseline -0.003 -12"><span class='ocrx_word' id='word_1_659' title='bbox 1879 3263 2076 3330; x_wconf 85' lang='lat' dir='ltr'><strong>exitus,</strong></span> <span class='ocrx_word' id='word_1_660' title='bbox 2119 3273 2171 3318; x_wconf 89' lang='lat' dir='ltr'><strong>et</strong></span> <span class='ocrx_word' id='word_1_661' title='bbox 2237 3279 2266 3317; x_wconf 92' lang='lat' dir='ltr'><strong>a</strong></span> <span class='ocrx_word' id='word_1_662' title='bbox 2314 3264 2469 3317; x_wconf 87' lang='lat' dir='ltr'><strong>nobis</strong></span> <span class='ocrx_word' id='word_1_663' title='bbox 2516 3261 2810 3325; x_wconf 82' lang='lat' dir='ltr'><strong>discessus,</strong></span> <span class='ocrx_word' id='word_1_664' title='bbox 2862 3263 3154 3318; x_wconf 86' lang='lat' dir='ltr'><strong>contritio:</strong></span> <span class='ocrx_word' id='word_1_665' title='bbox 3189 3263 3264 3316; x_wconf 90' lang='lat' dir='ltr'><strong>illi</strong></span> <span class='ocrx_word' id='word_1_666' title='bbox 3315 3279 3441 3316; x_wconf 84' lang='lat' dir='ltr'><strong>vero</strong></span> 
     </span>
    </p>
   </div>
   <div class='ocr_carea' id='block_1_90' title="bbox 1876 3337 3442 3425">
    <p class='ocr_par' dir='ltr' id='par_1_90' title="bbox 1876 3337 3442 3425">
     <span class='ocr_line' id='line_1_90' title="bbox 1876 3337 3442 3425; baseline 0 -18"><span class='ocrx_word' id='word_1_667' title='bbox 1876 3365 2004 3410; x_wconf 89' lang='lat' dir='ltr'><strong>sunt</strong></span> <span class='ocrx_word' id='word_1_668' title='bbox 2039 3357 2095 3409; x_wconf 91' lang='lat' dir='ltr'><strong>in</strong></span> <span class='ocrx_word' id='word_1_669' title='bbox 2129 3372 2276 3425; x_wconf 83' lang='lat' dir='ltr'><strong>pace.</strong></span> <span class='ocrx_word' id='word_1_670' title='bbox 2335 3354 2543 3409; x_wconf 83' lang='lat' dir='ltr'><strong>Etenim</strong></span> <span class='ocrx_word' id='word_1_671' title='bbox 2593 3353 2640 3408; x_wconf 87' lang='lat' dir='ltr'><strong>si</strong></span> <span class='ocrx_word' id='word_1_672' title='bbox 2671 3355 2728 3407; x_wconf 90' lang='lat' dir='ltr'><strong>in</strong></span> <span class='ocrx_word' id='word_1_673' title='bbox 2767 3355 2940 3410; x_wconf 87' lang='lat' dir='ltr'><strong>oculis</strong></span> <span class='ocrx_word' id='word_1_674' title='bbox 2986 3337 3442 3422; x_wconf 78' lang='lat' dir='ltr'><strong>hominumsup-</strong></span> 
     </span>
    </p>
   </div>
   <div class='ocr_carea' id='block_1_91' title="bbox 1875 3447 3441 3518">
    <p class='ocr_par' dir='ltr' id='par_1_91' title="bbox 1875 3447 3441 3518">
     <span class='ocr_line' id='line_1_91' title="bbox 1875 3447 3441 3518; baseline -0.003 -17"><span class='ocrx_word' id='word_1_675' title='bbox 1875 3449 2053 3518; x_wconf 90' lang='lat' dir='ltr'><strong>pliciis</strong></span> <span class='ocrx_word' id='word_1_676' title='bbox 2083 3448 2256 3503; x_wconf 80' lang='lat' dir='ltr'><strong>aﬂ&#39;ecti</strong></span> <span class='ocrx_word' id='word_1_677' title='bbox 2288 3447 2507 3514; x_wconf 84' lang='lat' dir='ltr'><strong>fuerint,</strong></span> <span class='ocrx_word' id='word_1_678' title='bbox 2537 3462 2659 3517; x_wconf 87' lang='lat' dir='ltr'><strong>spes</strong></span> <span class='ocrx_word' id='word_1_679' title='bbox 2685 3463 2872 3502; x_wconf 89' lang='lat' dir='ltr'><strong>eorum</strong></span> <span class='ocrx_word' id='word_1_680' title='bbox 2903 3447 3060 3516; x_wconf 88' lang='lat' dir='ltr'><strong>plena</strong></span> <span class='ocrx_word' id='word_1_681' title='bbox 3091 3455 3175 3500; x_wconf 90' lang='lat' dir='ltr'><strong>est</strong></span> <span class='ocrx_word' id='word_1_682' title='bbox 3214 3447 3441 3498; x_wconf 88' lang='lat' dir='ltr'><strong>immor-</strong></span> 
     </span>
    </p>
   </div>
   <div class='ocr_carea' id='block_1_92' title="bbox 1855 3539 3440 3609">
    <p class='ocr_par' dir='ltr' id='par_1_92' title="bbox 1855 3539 3440 3609">
     <span class='ocr_line' id='line_1_92' title="bbox 1855 3539 3440 3609; baseline -0.003 -17"><span class='ocrx_word' id='word_1_683' title='bbox 1855 3539 2160 3597; x_wconf 69' lang='lat' dir='ltr'><strong>‘talitatisd.</strong></span> <span class='ocrx_word' id='word_1_684' title='bbox 2209 3561 2228 3591; x_wconf 77' lang='grc' dir='ltr'><strong>ι</strong></span> <span class='ocrx_word' id='word_1_685' title='bbox 2273 3541 2470 3594; x_wconf 86' lang='lat' dir='ltr'><strong>Deinde</strong></span> <span class='ocrx_word' id='word_1_686' title='bbox 2500 3540 2800 3609; x_wconf 80' lang='lat' dir='ltr'><strong>subjungit,</strong></span> <span class='ocrx_word' id='word_1_687' title='bbox 2837 3539 3128 3609; x_wconf 77' lang='lat' dir='ltr'><strong>gloriosam</strong></span> <span class='ocrx_word' id='word_1_688' title='bbox 3175 3551 3440 3606; x_wconf 72' lang='lat' dir='ltr'><strong>expurga-</strong></span> 
     </span>
    </p>
   </div>
   <div class='ocr_carea' id='block_1_93' title="bbox 1875 3625 3438 3700">
    <p class='ocr_par' dir='ltr' id='par_1_93' title="bbox 1875 3625 3438 3700">
     <span class='ocr_line' id='line_1_93' title="bbox 1875 3625 3438 3700; baseline -0.004 -13"><span class='ocrx_word' id='word_1_689' title='bbox 1875 3634 2074 3688; x_wconf 84' lang='lat' dir='ltr'><strong>tionem</strong></span> <span class='ocrx_word' id='word_1_690' title='bbox 2127 3633 2330 3687; x_wconf 88' lang='lat' dir='ltr'><strong>docens</strong></span> <span class='ocrx_word' id='word_1_691' title='bbox 2376 3647 2495 3686; x_wconf 87' lang='lat' dir='ltr'><strong>esse</strong></span> <span class='ocrx_word' id='word_1_692' title='bbox 2545 3631 2912 3700; x_wconf 83' lang='lat' dir='ltr'><strong>martyrium:</strong></span> <span class='ocrx_word' id='word_1_693' title='bbox 2965 3648 2983 3679; x_wconf 83' lang='grc' dir='ltr'>ι</span> <span class='ocrx_word' id='word_1_694' title='bbox 3024 3625 3089 3681; x_wconf 84' lang='grc' dir='ltr'><strong>Ει</strong></span> <span class='ocrx_word' id='word_1_695' title='bbox 3138 3627 3192 3680; x_wconf 90' lang='lat' dir='ltr'><strong>in</strong></span> <span class='ocrx_word' id='word_1_696' title='bbox 3249 3627 3438 3695; x_wconf 89' lang='lat' dir='ltr'><strong>paucis</strong></span> 
     </span>
    </p>
   </div>
   <div class='ocr_carea' id='block_1_94' title="bbox 1875 3719 3436 3794">
    <p class='ocr_par' dir='ltr' id='par_1_94' title="bbox 1875 3719 3436 3794">
     <span class='ocr_line' id='line_1_94' title="bbox 1875 3719 3436 3794; baseline -0.006 -13"><span class='ocrx_word' id='word_1_697' title='bbox 1875 3723 2142 3794; x_wconf 82' lang='lat' dir='ltr'><strong>castigati,</strong></span> <span class='ocrx_word' id='word_1_698' title='bbox 2201 3723 2412 3793; x_wconf 80' lang='lat' dir='ltr'><strong>magnis</strong></span> <span class='ocrx_word' id='word_1_699' title='bbox 2468 3722 2770 3777; x_wconf 80' lang='lat' dir='ltr'><strong>afﬁcientur</strong></span> <span class='ocrx_word' id='word_1_700' title='bbox 2826 3719 3124 3785; x_wconf 84' lang='lat' dir='ltr'><strong>beneficiis,</strong></span> <span class='ocrx_word' id='word_1_701' title='bbox 3176 3719 3436 3788; x_wconf 88' lang='lat' dir='ltr'><strong>quoniam</strong></span> 
     </span>
    </p>
   </div>
   <div class='ocr_carea' id='block_1_95' title="bbox 1875 3809 3426 3878">
    <p class='ocr_par' dir='ltr' id='par_1_95' title="bbox 1875 3809 3426 3878">
     <span class='ocr_line' id='line_1_95' title="bbox 1875 3809 3426 3878; baseline -0.004 -10"><span class='ocrx_word' id='word_1_702' title='bbox 1875 3815 2017 3870; x_wconf 90' lang='lat' dir='ltr'><strong>Deus</strong></span> <span class='ocrx_word' id='word_1_703' title='bbox 2051 3815 2275 3869; x_wconf 77' lang='lat' dir='ltr'><strong>tentavit</strong></span> <span class='ocrx_word' id='word_1_704' title='bbox 2302 3827 2417 3876; x_wconf 88' lang='lat' dir='ltr'><strong>eos,</strong></span> <span class='ocrx_word' id='word_1_705' title='bbox 2463 3829 2480 3863; x_wconf 74' lang='grc' dir='ltr'><strong>ι</strong></span> <span class='ocrx_word' id='word_1_706' title='bbox 2535 3811 2635 3865; x_wconf 90' lang='lat' dir='ltr'><strong>hoc</strong></span> <span class='ocrx_word' id='word_1_707' title='bbox 2674 3819 2776 3874; x_wconf 85' lang='lat' dir='ltr'><strong>est,</strong></span> <span class='ocrx_word' id='word_1_708' title='bbox 2813 3811 2878 3864; x_wconf 90' lang='lat' dir='ltr'><strong>ad</strong></span> <span class='ocrx_word' id='word_1_709' title='bbox 2925 3825 3113 3864; x_wconf 88' lang='lat' dir='ltr'><strong>eorum</strong></span> <span class='ocrx_word' id='word_1_710' title='bbox 3157 3809 3426 3878; x_wconf 88' lang='lat' dir='ltr'><strong>probatio-</strong></span> 
     </span>
    </p>
   </div>
   <div class='ocr_carea' id='block_1_96' title="bbox 1875 3901 3437 3972">
    <p class='ocr_par' dir='ltr' id='par_1_96' title="bbox 1875 3901 3437 3972">
     <span class='ocr_line' id='line_1_96' title="bbox 1875 3901 3437 3972; baseline -0.006 -12"><span class='ocrx_word' id='word_1_711' title='bbox 1875 3922 2018 3972; x_wconf 88' lang='lat' dir='ltr'><strong>nem,</strong></span> <span class='ocrx_word' id='word_1_712' title='bbox 2059 3915 2112 3958; x_wconf 89' lang='lat' dir='ltr'><strong>et</strong></span> <span class='ocrx_word' id='word_1_713' title='bbox 2147 3913 2206 3958; x_wconf 92' lang='lat' dir='ltr'><strong>ut</strong></span> <span class='ocrx_word' id='word_1_714' title='bbox 2231 3903 2438 3972; x_wconf 90' lang='lat' dir='ltr'><strong>pudore</strong></span> <span class='ocrx_word' id='word_1_715' title='bbox 2466 3901 2730 3955; x_wconf 78' lang='lat' dir='ltr'><strong>afﬁciatur</strong></span> <span class='ocrx_word' id='word_1_716' title='bbox 2762 3910 3017 3966; x_wconf 87' lang='lat' dir='ltr'><strong>tentator,</strong></span> <span class='ocrx_word' id='word_1_717' title='bbox 3049 3901 3174 3955; x_wconf 85' lang='lat' dir='ltr'><strong>sivit</strong></span> <span class='ocrx_word' id='word_1_718' title='bbox 3196 3915 3290 3954; x_wconf 90' lang='lat' dir='ltr'><strong>eos</strong></span> <span class='ocrx_word' id='word_1_719' title='bbox 3323 3907 3437 3952; x_wconf 87' lang='lat' dir='ltr'><strong>ten-</strong></span> 
     </span>
    </p>
   </div>
   <div class='ocr_carea' id='block_1_97' title="bbox 1873 3991 3436 4063">
    <p class='ocr_par' dir='ltr' id='par_1_97' title="bbox 1873 3991 3436 4063">
     <span class='ocr_line' id='line_1_97' title="bbox 1873 3991 3436 4063; baseline -0.001 -13"><span class='ocrx_word' id='word_1_720' title='bbox 1873 3998 2010 4062; x_wconf 85' lang='lat' dir='ltr'><strong>tari;</strong></span> <span class='ocrx_word' id='word_1_721' title='bbox 2067 4013 2085 4046; x_wconf 81' lang='grc' dir='ltr'>ι</span> <span class='ocrx_word' id='word_1_722' title='bbox 2115 4005 2170 4048; x_wconf 88' lang='lat' dir='ltr'><strong>et</strong></span> <span class='ocrx_word' id='word_1_723' title='bbox 2217 3994 2422 4048; x_wconf 85' lang='lat' dir='ltr'><strong>invenit</strong></span> <span class='ocrx_word' id='word_1_724' title='bbox 2461 4007 2556 4046; x_wconf 89' lang='lat' dir='ltr'><strong>eos</strong></span> <span class='ocrx_word' id='word_1_725' title='bbox 2578 4007 2636 4047; x_wconf 91' lang='lat' dir='ltr'><strong>se</strong></span> <span class='ocrx_word' id='word_1_726' title='bbox 2677 3994 2890 4063; x_wconf 78' lang='lat' dir='ltr'><strong>dignos,</strong></span> <span class='ocrx_word' id='word_1_727' title='bbox 2923 4011 2944 4044; x_wconf 72' lang='grc' dir='ltr'>ι</span> <span class='ocrx_word' id='word_1_728' title='bbox 2987 4002 3046 4046; x_wconf 90' lang='lat' dir='ltr'><strong>ut</strong></span> <span class='ocrx_word' id='word_1_729' title='bbox 3091 3991 3298 4047; x_wconf 87' lang='lat' dir='ltr'><strong>scilicet</strong></span> <span class='ocrx_word' id='word_1_730' title='bbox 3343 4008 3436 4048; x_wconf 81' lang='lat' dir='ltr'><strong>vu-</strong></span> 
     </span>
    </p>
   </div>
   <div class='ocr_carea' id='block_1_98' title="bbox 1873 4083 3430 4157">
    <p class='ocr_par' dir='ltr' id='par_1_98' title="bbox 1873 4083 3430 4157">
     <span class='ocr_line' id='line_1_98' title="bbox 1873 4083 3430 4157; baseline -0.004 -15"><span class='ocrx_word' id='word_1_731' title='bbox 1873 4088 2200 4142; x_wconf 86' lang='lat' dir='ltr'><strong>centurfilii.</strong></span> <span class='ocrx_word' id='word_1_732' title='bbox 2243 4105 2262 4139; x_wconf 78' lang='grc'><strong>(</strong></span> <span class='ocrx_word' id='word_1_733' title='bbox 2301 4086 2580 4157; x_wconf 87' lang='lat' dir='ltr'><strong>Tanquam</strong></span> <span class='ocrx_word' id='word_1_734' title='bbox 2614 4103 2806 4141; x_wconf 87' lang='lat' dir='ltr'><strong>aurum</strong></span> <span class='ocrx_word' id='word_1_735' title='bbox 2849 4087 2900 4138; x_wconf 92' lang='lat' dir='ltr'><strong>in</strong></span> <span class='ocrx_word' id='word_1_736' title='bbox 2929 4084 3151 4138; x_wconf 80' lang='lat' dir='ltr'><strong>fornace</strong></span> <span class='ocrx_word' id='word_1_737' title='bbox 3183 4083 3430 4152; x_wconf 74' lang='lat' dir='ltr'><strong>probavit</strong></span> 
     </span>
    </p>
   </div>
   <div class='ocr_carea' id='block_1_99' title="bbox 1869 4177 3530 4248">
    <p class='ocr_par' dir='ltr' id='par_1_99' title="bbox 1869 4177 3530 4248">
     <span class='ocr_line' id='line_1_99' title="bbox 1869 4177 3530 4248; baseline -0.004 -15"><span class='ocrx_word' id='word_1_738' title='bbox 1869 4193 1987 4242; x_wconf 84' lang='lat' dir='ltr'><strong>eos,</strong></span> <span class='ocrx_word' id='word_1_739' title='bbox 2028 4187 2082 4233; x_wconf 88' lang='lat' dir='ltr'><strong>et</strong></span> <span class='ocrx_word' id='word_1_740' title='bbox 2121 4189 2378 4248; x_wconf 86' lang='lat' dir='ltr'><strong>tanquam</strong></span> <span class='ocrx_word' id='word_1_741' title='bbox 2413 4180 2642 4234; x_wconf 87' lang='lat' dir='ltr'><strong>solidam</strong></span> <span class='ocrx_word' id='word_1_742' title='bbox 2681 4177 2934 4232; x_wconf 78' lang='lat' dir='ltr'><strong>sacrificii</strong></span> <span class='ocrx_word' id='word_1_743' title='bbox 2975 4177 3300 4230; x_wconf 84' lang='lat' dir='ltr'><strong>oblationem</strong></span> <span class='ocrx_word' id='word_1_744' title='bbox 3336 4191 3429 4228; x_wconf 79' lang='lat' dir='ltr'><strong>ex-</strong></span> <span class='ocrx_word' id='word_1_745' title='bbox 3521 4203 3530 4216; x_wconf 70' lang='grc' dir='ltr'><strong>ι</strong></span> 
     </span>
    </p>
   </div>
   <div class='ocr_carea' id='block_1_100' title="bbox 1841 4263 3438 4340">
    <p class='ocr_par' dir='ltr' id='par_1_100' title="bbox 1841 4263 3438 4340">
     <span class='ocr_line' id='line_1_100' title="bbox 1841 4263 3438 4340; baseline -0.004 -15"><span class='ocrx_word' id='word_1_746' title='bbox 1841 4299 1844 4302; x_wconf 96' lang='grc'><strong>-</strong></span> <span class='ocrx_word' id='word_1_747' title='bbox 1873 4272 2014 4340; x_wconf 87' lang='lat' dir='ltr'><strong>cepit</strong></span> <span class='ocrx_word' id='word_1_748' title='bbox 2069 4287 2184 4335; x_wconf 85' lang='lat' dir='ltr'><strong>eos,</strong></span> <span class='ocrx_word' id='word_1_749' title='bbox 2215 4271 2346 4325; x_wconf 88' lang='lat' dir='ltr'><strong>etin</strong></span> <span class='ocrx_word' id='word_1_750' title='bbox 2378 4281 2617 4340; x_wconf 89' lang='lat' dir='ltr'><strong>tempore</strong></span> <span class='ocrx_word' id='word_1_751' title='bbox 2653 4269 3006 4338; x_wconf 87' lang='lat' dir='ltr'><strong>inspectionis</strong></span> <span class='ocrx_word' id='word_1_752' title='bbox 3045 4282 3230 4321; x_wconf 90' lang='lat' dir='ltr'><strong>eorum</strong></span> <span class='ocrx_word' id='word_1_753' title='bbox 3269 4263 3438 4334; x_wconf 80' lang='lat' dir='ltr'><strong>fulge-</strong></span> 
     </span>
    </p>
   </div>
   <div class='ocr_carea' id='block_1_101' title="bbox 1873 4359 3431 4432">
    <p class='ocr_par' dir='ltr' id='par_1_101' title="bbox 1873 4359 3431 4432">
     <span class='ocr_line' id='line_1_101' title="bbox 1873 4359 3431 4432; baseline -0.003 -18"><span class='ocrx_word' id='word_1_754' title='bbox 1873 4361 2032 4424; x_wconf 85' lang='lat' dir='ltr'><strong>bunt,</strong></span> <span class='ocrx_word' id='word_1_755' title='bbox 2091 4371 2145 4415; x_wconf 89' lang='lat' dir='ltr'><strong>et</strong></span> <span class='ocrx_word' id='word_1_756' title='bbox 2179 4371 2434 4432; x_wconf 89' lang='lat' dir='ltr'><strong>tanquam</strong></span> <span class='ocrx_word' id='word_1_757' title='bbox 2463 4361 2712 4418; x_wconf 66' lang='lat' dir='ltr'><strong>scintilla:</strong></span> <span class='ocrx_word' id='word_1_758' title='bbox 2761 4361 2814 4413; x_wconf 91' lang='lat' dir='ltr'><strong>in</strong></span> <span class='ocrx_word' id='word_1_759' title='bbox 2861 4359 3058 4426; x_wconf 85' lang='lat' dir='ltr'><strong>stipula</strong></span> <span class='ocrx_word' id='word_1_760' title='bbox 3099 4365 3431 4426; x_wconf 87' lang='lat' dir='ltr'><strong>percurrent.</strong></span> 
     </span>
    </p>
   </div>
   <div class='ocr_carea' id='block_1_102' title="bbox 1843 4439 3433 4523">
    <p class='ocr_par' dir='ltr' id='par_1_102' title="bbox 1843 4439 3433 4523">
     <span class='ocr_line' id='line_1_102' title="bbox 1843 4439 3433 4523; baseline -0.003 -17"><span class='ocrx_word' id='word_1_761' title='bbox 1843 4439 1846 4441; x_wconf 9' lang='lat' dir='ltr'><strong>i</strong></span> <span class='ocrx_word' id='word_1_762' title='bbox 1873 4450 2204 4508; x_wconf 82' lang='lat' dir='ltr'><strong>Judicabunt</strong></span> <span class='ocrx_word' id='word_1_763' title='bbox 2229 4464 2434 4523; x_wconf 78' lang='lat' dir='ltr'><strong>gentes,</strong></span> <span class='ocrx_word' id='word_1_764' title='bbox 2475 4465 2528 4508; x_wconf 89' lang='lat' dir='ltr'><strong>et</strong></span> <span class='ocrx_word' id='word_1_765' title='bbox 2551 4453 2976 4508; x_wconf 85' lang='lat' dir='ltr'><strong>dominabuntur</strong></span> <span class='ocrx_word' id='word_1_766' title='bbox 3005 4449 3237 4518; x_wconf 83' lang='lat' dir='ltr'><strong>populis,</strong></span> <span class='ocrx_word' id='word_1_767' title='bbox 3263 4459 3318 4502; x_wconf 88' lang='lat' dir='ltr'><strong>et</strong></span> <span class='ocrx_word' id='word_1_768' title='bbox 3339 4465 3433 4504; x_wconf 77' lang='lat' dir='ltr'><strong>rex</strong></span> 
     </span>
    </p>
   </div>
   <div class='ocr_carea' id='block_1_103' title="bbox 1801 4545 2926 4618">
    <p class='ocr_par' dir='ltr' id='par_1_103' title="bbox 1801 4545 2926 4618">
     <span class='ocr_line' id='line_1_103' title="bbox 1801 4545 2926 4618; baseline -0.004 -19"><span class='ocrx_word' id='word_1_769' title='bbox 1801 4564 1845 4618; x_wconf 83' lang='grc' dir='ltr'><strong>ι)</strong></span> <span class='ocrx_word' id='word_1_770' title='bbox 1875 4559 2066 4600; x_wconf 86' lang='lat' dir='ltr'><strong>eorum</strong></span> <span class='ocrx_word' id='word_1_771' title='bbox 2101 4547 2206 4600; x_wconf 91' lang='lat' dir='ltr'><strong>erit</strong></span> <span class='ocrx_word' id='word_1_772' title='bbox 2231 4545 2493 4601; x_wconf 87' lang='lat' dir='ltr'><strong>Dominus</strong></span> <span class='ocrx_word' id='word_1_773' title='bbox 2525 4546 2579 4600; x_wconf 87' lang='lat' dir='ltr'><strong>in</strong></span> <span class='ocrx_word' id='word_1_774' title='bbox 2609 4545 2802 4600; x_wconf 64' lang='lat' dir='ltr'><strong>saecula</strong></span> <span class='ocrx_word' id='word_1_775' title='bbox 2824 4554 2868 4597; x_wconf 78' lang='grc' dir='ltr'>ο.</span> <span class='ocrx_word' id='word_1_776' title='bbox 2906 4563 2926 4593; x_wconf 76' lang='grc' dir='ltr'><strong>ι</strong></span> 
     </span>
    </p>
   </div>
   <div class='ocr_carea' id='block_1_104' title="bbox 2843 4718 3428 4808">
    <p class='ocr_par' dir='ltr' id='par_1_104' title="bbox 2843 4718 3428 4808">
     <span class='ocr_line' id='line_1_104' title="bbox 2843 4718 3428 4808; baseline -0.003 -34"><span class='ocrx_word' id='word_1_777' title='bbox 2843 4721 2906 4808; x_wconf 31' lang='grc' dir='ltr'><strong>’ζει</strong></span> <span class='ocrx_word' id='word_1_778' title='bbox 2941 4721 3068 4789; x_wconf 90' lang='lat' dir='ltr'><strong>Sap.</strong></span> <span class='ocrx_word' id='word_1_779' title='bbox 3097 4733 3178 4783; x_wconf 81' lang='grc' dir='ltr'>ιιι,</span> <span class='ocrx_word' id='word_1_780' title='bbox 3203 4718 3258 4784; x_wconf 87' lang='grc'><strong>2,</strong></span> <span class='ocrx_word' id='word_1_781' title='bbox 3284 4719 3338 4786; x_wconf 82' lang='lat'><strong>3,</strong></span> <span class='ocrx_word' id='word_1_782' title='bbox 3374 4720 3428 4774; x_wconf 81' lang='grc'>4.</span> 
     </span>
    </p>
   </div>
   <div class='ocr_carea' id='block_1_105' title="bbox 1945 4939 3432 5014">
    <p class='ocr_par' dir='ltr' id='par_1_105' title="bbox 1945 4939 3432 5014">
     <span class='ocr_line' id='line_1_105' title="bbox 1945 4939 3432 5014; baseline -0.003 -16"><span class='ocrx_word' id='word_1_783' title='bbox 1945 4944 2056 5012; x_wconf 85' lang='grc'>(27)</span> <span class='ocrx_word' id='word_1_784' title='bbox 2087 4944 2283 5014; x_wconf 76' lang='grc' dir='ltr'>’Ἀγιον</span> <span class='ocrx_word' id='word_1_785' title='bbox 2339 4941 2436 5014; x_wconf 66' lang='grc' dir='ltr'><strong>καί</strong></span> <span class='ocrx_word' id='word_1_786' title='bbox 2468 4941 2724 5014; x_wconf 41' lang='grc' dir='ltr'>διειδέςΣ-</span> <span class='ocrx_word' id='word_1_787' title='bbox 2753 4940 3093 5014; x_wconf 70' lang='lat' dir='ltr'><strong>(lommation</strong></span> <span class='ocrx_word' id='word_1_788' title='bbox 3136 4939 3266 4993; x_wconf 92' lang='lat' dir='ltr'><strong>illud</strong></span> <span class='ocrx_word' id='word_1_789' title='bbox 3315 4939 3432 4994; x_wconf 87' lang='lat' dir='ltr'><strong>Cle-</strong></span> 
     </span>
    </p>
   </div>
   <div class='ocr_carea' id='block_1_106' title="bbox 1881 5009 3258 5081">
    <p class='ocr_par' dir='ltr' id='par_1_106' title="bbox 1881 5009 3258 5081">
     <span class='ocr_line' id='line_1_106' title="bbox 1881 5009 3258 5081; baseline -0.007 -11"><span class='ocrx_word' id='word_1_790' title='bbox 1881 5009 2083 5070; x_wconf 87' lang='lat' dir='ltr'><strong>mentis</strong></span> <span class='ocrx_word' id='word_1_791' title='bbox 2113 5009 2216 5078; x_wconf 84' lang='lat' dir='ltr'><strong>est,</strong></span> <span class='ocrx_word' id='word_1_792' title='bbox 2259 5028 2366 5068; x_wconf 89' lang='lat' dir='ltr'><strong>non</strong></span> <span class='ocrx_word' id='word_1_793' title='bbox 2398 5013 2644 5081; x_wconf 80' lang='lat' dir='ltr'><strong>Apostoli</strong></span> <span class='ocrx_word' id='word_1_794' title='bbox 2680 5009 2970 5081; x_wconf 65' lang='lat' dir='ltr'><strong>llebr._;u|.</strong></span> <span class='ocrx_word' id='word_1_795' title='bbox 3000 5009 3258 5081; x_wconf 73' lang='lat' dir='ltr'><strong>SrLaunc.</strong></span> 
     </span>
    </p>
   </div>
   <div class='ocr_carea' id='block_1_107' title="bbox 1949 5079 3428 5155">
    <p class='ocr_par' dir='ltr' id='par_1_107' title="bbox 1949 5079 3428 5155">
     <span class='ocr_line' id='line_1_107' title="bbox 1949 5079 3428 5155; baseline -0.005 -17"><span class='ocrx_word' id='word_1_796' title='bbox 1949 5086 2062 5155; x_wconf 81' lang='grc'>(28)</span> <span class='ocrx_word' id='word_1_797' title='bbox 2109 5083 2232 5155; x_wconf 67' lang='grc' dir='ltr'><strong>Τῷν</strong></span> <span class='ocrx_word' id='word_1_798' title='bbox 2259 5079 2506 5155; x_wconf 53' lang='grc' dir='ltr'>δικαίωνε</span> <span class='ocrx_word' id='word_1_799' title='bbox 2526 5083 2622 5134; x_wconf 84' lang='grc' dir='ltr'>καὶ</span> <span class='ocrx_word' id='word_1_800' title='bbox 2637 5079 2821 5148; x_wconf 73' lang='grc' dir='ltr'>ἡμῶν.</span> <span class='ocrx_word' id='word_1_801' title='bbox 2842 5079 3044 5155; x_wconf 50' lang='lat' dir='ltr'><strong>[Nempe</strong></span> <span class='ocrx_word' id='word_1_802' title='bbox 3073 5099 3090 5128; x_wconf 76' lang='grc' dir='ltr'>ι</span> <span class='ocrx_word' id='word_1_803' title='bbox 3114 5079 3428 5155; x_wconf 59' lang='grc' dir='ltr'><strong>⁴Ῑιιειυιᾛηι)</strong></span> 
     </span>
    </p>
   </div>
   <div class='ocr_carea' id='block_1_108' title="bbox 1877 5148 3432 5224">
    <p class='ocr_par' dir='ltr' id='par_1_108' title="bbox 1877 5148 3432 5224">
     <span class='ocr_line' id='line_1_108' title="bbox 1877 5148 3432 5224; baseline -0.005 -15"><span class='ocrx_word' id='word_1_804' title='bbox 1877 5156 1972 5224; x_wconf 85' lang='lat' dir='ltr'><strong>qui</strong></span> <span class='ocrx_word' id='word_1_805' title='bbox 2005 5148 2128 5208; x_wconf 83' lang='lat' dir='ltr'><strong>ante</strong></span> <span class='ocrx_word' id='word_1_806' title='bbox 2148 5148 2426 5207; x_wconf 83' lang='lat' dir='ltr'><strong>Christum</strong></span> <span class='ocrx_word' id='word_1_807' title='bbox 2461 5153 2729 5224; x_wconf 60' lang='lat' dir='ltr'><strong>virerunt,</strong></span> <span class='ocrx_word' id='word_1_808' title='bbox 2758 5159 2812 5204; x_wconf 86' lang='lat' dir='ltr'><strong>et</strong></span> <span class='ocrx_word' id='word_1_809' title='bbox 2831 5148 3288 5224; x_wconf 63' lang='lat' dir='ltr'><strong>Christianorum,</strong></span> <span class='ocrx_word' id='word_1_810' title='bbox 3311 5149 3432 5218; x_wconf 86' lang='lat' dir='ltr'><strong>qui-</strong></span> 
     </span>
    </p>
   </div>
   <div class='ocr_carea' id='block_1_109' title="bbox 1879 5219 3430 5291">
    <p class='ocr_par' dir='ltr' id='par_1_109' title="bbox 1879 5219 3430 5291">
     <span class='ocr_line' id='line_1_109' title="bbox 1879 5219 3430 5291; baseline -0.006 -12"><span class='ocrx_word' id='word_1_811' title='bbox 1879 5219 1984 5280; x_wconf 76' lang='lat' dir='ltr'><strong>bus</strong></span> <span class='ocrx_word' id='word_1_812' title='bbox 2012 5225 2200 5278; x_wconf 89' lang='lat' dir='ltr'><strong>eadem</strong></span> <span class='ocrx_word' id='word_1_813' title='bbox 2239 5233 2321 5278; x_wconf 90' lang='lat' dir='ltr'><strong>est</strong></span> <span class='ocrx_word' id='word_1_814' title='bbox 2348 5237 2444 5291; x_wconf 86' lang='lat' dir='ltr'><strong>per</strong></span> <span class='ocrx_word' id='word_1_815' title='bbox 2473 5221 2844 5291; x_wconf 82' lang='lat' dir='ltr'><strong>Christnm_ad</strong></span> <span class='ocrx_word' id='word_1_816' title='bbox 2875 5220 3103 5291; x_wconf 81' lang='lat' dir='ltr'><strong>salutem</strong></span> <span class='ocrx_word' id='word_1_817' title='bbox 3143 5219 3228 5291; x_wconf 80' lang='lat' dir='ltr'><strong>via</strong></span> <span class='ocrx_word' id='word_1_818' title='bbox 3258 5234 3279 5291; x_wconf 59' lang='grc' dir='ltr'><strong>ι</strong></span> <span class='ocrx_word' id='word_1_819' title='bbox 3302 5233 3430 5291; x_wconf 80' lang='lat' dir='ltr'><strong>nam</strong></span> 
     </span>
    </p>
   </div>
   <div class='ocr_carea' id='block_1_110' title="bbox 1878 5286 3432 5364">
    <p class='ocr_par' dir='ltr' id='par_1_110' title="bbox 1878 5286 3432 5364">
     <span class='ocr_line' id='line_1_110' title="bbox 1878 5286 3432 5364; baseline -0.006 -16"><span class='ocrx_word' id='word_1_820' title='bbox 1878 5295 2039 5358; x_wconf 85' lang='grc' dir='ltr'>αὐτὸς</span> <span class='ocrx_word' id='word_1_821' title='bbox 2064 5293 2131 5347; x_wconf 86' lang='grc' dir='ltr'><strong>ἂν</strong></span> <span class='ocrx_word' id='word_1_822' title='bbox 2154 5286 2396 5364; x_wconf 65' lang='grc' dir='ltr'>θύρᾳτρῦ</span> <span class='ocrx_word' id='word_1_823' title='bbox 2415 5291 2646 5364; x_wconf 73' lang='grc' dir='ltr'>ῌατρδς,</span> <span class='ocrx_word' id='word_1_824' title='bbox 2660 5290 2728 5364; x_wconf 81' lang='grc' dir='ltr'><strong>δι’</strong></span> <span class='ocrx_word' id='word_1_825' title='bbox 2743 5287 2810 5359; x_wconf 86' lang='grc' dir='ltr'>ἦς</span> <span class='ocrx_word' id='word_1_826' title='bbox 2831 5286 3432 5364; x_wconf 34' lang='grc' dir='ltr'>εῌίσέρχονταιξᾼϐραὰμ</span> 
     </span>
    </p>
   </div>
   <div class='ocr_carea' id='block_1_111' title="bbox 1877 5359 3429 5430">
    <p class='ocr_par' dir='ltr' id='par_1_111' title="bbox 1877 5359 3429 5430">
     <span class='ocr_line' id='line_1_111' title="bbox 1877 5359 3429 5430; baseline -0.006 -11"><span class='ocrx_word' id='word_1_827' title='bbox 1877 5367 1968 5419; x_wconf 76' lang='grc' dir='ltr'>καὶ</span> <span class='ocrx_word' id='word_1_828' title='bbox 1983 5365 2169 5418; x_wconf 77' lang='grc' dir='ltr'>Ἰσαὰκ</span> <span class='ocrx_word' id='word_1_829' title='bbox 2191 5359 2286 5414; x_wconf 72' lang='grc' dir='ltr'>καὶ</span> <span class='ocrx_word' id='word_1_830' title='bbox 2311 5359 2505 5414; x_wconf 83' lang='grc' dir='ltr'>Ἰακὼϐ</span> <span class='ocrx_word' id='word_1_831' title='bbox 2519 5359 2610 5414; x_wconf 78' lang='grc' dir='ltr'><strong>καὶ</strong></span> <span class='ocrx_word' id='word_1_832' title='bbox 2627 5363 2674 5413; x_wconf 86' lang='grc' dir='ltr'><strong>οἱ</strong></span> <span class='ocrx_word' id='word_1_833' title='bbox 2698 5359 2992 5430; x_wconf 82' lang='grc' dir='ltr'>προφῆται,</span> <span class='ocrx_word' id='word_1_834' title='bbox 3019 5359 3112 5430; x_wconf 81' lang='grc' dir='ltr'>καὶ</span> <span class='ocrx_word' id='word_1_835' title='bbox 3133 5359 3180 5411; x_wconf 90' lang='grc' dir='ltr'><strong>οἱ</strong></span> <span class='ocrx_word' id='word_1_836' title='bbox 3200 5359 3429 5430; x_wconf 82' lang='grc' dir='ltr'>ἀπόστο-</span> 
     </span>
    </p>
   </div>
   <div class='ocr_carea' id='block_1_112' title="bbox 1877 5427 3428 5504">
    <p class='ocr_par' dir='ltr' id='par_1_112' title="bbox 1877 5427 3428 5504">
     <span class='ocr_line' id='line_1_112' title="bbox 1877 5427 3428 5504; baseline -0.006 -17"><span class='ocrx_word' id='word_1_837' title='bbox 1877 5435 1978 5501; x_wconf 90' lang='grc' dir='ltr'>λοι,</span> <span class='ocrx_word' id='word_1_838' title='bbox 2015 5436 2106 5488; x_wconf 80' lang='grc' dir='ltr'>καὶ</span> <span class='ocrx_word' id='word_1_839' title='bbox 2139 5435 2171 5504; x_wconf 77' lang='grc' dir='ltr'>ἡ</span> <span class='ocrx_word' id='word_1_840' title='bbox 2205 5432 2519 5504; x_wconf 82' lang='grc' dir='ltr'>Ἐκκλησία.</span> <span class='ocrx_word' id='word_1_841' title='bbox 2574 5430 2716 5504; x_wconf 47' lang='lat' dir='ltr'><strong>«ille</strong></span> <span class='ocrx_word' id='word_1_842' title='bbox 2743 5427 2754 5430; x_wconf 59' lang='grc'>⁷</span> <span class='ocrx_word' id='word_1_843' title='bbox 2783 5427 3074 5504; x_wconf 33' lang='lat' dir='ltr'><strong>(C‘lt_ri.-l_us)</strong></span> <span class='ocrx_word' id='word_1_844' title='bbox 3132 5437 3220 5504; x_wconf 88' lang='lat' dir='ltr'><strong>est_</strong></span> <span class='ocrx_word' id='word_1_845' title='bbox 3264 5427 3428 5494; x_wconf 84' lang='lat' dir='ltr'><strong>janua</strong></span> 
     </span>
    </p>
   </div>
   <div class='ocr_carea' id='block_1_113' title="bbox 1871 5497 3430 5572">
    <p class='ocr_par' dir='ltr' id='par_1_113' title="bbox 1871 5497 3430 5572">
     <span class='ocr_line' id='line_1_113' title="bbox 1871 5497 3430 5572; baseline -0.008 -14"><span class='ocrx_word' id='word_1_846' title='bbox 1871 5497 2050 5560; x_wconf 83' lang='lat' dir='ltr'><strong>Patris</strong></span> <span class='ocrx_word' id='word_1_847' title='bbox 2074 5521 2088 5570; x_wconf 92' lang='lat'><strong>;</strong></span> <span class='ocrx_word' id='word_1_848' title='bbox 2123 5497 2216 5572; x_wconf 79' lang='lat' dir='ltr'><strong>per</strong></span> <span class='ocrx_word' id='word_1_849' title='bbox 2239 5497 2403 5572; x_wconf 80' lang='lat' dir='ltr'><strong>quani</strong></span> <span class='ocrx_word' id='word_1_850' title='bbox 2434 5497 3354 5572; x_wconf 65' lang='lat' dir='ltr'><strong>itigrediunlur_Abralt_ant_etlsaac</strong></span> <span class='ocrx_word' id='word_1_851' title='bbox 3376 5505 3430 5546; x_wconf 77' lang='lat' dir='ltr'><strong>et</strong></span> 
     </span>
    </p>
   </div>
   <div class='ocr_carea' id='block_1_114' title="bbox 213 5560 1786 5642">
    <p class='ocr_par' dir='ltr' id='par_1_114' title="bbox 213 5560 1756 5642">
     <span class='ocr_line' id='line_1_114' title="bbox 213 5560 1756 5642; baseline 0.012 -30"><span class='ocrx_word' id='word_1_852' title='bbox 213 5626 226 5638; x_wconf 33' lang='grc' dir='ltr'><strong>θ</strong></span> <span class='ocrx_word' id='word_1_853' title='bbox 280 5560 394 5642; x_wconf 72' lang='grc'>(26)</span> <span class='ocrx_word' id='word_1_854' title='bbox 438 5560 679 5642; x_wconf 66' lang='grc' dir='ltr'><strong>Ἀτᾷᾷὸς</strong></span> <span class='ocrx_word' id='word_1_855' title='bbox 707 5560 816 5634; x_wconf 74' lang='grc' dir='ltr'>τῦρ</span> <span class='ocrx_word' id='word_1_856' title='bbox 845 5560 1412 5642; x_wconf 65' lang='lat' dir='ltr'><strong>ﬁr.C_ommationhoc</strong></span> <span class='ocrx_word' id='word_1_857' title='bbox 1435 5573 1756 5630; x_wconf 88' lang='lat' dir='ltr'><strong>aClemente</strong></span> 
     </span>
    </p>
   </div>
   <div class='ocr_carea' id='block_1_115' title="bbox 1884 5560 3430 5642">
    <p class='ocr_par' dir='ltr' id='par_1_115' title="bbox 1884 5560 3430 5642">
     <span class='ocr_line' id='line_1_115' title="bbox 1884 5560 3430 5642; baseline -0.007 -13"><span class='ocrx_word' id='word_1_858' title='bbox 1884 5575 2050 5640; x_wconf 72' lang='lat' dir='ltr'><strong>lacob,</strong></span> <span class='ocrx_word' id='word_1_859' title='bbox 2077 5560 2156 5627; x_wconf 77' lang='grc' dir='ltr'><strong>’ἐι</strong></span> <span class='ocrx_word' id='word_1_860' title='bbox 2185 5560 2881 5642; x_wconf 25' lang='lat' dir='ltr'><strong>prophetefetkapostoli,</strong></span> <span class='ocrx_word' id='word_1_861' title='bbox 2909 5577 2962 5623; x_wconf 85' lang='lat' dir='ltr'><strong>et</strong></span> <span class='ocrx_word' id='word_1_862' title='bbox 2991 5567 3264 5642; x_wconf 73' lang='lat' dir='ltr'><strong>Ecclesia,</strong></span> <span class='ocrx_word' id='word_1_863' title='bbox 3317 5584 3336 5616; x_wconf 74' lang='grc' dir='ltr'><strong>ι</strong></span> <span class='ocrx_word' id='word_1_864' title='bbox 3373 5575 3430 5618; x_wconf 87' lang='grc' dir='ltr'><strong>ιιι</strong></span> 
     </span>
    </p>
   </div>
   <div class='ocr_carea' id='block_1_116' title="bbox 211 5633 1749 5713">
    <p class='ocr_par' dir='ltr' id='par_1_116' title="bbox 211 5633 1749 5713">
     <span class='ocr_line' id='line_1_116' title="bbox 211 5633 1749 5713; baseline 0.014 -33"><span class='ocrx_word' id='word_1_865' title='bbox 211 5633 472 5713; x_wconf 75' lang='lat' dir='ltr'><strong>insertum</strong></span> <span class='ocrx_word' id='word_1_866' title='bbox 505 5633 723 5688; x_wconf 84' lang='lat' dir='ltr'><strong>videtur</strong></span> <span class='ocrx_word' id='word_1_867' title='bbox 741 5633 962 5706; x_wconf 86' lang='lat' dir='ltr'><strong>propter</strong></span> <span class='ocrx_word' id='word_1_868' title='bbox 993 5638 1276 5698; x_wconf 79' lang='lat' dir='ltr'><strong>haereticos</strong></span> <span class='ocrx_word' id='word_1_869' title='bbox 1331 5644 1422 5713; x_wconf 88' lang='lat' dir='ltr'><strong>qui</strong></span> <span class='ocrx_word' id='word_1_870' title='bbox 1449 5644 1616 5702; x_wconf 87' lang='lat' dir='ltr'><strong>Deum</strong></span> <span class='ocrx_word' id='word_1_871' title='bbox 1650 5661 1749 5702; x_wconf 90' lang='lat' dir='ltr'><strong>ne-</strong></span> 
     </span>
    </p>
   </div>
   <div class='ocr_carea' id='block_1_117' title="bbox 211 5700 795 5766">
    <p class='ocr_par' dir='ltr' id='par_1_117' title="bbox 211 5700 795 5766">
     <span class='ocr_line' id='line_1_117' title="bbox 211 5700 795 5766; baseline 0.009 -14"><span class='ocrx_word' id='word_1_872' title='bbox 211 5700 406 5766; x_wconf 68' lang='lat' dir='ltr'><strong>gabant</strong></span> <span class='ocrx_word' id='word_1_873' title='bbox 426 5701 628 5758; x_wconf 86' lang='lat' dir='ltr'><strong>bonum</strong></span> <span class='ocrx_word' id='word_1_874' title='bbox 657 5700 795 5760; x_wconf 77' lang='lat' dir='ltr'><strong>esse.</strong></span> 
     </span>
    </p>
   </div>
   <div class='ocr_carea' id='block_1_118' title="bbox 1857 5635 3324 5710">
    <p class='ocr_par' dir='ltr' id='par_1_118' title="bbox 1857 5635 3324 5710">
     <span class='ocr_line' id='line_1_118' title="bbox 1857 5635 3324 5710; baseline -0.008 -12"><span class='ocrx_word' id='word_1_875' title='bbox 1857 5647 1934 5698; x_wconf 90' lang='lat' dir='ltr'><strong>ait</strong></span> <span class='ocrx_word' id='word_1_876' title='bbox 1957 5635 2205 5710; x_wconf 74' lang='lat' dir='ltr'><strong>Ignatius</strong></span> <span class='ocrx_word' id='word_1_877' title='bbox 2255 5635 2425 5710; x_wconf 69' lang='lat' dir='ltr'><strong>Epist.</strong></span> <span class='ocrx_word' id='word_1_878' title='bbox 2466 5641 2534 5692; x_wconf 81' lang='lat' dir='ltr'><strong>ad</strong></span> <span class='ocrx_word' id='word_1_879' title='bbox 2566 5635 3026 5710; x_wconf 63' lang='lat' dir='ltr'><strong>Philadelphenos,</strong></span> <span class='ocrx_word' id='word_1_880' title='bbox 3055 5651 3170 5704; x_wconf 84' lang='lat' dir='ltr'><strong>cap.</strong></span> <span class='ocrx_word' id='word_1_881' title='bbox 3201 5635 3252 5688; x_wconf 92' lang='lat'><strong>9.</strong></span> <span class='ocrx_word' id='word_1_882' title='bbox 3313 5693 3324 5707; x_wconf 30' lang='grc' dir='ltr'><em>ὖ</em></span> 
     </span>
    </p>
   </div>
   <div class='ocr_carea' id='block_1_119' title="bbox 1925 5708 3100 5786">
    <p class='ocr_par' dir='ltr' id='par_1_119' title="bbox 1925 5708 3100 5786">
     <span class='ocr_line' id='line_1_119' title="bbox 1925 5708 3100 5786; baseline -0.006 -18"><span class='ocrx_word' id='word_1_883' title='bbox 1925 5708 2036 5784; x_wconf 79' lang='grc'>(29)</span> <span class='ocrx_word' id='word_1_884' title='bbox 2087 5708 2402 5782; x_wconf 68' lang='grc' dir='ltr'>Αἰγύπτου.</span> <span class='ocrx_word' id='word_1_885' title='bbox 2451 5712 2537 5764; x_wconf 84' lang='grc' dir='ltr'><strong>Ἐν</strong></span> <span class='ocrx_word' id='word_1_886' title='bbox 2567 5709 2840 5780; x_wconf 74' lang='grc' dir='ltr'>Αἰγύπτῳ,</span> <span class='ocrx_word' id='word_1_887' title='bbox 2873 5708 3028 5764; x_wconf 72' lang='grc' dir='ltr'>ηοω.</span> <span class='ocrx_word' id='word_1_888' title='bbox 3093 5779 3100 5786; x_wconf 80' lang='lat'><em>_</em></span> 
     </span>
    </p>
   </div>
  </div>
