3948 6310
236 359 371 414 1353

1451 358 1819 416 STROMATU
1832 359 1876 413 Μ
1917 360 2042 416 LIB.
2086 360 2146 413 IV
2159 399 2172 412 .

3321 371 3455 424 15:24

229 475 462 547 ἀκριϐὴς
493 477 585 530 καὶ
615 475 825 545 βεϐαία·
853 474 906 528 εί
924 487 1008 542 γε,
1046 477 1445 543 κατεγνωκότες
1471 478 1678 530 ἑαυτῶν
1698 480 1756 530 ἐπ

1886 478 2103 548 quidem
2138 480 2350 548 opinor,
2401 479 2605 534 homini
2641 485 2908 552 purgatio,
2946 485 3183 552 perfecta
3227 501 3289 539 ac
3337 497 3454 540 sta-

229 569 350 630 ταῖς
377 567 797 637 προγενομέναις
836 564 1085 637 πράξεσι,
1120 566 1378 636 προῖεμεν
1418 567 1496 629 είς
1539 566 1598 620 τὸ
1629 568 1795 639 πρόσ-

229 655 341 718 θεν,
374 675 393 705 ι
440 654 578 725 μετά
615 655 786 708 ταῦτα
823 654 934 723 (20)
983 655 1302 725 νοήσαντες,
1344 672 1360 704 ι
1409 655 1501 707 καὶ
1545 655 1634 707 τὸν
1670 654 1792 707 νοῦν

227 745 576 810 ἐξαναδύντες
624 746 733 797 τῶν
765 762 826 798 τε
868 747 986 798 κατ’
1017 745 1263 816 αἴσθησιν
1303 746 1646 815 τερπόντων,
1699 747 1792 799 καὶ

223 837 334 892 τῶν
377 837 609 908 πρόσθεν
641 837 1141 908 πλημμελημάτων.
1174 839 1235 890 Ei
1273 836 1404 906 γοῦν
1435 837 1532 908 τὴν
1571 839 1792 908 ἐπιστή-

229 944 338 998 μην
380 929 721 998 ἐτυμολογεῖν
753 929 878 998 χρὴ,
925 931 1016 982 καὶ
1059 930 1164 982 ἀπὸ
1201 931 1299 1001 τῆς
1328 949 1345 980 ι
1384 929 1652 991 στάσεως)
1690 929 1789 999 τὴν

226 1019 484 1090 ἐπιϐολὴν
518 1020 684 1090 αὐτῆς
725 1019 985 1092 ληπτέον’
1035 1021 1114 1074 ὅτι
1151 1022 1359 1092 ἵστησιν
1399 1021 1555 1092 ἡμῶν
1595 1022 1653 1073 ἐν
1679 1024 1789 1083 τοῖς

225 1112 511 1182 πράγμασι
539 1112 636 1182 τὴν
675 1110 872 1181 ψυχὴν,
900 1110 1084 1164 ἄλλοτε
1117 1111 1288 1174 ἄλλως
1329 1111 1591 1182 πρότερον
1625 1125 1785 1181 φερο-

228 1200 415 1271 μένην·
443 1203 518 1264 ὼς
542 1201 721 1266 αὔτως
749 1203 864 1273 (21)
897 1205 988 1256 καὶ
1015 1205 1112 1276 τὴν
1136 1202 1313 1254 πίστιν
1345 1200 1783 1271 ἐτυμολογητέον,

222 1292 320 1362 τὴν
353 1294 479 1363 περὶ
512 1293 572 1346 τὸ
601 1292 659 1345 ὃν
713 1294 902 1347 στάσιν
939 1296 1036 1366 τῆς
1077 1295 1254 1364 ψυχῆς
1293 1294 1468 1365 ἡμῶν.
1509 1295 1698 1364 Ἡμεῖς
1728 1294 1785 1346 δὲ

221 1382 314 1434 τὸν
339 1382 434 1436 ’ἀεὶ
469 1383 562 1436 καὶ
594 1386 652 1437 ἐν
689 1387 823 1439 πᾶσι
866 1385 1072 1439 δίκαιον
1129 1383 1399 1455 ποθοῦμεν
1446 1384 1663 1456 μαθεῖν’
1702 1385 1780 1449 ὃς,

225 1474 361 1545 μήτε
385 1474 483 1546 τὴν
509 1478 571 1530 ἐκ
602 1475 694 1529 τοῦ
721 1476 884 1547 νόμου
909 1475 1092 1541 δεδιὼς
1125 1478 1362 1540 κόλασιν,
1393 1479 1527 1547 μήτε
1559 1475 1656 1546 τὴν
1675 1475 1782 1528 τῶν

223 1566 486 1620 συνόντων
527 1570 619 1622 καί
655 1568 975 1634 ἐπεξιόντων
1018 1573 1130 1632 τοῖς
1162 1567 1595 1640 πλημμεληθεῖσι
1627 1583 1777 1636 μισο-

221 1655 481 1727 πονηρίαν
505 1655 916 1727 εὺλαϐούμενος,
955 1657 1089 1727 μήτε
1123 1655 1219 1726 τὴν
1254 1655 1312 1720 ἐξ
1345 1653 1518 1706 αὐτῶν
1539 1651 1646 1705 τῶν
1666 1651 1777 1704 ἀδι-

218 1747 498 1818 κουμένων
553 1749 792 1802 κίνδυνον
843 1747 1207 1819 ὑφορώμενος,
1260 1745 1500 1815 διαμένει
1549 1743 1772 1804 δίκαιος·

1899 571 2021 627 bilis
2075 572 2426 640 pwnitentia;
2487 573 2532 626 si
2591 588 2714 627 cum
2763 575 2829 631 de
2876 577 3306 647 praecedentibus
3353 595 3455 633 nos

1893 664 2329 718 damnaverimus
2383 664 2711 729 actionibus,
2768 670 3010 724 anterius
3068 671 3452 739 procedamus,

1899 773 1917 806 ι
1969 766 2154 825 postea
2199 756 2577 826 intel-ligentes,
2629 777 2648 810 ι
2698 769 2752 813 ει
2793 769 3025 815 mentem
3080 763 3448 830 sustollentes,

1894 858 2000 902 tam
2047 848 2116 902 ab
2146 847 2214 901 iis
2272 863 2391 915 qua:
2419 862 2512 916 per
2552 863 2769 902 sensum
2809 865 2907 904 nos
2949 850 3234 919 delectant,
3283 871 3448 921 quam

1891 938 2164 1007 prioribus
2211 937 2444 991 delictis.
2483 935 2542 990 Si
2594 938 2777 1007 itaque
2824 940 3083 1008 scientiae,
3115 960 3237 1013 quae
3281 947 3448 1018 228

1887 1027 2086 1082 dicitur
2113 1026 2412 1097 ἐπιστήμη,
2451 1024 2628 1078 danda
2660 1032 2742 1079 est
2788 1028 3134 1097 etymologia,
3163 1046 3224 1084 ex
3265 1051 3284 1083 ι
3330 1047 3443 1086 sta-

1889 1119 2034 1171 tione
2070 1136 2088 1167 »
2116 1125 2170 1170 ει
2206 1117 2410 1185 quiete,
2435 1126 2555 1184 qua:
2575 1114 2776 1168 dicitur
2801 1115 3009 1181 στάσις,
3032 1116 3151 1185 ejus
3179 1121 3442 1175 sumenda

1885 1220 1966 1265 est
2015 1208 2324 1276 explicatio,
2365 1206 2624 1290 quoniam
2679 1217 2922 1261 nostram
2977 1208 3032 1262 in
3087 1209 3250 1264 rebus
3299 1213 3444 1267 sistit

1885 1310 2138 1365 mentem,
2179 1316 2300 1370 qua:
2325 1299 2477 1368 prius
2509 1299 2646 1352 alias
2671 1299 2826 1352 aliter
2855 1299 3148 1356 ferebatur.
3183 1299 3444 1358 Similiter

1883 1395 2005 1448 lillei
2047 1409 2284 1463 quoque,
2316 1391 2552 1454 πίστεως
2579 1391 2826 1460 inquam,
2857 1393 3045 1466 danda
3061 1406 3144 1449 est
3175 1397 3442 1466 etymolo-

1881 1484 1987 1554 gia,
2017 1483 2211 1538 animae
2235 1493 2430 1537 nostra:
2452 1481 2579 1552 περὶ
2606 1482 2666 1535 τὸ
2692 1481 2751 1534 ὃν
2778 1482 2982 1548 στάσις,
3020 1464 3067 1538 ἱῖΙ
3099 1496 3201 1551 est,
3239 1506 3258 1538 ι
3295 1487 3440 1542 circa

1880 1577 1954 1640 i'd,
1989 1576 2134 1644 quod
2173 1585 2276 1640 est,
2327 1578 2491 1631 statio
2533 1596 2551 1628 ι
2591 1587 2644 1630 ει
2691 1575 2863 1644 quies.
2904 1573 3014 1629 Nos
3063 1590 3241 1632 autem
3289 1597 3437 1646 eum,

1877 1667 1971 1736 qui
1999 1682 2212 1736 semper
2257 1676 2312 1721 et
2361 1667 2414 1720 in
2447 1667 2704 1723 omnibus
2748 1677 2831 1722 est
2856 1668 3060 1737 justus,
3098 1670 3241 1725 scire
3285 1675 3438 1743 cupi-

1878 1777 2033 1825 mus;
2058 1761 2151 1830 qui
2179 1776 2276 1815 nec
2303 1761 2502 1816 timens
2529 1759 2816 1830 supplicia,
2843 1775 2962 1829 quae
2985 1776 3015 1814 a
3044 1760 3160 1830 lege
3186 1772 3438 1817 statuun-

215 1840 245 1891 ὀ
276 1840 380 1911 γὰρ
411 1840 498 1893 διὰ
522 1840 691 1893 ταῦτα
717 1841 808 1893 τοῦ
839 1840 1093 1911 πράττειν
1121 1841 1176 1892 τι
1202 1837 1309 1892 τῶν
1339 1838 1538 1891 ἀδίκων
1574 1835 1756 1904 ἀπεχό

1879 1862 2004 1917 tur;
2037 1867 2135 1906 nec
2171 1866 2384 1917 eorum,
2416 1867 2539 1906 eum
2569 1847 2771 1920 quibus
2797 1860 3066 1918 versatur,
3097 1864 3151 1907 et
3174 1856 3266 1923 qui
3305 1871 3434 1925 pec-

218 1949 375 2002 μενος
399 1934 496 2003 οὐχ
533 1932 671 1986 ἐκὼν
707 1931 959 2003 χρηστὸς,
993 1929 1141 2001 φόϐῳ
1169 1931 1225 1984 δὲ
1259 1929 1476 1998 ἀγαθός.
1507 1929 1616 1981 Καὶ
1650 1929 1678 1980 ὃ
1708 1945 1770 1995 γε

225 2025 544 2098 Ἐπίκουρος
565 2045 583 2075 ι
607 2024 809 2078 ἀδικεῖν
837 2023 928 2076 ἐπὶ
955 2023 1131 2093 κέρδει
1161 2021 1266 2074 τινὶ
1289 2019 1570 2090 βούλεσθαι
1605 2039 1622 2070 ι
1641 2020 1772 2089 φησι

208 2121 304 2174 τὸν
336 2119 454 2174 κατ’
487 2119 646 2171 αὑτὸν
674 2117 783 2189 (22)
814 2116 989 2186 σοφόνο
1031 2135 1050 2168 ι
1089 2117 1268 2168 πίστιν
1300 2114 1408 2186 γὰρ
1436 2113 1618 2168 λαϐεῖν
1644 2115 1772 2185 ἰιιερῖ⁹

206 2213 304 2267 τοῦ
330 2210 505 2265 λαθεῖν
519 2211 578 2262 οὐ
593 2209 864 2262 δύνασθαι.
895 2225 916 2259 ι
941 2209 1098 2260 Ὥστε
1120 2208 1165 2258 εί
1188 2206 1533 2276 ἐπιστήσεται
1565 2205 1767 2276 λήσειν,

207 2304 451 2376 ἀδικήσει
489 2303 608 2356 κατ’
641 2302 818 2354 αὐτόν.
855 2301 962 2353 Καὶ
1008 2298 1229 2352 τοιαῦτα
1276 2299 1373 2368 μὲν
1412 2297 1488 2368 τὰ,
1525 2299 1770 2352 σκοτεινά

202 2397 468 2465 δόγματαο
505 2394 634 2446 είδέ
665 2395 758 2446 καὶ
792 2393 963 2446 ἐλπίδι
997 2393 1094 2462 τῆς
1119 2393 1211 2443 ἐπὶ
1244 2389 1473 2453 δικαίοις
1500 2391 1650 2462 παρά
1672 2389 1766 2443 τοῦ

203 2487 341 2541 Θεοῦ
381 2485 610 2558 ἀμοιϐῆς
656 2484 908 2555 ἀφέξεταί
939 2502 1022 2547 τις
1067 2482 1159 2534 τοῦ
1197 2483 1421 2543 ἀδικεῖν,
1459 2481 1564 2534 οὐδ’
1599 2481 1767 2546 οὕτως

205 2576 348 2630 ἑκὼν
384 2575 771 2648 χρηστεύεται·
819 2574 892 2636 ὡς
925 2573 1032 2644 γὰρ
1076 2574 1279 2624 ἐκεῖνον
1328 2573 1355 2623 ό
1391 2569 1551 2641 φόϐος
1577 2610 1590 2632 ,
1625 2571 1767 2624 οὕτω

203 2668 393 2720 τοῦτον
411 2670 438 2721 ὁ
457 2667 641 2738 μισθὸς
659 2667 873 2729 δικαιοῖ,
902 2664 1098 2736 μᾶλλον
1121 2664 1179 2717 δὲ
1199 2664 1404 2716 δίκαιον
1435 2659 1569 2716 εἶναι
1592 2663 1765 2715 δοκεῖν

201 2760 460 2813 δείκνυσι.
496 2759 604 2830 Τὴν
639 2759 695 2811 δὲ
727 2758 919 2812 ἐλπίδα
948 2757 1045 2828 τὴν
1082 2755 1218 2827 μετὰ
1244 2755 1466 2808 θάνατον
1510 2756 1570 2808 οὐ
1608 2754 1763 2824 μόνον

201 2853 255 2905 οἱ
286 2852 385 2922 τὴν
435 2851 706 2923 βάρϐαρον
752 2850 942 2920 σοφίαν
992 2849 1263 2920 μετιόντες
1309 2848 1484 2911 ἴσασι,
1519 2849 1629 2912 τοῖς
1663 2847 1762 2920 μὲν

201 2942 426 3012 ἀγαθοῖς
472 2943 786 3013 καλὴν,τοῖς
815 2942 872 2995 δὲ
901 2941 1123 3011 φαύλοις
1138 2939 1390 3011 ἔμπαλιν,
1421 2939 1554 2994 ἀλλὰ
1587 2942 1678 2994 καὶ
1713 2943 1760 2994 οἱ

201 3035 556 3105 Πυθαγόρειοι
580 3052 594 3065 ·
630 3035 778 3099 τέλος
815 3033 922 3105 γὰρ
953 3035 1191 3087 κάκεῖνοι
1211 3032 1308 3104 τὴν
1335 3032 1519 3086 ἐλπίδα
1559 3033 1762 3104 ὑπηγό-

202 3145 360 3201 ρευον
398 3131 508 3190 τοῖς
536 3125 930 3196 φιλοσοφοῦσιν
967 3126 1098 3178 ὅπου
1122 3142 1184 3193 γε
1210 3126 1303 3178 καὶ
1333 3127 1361 3177 ὁ
1391 3125 1681 3197 Σωκράτης
1702 3127 1758 3179 ἐν

1873 1954 1989 1997 cata
2017 1953 2437 2014 persequuntur.
2465 1943 2650 1997 odium
2686 1943 2863 1996 vitans
2891 1944 2944 1997 in
2978 1945 3294 2012 improbos;
3332 1961 3432 2001 nec

1871 2035 2015 2101 quod
2047 2033 2114 2087 ab
2146 2033 2233 2099 iis,
2265 2050 2404 2103 quos
2436 2033 2636 2102 injuria
2674 2034 2870 2097 alfecit,
2898 2035 3173 2102 impendet
3219 2037 3431 2104 pericu-

1872 2127 1982 2178 lum
2015 2123 2395 2189 reformidans,
2427 2125 2610 2194 justus
2654 2137 2953 2195 permanet.
2984 2124 3086 2190 Qui
3114 2127 3257 2181 enim
3306 2143 3431 2196 pro-

1870 2226 1986 2284 pter
2039 2216 2154 2271 hzee
2206 2217 2441 2272 abstinet
2485 2232 2515 2270 a
2558 2216 2803 2271 faciendo
2831 2218 3036 2287 aliquid
3084 2234 3150 2272 ex
3186 2220 3250 2272 iis
3308 2235 3428 2289 qu:e

1869 2319 1993 2362 sunt
2025 2307 2243 2375 iniusta,
2278 2324 2384 2361 non
2424 2315 2508 2362 est
2538 2323 2634 2362 sua
2669 2322 2880 2376 sponte,
2914 2309 3006 2363 sed
3044 2320 3189 2364 metu
3226 2311 3421 2364 bonus.

1867 2397 2042 2466 Atque
2084 2395 2350 2466 Epicurus
2379 2397 2594 2466 quidem
2631 2397 2707 2451 ait
2753 2414 2898 2464 eum,
2939 2400 3029 2467 qui
3077 2409 3160 2453 est
3205 2416 3268 2453 ex
3306 2403 3424 2469 ejus

1867 2490 2132 2576 seu/tentia
2175 2490 2412 2558 sapiens,
2465 2509 2484 2541 ι
2537 2491 2672 2545 velle
2701 2502 2917 2561 propter
2959 2493 3176 2561 aliquod
3212 2494 3421 2546 lucrum

1866 2577 2043 2632 facere
2074 2579 2368 2648 injuriam;
2404 2595 2513 2634 non
2554 2595 2716 2650 posse
2753 2582 2898 2636 enim
2939 2582 3043 2637 sibi
3074 2585 3419 2651 persuadere,

1866 2667 1980 2722 fore
2009 2676 2067 2721 ut
2093 2669 2273 2724 lateat.
2319 2688 2336 2720 ι
2369 2669 2548 2735 Quare
2579 2671 2869 2725 si'sciverit
2899 2671 3012 2727 fore
3044 2684 3102 2728 ut
3134 2676 3314 2735 lateat.
3350 2676 3424 2729 la-

1865 2759 1970 2812 ciet
2003 2759 2274 2828 injuriam,
2304 2768 2364 2814 ut
2384 2770 2464 2814 est
2487 2760 2606 2828 ejus
2636 2763 2921 2815 sententia.
2958 2763 3021 2816 Et
3059 2766 3171 2818 haec
3197 2766 3417 2834 quidem

1865 2857 1992 2901 sunt
2036 2848 2372 2902 tenebricosa
2401 2849 2672 2918 dogmata.
2703 2849 2759 2903 Si
2794 2861 2971 2904 autem
3005 2853 3074 2905 ab
3108 2853 3303 2920 injuria
3334 2854 3418 2907 l'a-

1864 2939 2053 2993 cieuda
2096 2939 2418 2994 abstinuerit
2453 2951 2671 3010 propter
2717 2956 2866 3010 spem
2901 2945 3354 2999 remunerationis
3385 2962 3417 2998 a

1863 3030 1972 3084 Deo
2004 3031 2397 3100 consequendm
2429 3031 2498 3085 ob
2530 3046 2592 3086 ea
2647 3049 2766 3102 quae
2811 3033 2956 3103 juste
3001 3034 3206 3098 fecerit,
3240 3053 3306 3090 ne
3338 3038 3416 3092 sic

1861 3123 2075 3189 quidem
2127 3138 2224 3177 sua
2274 3133 2462 3192 sponte
2504 3135 2584 3179 est
2632 3124 2831 3178 bonus.
2868 3123 3020 3180 Sicut
3070 3128 3212 3180 enim
3261 3127 3413 3182 illum

195 3213 448 3268 Φαίδωνι
470 3215 616 3291 (25)(
643 3225 778 3291 μετὰ
809 3217 1019 3288 ἀγαθῆς
1050 3218 1261 3281 ἐλπίδος
1295 3219 1427 3289 φησ)⁵
1450 3217 1546 3280 τὰς
1589 3216 1756 3280 καλάς

1862 3223 2053 3278 metus,
2087 3215 2166 3269 sic
2212 3216 2355 3270 hunc
2387 3231 2603 3285 quoque
2653 3233 2860 3272 merces
2888 3219 3094 3287 justum
3136 3219 3294 3287 facit;
3330 3221 3413 3274 vel

194 3309 375 3380 ψυχὰς
404 3309 610 3363 ἐνθένδε
658 3310 906 3362 ἀπίεναι’
952 3329 969 3359 ι
1004 3309 1097 3362 καὶ
1133 3309 1292 3362 πάλιν
1328 3311 1454 3373 τοὺς
1491 3309 1755 3382 πονηροὺς

194 3401 470 3464 κακίζων,
509 3399 828 3472 ἀντιτίθησι·
861 3419 879 3451 ι
911 3401 1052 3454 Ζῶσι
1084 3401 1191 3472 γὰρ
1226 3400 1361 3471 μετὰ
1409 3401 1583 3470 κακῆς
1615 3400 1757 3453 ἐλπί-

191 3494 304 3556 δος,
349 3512 368 3545 ι
395 3493 584 3561 λέγων.
611 3493 859 3563 Συνᾲδειν
881 3493 1054 3563 τούτῳ
1081 3495 1174 3547 καὶ
1203 3494 1231 3545 ὁ
1270 3493 1611 3563 Ἡράκλειτος
1641 3491 1753 3562 (24)

192 3584 474 3652 φαίνεται,
517 3584 582 3637 δι’
617 3577 690 3637 ὧν
723 3601 854 3653 φησι
888 3585 1014 3654 περὶ
1037 3583 1144 3637 τῶν
1171 3582 1469 3655 ἀνθρώπων
1515 3581 1755 3650 διαλεγό-

284 3737 376 3804 2θ)
414 3735 569 3790 Μετὰ
595 3735 795 3788 ταῦτα.
830 3735 910 3789 Τά
936 3733 1071 3806 μετὰ
1097 3734 1269 3789 ταῦτα
1310 3735 1514 3806 mavult
1541 3734 1749 3792 Lowth.

286 3809 375 3876 21)
421 3808 514 3871 Ὠς
542 3806 748 3871 αὕτως.
778 3806 871 3859 νει
901 3804 1187 3876 cenjunete
1211 3804 1488 3876 ὡσαύτως.

265 3874 378 3945 (‘22)
405 3877 511 3930 Καὶ
540 3876 639 3946 ὅγε
681 3876 1025 3946 Ἐπίκουρος
1049 3874 1275 3928 ἀδικεῖν
1304 3875 1401 3946 ἐπὶ
1426 3875 1613 3942 κέρδει
1637 3877 1750 3930 τινὶ

183 3943 521 4015 ,βούλεσθαι
565 3943 715 4015 φησι
762 3945 867 3999 τὸν
912 3945 1272 4016 κατξαύτόν.
1306 3943 1559 4013 Negativa
1586 3948 1752 4016 parti-

189 4021 314 4075 cuia
341 4033 409 4071 ex
450 4018 550 4070 hac
596 4016 863 4070 sententia
891 4015 1108 4070 excidit.
1145 4015 1499 4069 Scribendum
1537 4015 1696 4080 igitur
1734 4036 1746 4070 :

188 4088 422 4156 Kalﬁye
458 4085 772 4156 Ἐπίκουρος
796 4086 893 4156 οὐκ
923 4085 1123 4156 ἀδικεῖν
1163 4086 1254 4136 ἐπὶ
1287 4103 1338 4138 κ.
1372 4103 1428 4136 π.
1468 4083 1748 4156 βούλεσθαι

184 4176 250 4230 φ.
280 4155 420 4230 Vel;
460 4157 566 4230 Καὶ
587 4154 692 4223 ὅγε
722 4155 1042 4230 Ἐπίκουρος
1070 4154 1272 4230 ἀδικεῖν
1305 4157 1398 4230 ἐπὶ
1432 4155 1610 4230 κέρδει
1628 4158 1748 4230 fugi

298 4226 745 4301 ﬂableaﬁat__cpqa‘t
777 4225 870 4301 τὸν
898 4223 1016 4278 κατ’
1049 4224 1428 4301 αὑτὸνυσοφόν..
1460 4223 1508 4301 ι
1531 4223 1592 4301 Et
1627 4225 1748 4294 Epi-

185 4293 356 4354 curus
387 4299 461 4350 ait
506 4293 646 4350 nolle
676 4293 970 4366 sapientein
1017 4305 1236 4366 propter
1274 4293 1505 4364 quodvis
1534 4293 1744 4366 lucrum

183 4369 444 4439 injuriain
473 4365 648 4439 facere
664 4383 681 4439 ;
705 4367 862 4439 quod
881 4364 1037 4439 [idem
1059 4365 1260 4439 habere
1293 4379 1408 4439 non
1437 4365 1608 4439 possit
1633 4364 1748 4439 fore

185 4434 260 4494 ut'
295 4439 477 4492 lateat.
510 4434 754 4489 Lowthio
798 4437 959 4490 etiam
989 4437 1079 4489 ἐπὶ
1123 4434 1304 4505 κέρδει
1354 4434 1425 4504 μὴ
1461 4434 1744 4502 βούλεσθαι

183 4510 410 4580 placuit.
469 4506 616 4580 Unde
667 4507 860 4580 merito
908 4505 1069 4580 infert
1123 4507 1567 4580 Cleiiietis.__e1n_n
1610 4505 1744 4580 v_elle

1858 3308 2036 3374 potius
2066 3305 2243 3371 elﬁcit,
2272 3316 2331 3360 ut
2360 3306 2606 3361 videatur
2631 3307 2830 3377 justus.
2869 3307 2999 3363 Eam
3029 3319 3206 3364 autem
3234 3325 3408 3379 spem.

1855 3412 1976 3464 qua:
2021 3407 2105 3452 est
2149 3404 2268 3465 post
2315 3406 2568 3461 mortem,
2603 3413 2710 3455 non
2746 3398 2920 3452 solum
2957 3409 3280 3470 agnoscunt,
3315 3399 3410 3468 qui

1837 3490 2138 3556 barbaram
2191 3503 2591 3559 persequuntur
2635 3490 3053 3558 philosophiam,
3086 3492 3242 3547 bonis
3287 3495 3410 3562 qui-

1854 3579 1976 3634 dem
2020 3581 2239 3643 bonam,
2273 3581 2432 3634 malis
2477 3588 2656 3632 autem
2703 3579 3055 3643 contrariam,
3103 3581 3196 3636 sed
3241 3584 3404 3638 etiam

1855 3749 2073 3810 sensum
2119 3753 2149 3810 ιΔ
2183 3734 2314 3810 Ideo
2346 3751 2461 3810 _no_n
2505 3745 2670 3810 potest
2709 3735 2873 3810 (atere
2897 3737 3247 3810 peccantibus,
3282 3744 3409 3810 quia

1853 3804 2063 3876 latendi
2079 3806 2240 3858 etiam
2286 3805 2591 3876 felicitatem
2635 3806 2844 3870 habent,
2881 3806 3132 3876 ﬁduciam
3166 3826 3266 3862 non
3293 3804 3406 3865 Ἰω-

1853 3875 1990 3927 bent.
2045 3873 2121 3928 Ita
2167 3873 2692 3945 est,’tutaiscelera
2735 3873 3160 3945 esse'possuul,
3216 3895 3406 3936 secura

1855 3959 1961 3998 non
1987 3953 2234 4014 possunt,
2255 3953 2358 3998 etc.
2390 3965 2408 3996 ι
2433 3944 2708 4014 Epictetus
2735 3947 2874 4014 apud
2915 3944 2959 3996 Α
2971 3947 3177 3999 riauum
3200 3948 3294 4003 lib.
3321 3967 3404 4014 ιιι,

1852 4030 1968 4090 cap.
2005 4013 2034 4065 7
2068 4035 2079 4068 :
2113 4015 2186 4090 To
2213 4014 2549 4090 γὰρ-κλέψαι
2572 4014 2680 4068 οὐδ’
2710 4013 2840 4090 αὐτὸ
2869 4016 3246 4090 ό-Ἰῖξπίκουρος
3272 4021 3406 4074 ἀπο-

1851 4083 2027 4154 φαίνει
2062 4085 2248 4148 κακὸν,
2283 4083 2417 4138 ἀλλά
2445 4083 2506 4137 τὺ
2527 4087 2805 4154 ἐμπεσεῖν,
2841 4086 2934 4138 καὶ
2961 4085 3044 4140 ὅτι
3071 4083 3252 4141 πίστιν
3279 4091 3406 4154 περὶ

1851 4108 2027 4152 φαινει
2062 4108 2248 4148 κακον,
2283 4108 2417 4138 (una
2445 4108 2506 4137 το
2527 4108 2805 4154 εμπεσειν,
2841 4108 2934 4138 και
2961 4108 3044 4140 οτι
3071 4108 3252 4141 πιστιν
3279 4108 3345 4142 πε
3388 4108 3402 4144 ι

1848 4152 1942 4231 τοῦ
1984 4154 2162 4208 λαθεῖν
2202 4154 2386 4231 λαϐεῖν
2435 4153 2725 4231 ἀδύνατον
2778 4155 2863 4209 διὰ
2913 4154 3070 4231 τρῦτο
3092 4108 3402 4231 ierat,qu

1850 4223 2126 4278 κλέπτετε.
2195 4223 2402 4295 Quippe
2459 4223 2726 4294 Epicurus
2799 4240 2867 4279 ne
2935 4223 3105 4279 furari
3177 4223 3400 4295 quidem

1852 4303 2064 4362 reputat
2091 4310 2189 4363 per
2217 4311 2275 4349 se
2303 4294 2526 4358 malum,
2560 4310 2746 4348 verum
2789 4295 3140 4363 deprehendi,
3169 4294 3268 4349 nec
3314 4312 3402 4352 se-

1848 4366 2132 4434 curitatem
2165 4375 2422 4434 perpetuo
2458 4363 2665 4434 latendi
2707 4379 2866 4433 posse
2898 4364 3142 4433 aecipere
3173 4384 3185 4418 :
3225 4363 3396 4430 Unde,

1848 4442 1955 4504 etc.
1987 4453 1999 4488 :
2036 4431 2118 4486 Ne
2156 4431 2648 4504 fure'ntini,,inquit.
2687 4452 2706 4484 ι

1919 4503 2029 4573 (25)
2072 4505 2124 4556 Ὁ
2157 4501 2477 4572 Σωκράτης
2503 4501 2572 4557 ἐι·
2607 4502 2875 4556 Φαίδωνι.
2902 4501 3015 4557 Hoc
3041 4502 3284 4573 Socratis
3317 4506 3400 4560 di-

184 4570 442 4649 iujuriam
472 4575 738 4649 ἱερεῖ-ε,μεὶ
766 4585 912 4628 certo
947 4577 1113 4649 latere
1146 4574 1498 4649 possit._llii_ic
1529 4577 1580 4649 in
1616 4574 1741 4649 Ερξς
1776 4570 1818 4623 ι)
1843 4570 1990 4649 ctum
2013 4570 2228 4649 recitat
2256 4570 2822 4649 etiam'Tlheodoi-etus
2858 4572 3212 4649 se_rm_._8,_p._
3245 4573 3396 4649 601:

177 4644 312 4702 αι’νο
365 4647 630 4706 Laertius,
661 4645 752 4699 Iih.
787 4661 839 4708 κ,
879 4661 989 4713 seg.
1023 4646 1118 4698 151
1159 4664 1171 4698 :
1214 4647 1276 4698 Ἠ
1312 4645 1491 4699 ἀδικία
1523 4647 1583 4697 οὐ
1616 4644 1737 4697 καθ’

182 4718 380 4804 ἐαυτην
405 4716 593 4804 κακὸν,
621 4715 733 4797 ἀλλ’
763 4716 821 4766 ἐν
846 4714 923 4798 τῷ
945 4714 1086 4804 κατά
1104 4717 1200 4786 τὴν
1234 4716 1464 4804 ὑπρψίαν
1494 4714 1736 4800 φόϐῳηεί

181 4790 263 4860 μὴ
296 4785 445 4860 λήσει
478 4787 614 4860 ὑπὲρ
640 4786 746 4860 τῷν
773 4785 1048 4860 τοιούτωνη
1063 4785 1438 4860 ἐφεστηκότας
1451 4785 1732 4860 κολαστέις.

181 4807 263 4860 μη
296 4807 325 4841 Α
367 4807 445 4840 σει
478 4807 578 4840 υπε
640 4807 746 4839 των
773 4807 1022 4838 τοιουτων
1063 4807 1424 4856 εφεστηκοτας
1451 4807 1732 4848 κολαστας.

179 4861 300 4912 Οὐκ
328 4807 443 4910 ἓστι
470 4857 560 4910 τὸν
585 4807 763 4926 ελάθρα
800 4872 852 4907 τι
897 4853 1153 4926 ποιοῦντα
1183 4849 1256 4907 ὧν
1293 4855 1570 4926 συνέθεντο
1603 4857 1736 4926 πρὸς

178 4928 464 5000 ἀλλήλους,
495 4930 574 4989 εἰς
607 4927 666 4978 τὺ
697 4924 843 4996 μήτε
872 4924 1160 5047 ξλάπτειν,
1207 4927 1340 4995 μήτε
1386 4924 1733 4994 βλάπτεσθαι,

183 4998 477 5047 πιστεύειν.
511 4998 590 5047 ὃτι
630 4997 804 5047 λήσει.
833 5013 866 5047 κ
908 5012 936 5046 ν
989 4995 1239 5047 μυοιάκις
1285 4995 1376 5047 ἐπὶ
1411 4996 1504 5047 τοῦ
1537 4996 1733 5047 παρόν-

183 4995 478 5061 πιστεύειν,
511 4998 590 5050 ὅτι
630 4995 804 5066 λήσει,
833 4995 936 5066 κᾶν
989 4995 1239 5065 μυριάκις
1285 4995 1376 5066 ἐπὶ
1411 4996 1504 5047 τοῦ
1537 4996 1737 5066 παρόν-

176 5085 275 5132 τος
322 5067 586 5135 λανθάνῃθ
652 5065 812 5136 μέχρι
861 5065 968 5136 γὰρ
1014 5065 1392 5135 καταστροφῆς
1435 5065 1626 5134 ἄδηλον
1685 5069 1734 5118 εἰ

174 5140 413 5210 mea“
451 5137 650 5210 injuria
686 5153 781 5206 per
814 5151 872 5190 se
919 5136 1119 5210 malum
1152 5150 1260 5188 non
1301 5146 1407 5195 est,
1439 5150 1626 5188 verum
1659 5137 1732 5210 ob

175 5205 519 5276 suspicionis
542 5216 766 5266 metum,
813 5205 957 5276 quod
1007 5207 1174 5276 latere
1213 5213 1442 5276 nequeat
1475 5220 1589 5267 eos,
1612 5206 1730 5276 _qui

179 5273 493 5350 hujusmodi
548 5286 688 5350 sunt
727 5273 939 5350 injuria:
977 5274 1275 5350 constituti
1329 5274 1555 5350 judices.
1611 5273 1729 5350 Non

175 5344 368 5407 credat
405 5350 472 5410 is,
503 5348 599 5418 qui
645 5344 792 5399 clam
827 5345 1028 5418 aliquid
1073 5344 1200 5397 facit
1245 5354 1432 5418 contra
1477 5344 1729 5418 ,ἰὼ-(ιιιυά

174 5423 321 5475 inter
350 5434 406 5472 se
435 5414 826 5471 constituerant
855 5416 1123 5475 homines,
1148 5429 1212 5466 ne
1247 5414 1443 5467 laedant
1474 5414 1726 5475 invicem,

176 5506 281 5544 nee
313 5487 593 5549 laedantur,
633 5486 794 5538 latere
827 5499 1006 5555 posse,
1032 5485 1129 5539 etsi
1172 5485 1367 5538 millies
1394 5484 1556 5537 etiam
1587 5499 1725 5552 pra:-

177 5559 318 5616 senti
353 5569 590 5625 tempore
621 5554 968 5625 lateatt'nam
1006 5555 1072 5608 ad
1116 5554 1273 5606 linem
1314 5556 1571 5625 incertum
1622 5563 1724 5618 est,

175 5645 249 5683 an
290 5617 673 5696 latere'possit.
709 5645 727 5677 ›
764 5617 969 5681 Seneca
995 5625 1220 5695 epistola
1248 5625 1323 5696 97_
1351 5642 1364 5676 ε
1397 5644 1412 5674 ι
1446 5623 1727 5691 Eleganter

176 5703 362 5768 itaque
409 5693 756 5768 ab'Epicuro
798 5697 999 5768 dictum
1030 5693 1178 5768 ‘puto
1232 5713 1245 5748 :
1298 5693 1472 5748 Potest
1523 5697 1724 5747 nocenti

1842 4645 1950 4715 Καὶ
1980 4639 2135 4715 αὖθις
2164 4645 2222 4697 ἐν
2251 4643 2329 4715 τῷ
2359 4643 2512 4715 αὐτῷ.
2533 4642 2761 4715 διαλόγῳ
2792 4633 2949 4715 φησξίς
2983 4633 3398 4715 ΔΜετάίέιγαιθῆς

1843 4713 1940 4783 μὲν
1989 4711 2342 4783 ἐλπίδοςλτᾶς
2392 4711 2561 4776 καλὰς
2610 4711 2785 4783 ψυχὰς
2826 4711 3031 4783 ἐνθένδε
3083 4711 3318 4783 ἀπίεναι·
3347 4711 3396 4767 οἱ

1841 4781 2065 4854 πονηροὶ
2108 4783 2164 4836 δὲ
2205 4781 2356 4848 ζῶσι,
2398 4785 2548 4854 φησὶ,
2589 4781 2932 4854 μετάλκακῆς
2977 4782 3398 4854 ἐλπίδος.(Βιιι-

1839 4851 2044 4923 susque
2102 4853 2156 4906 in
2205 4851 2648 4924 eodem’dialogo
2699 4851 3005 4924 (Rhwdouc)
3052 4853 3184 4907 dicit
3210 4871 3232 4924 γε
3289 4852 3396 4917 0p-

1839 4909 1970 4976 ιίηιιὶ
1999 4924 2208 4994 quidem
2237 4940 2354 4978 cum
2385 4939 2472 4993 spe
2501 4909 2661 4976 bones
2688 4909 2892 4976 artiums
2925 4909 3045 4975 hinc
3084 4909 3348 4994 proﬁcisci
3375 4940 3394 4976 :

1840 5003 1896 5046 at
1950 4995 2039 5062 qui
2085 4993 2212 5046 mali
2258 5003 2420 5059 sunt,
2474 4994 2700 5062 pessima
2755 5009 2869 5045 cum
2927 5009 3014 5061 spe
3062 4994 3270 5062 vivunt,
3312 4993 3396 5044 in-

1835 5061 1975 5133 quit.
2030 5083 2048 5114 ι
2086 5065 2272 5118 Simile
2323 5072 2406 5117 est
2445 5064 2575 5118 illud
2623 5061 2870 5133 Chilonis
2899 5062 3065 5133 apud
3096 5061 3394 5133 Diogenen!

1834 5131 2012 5187 Laert.
2051 5135 2144 5187 lib.
2173 5151 2207 5198 ι,
2239 5150 2350 5204 seg.
2379 5134 2448 5204 69
2478 5152 2490 5186 :
2537 5131 2881 5204 Ἐρωτηθεὶς,
2914 5131 3016 5204 τίνι
3047 5131 3393 5204 διαφέρουσιν

1833 5208 1880 5256 οἱ
1917 5201 2332 5274 πεπαιδευμένοι
2385 5203 2490 5256 τῶν
2539 5201 2912 5274 ἀπαιδεύτωνξ
2949 5201 3111 5274 ἐφη,
3155 5201 3394 5274 Ἐλπίσιν

1832 5275 2080 5342 ἀγαθαῖς.
2113 5271 2373 5342 Rogatus,
2398 5289 2499 5343 quo
2536 5274 2785 5342 dilferant
2806 5271 2960 5340 periti
2987 5272 3050 5324 ab
3094 5272 3394 5341 imperitis?

1831 5346 2002 5398 Bona.
2030 5346 2228 5398 innuit.
2259 5361 2364 5398 sne.

1880 5362 2002 5406 ona,
2030 5360 2228 5408 Inqutt,
2259 5361 2364 5408 spe.

1889 5362 2002 5406 ana,
2030 5360 2228 5413 inquit,
2259 5361 2364 5414 spe.

1889 5415 2000 5483 (24)
2031 5415 2092 5466 '0
2126 5414 2521 5482 Ἡράκλειτος.
2541 5413 2915 5468 Theodoretus
2936 5411 3076 5483 libro
3095 5411 3205 5483 jam
3224 5409 3387 5483 dicto,

1830 5478 1950 5554 pair.
1986 5478 2092 5538 600
2136 5504 2149 5538 :
2187 5478 2406 5540 Ἒκείνο
2450 5478 2506 5539 δέ
2551 5483 2645 5554 τοῦ
2702 5482 3050 5554 Ἡρακλείτου
3086 5478 3226 5551 μάλα
3261 5478 3392 5554 θαυ-

1831 5550 2004 5626 μάζω,
2039 5556 2118 5624 ὅτι
2155 5557 2304 5625 μένει
2330 5557 2455 5618 τοὺς
2479 5550 2797 5626 ἀνθρώπους
2830 5550 3266 5626 ἀποθνήσκοντας
3290 5550 3391 5602 ὅσα

1827 5620 1924 5678 οὐκ
1957 5620 2228 5690 ἔλπονται,
2259 5626 2381 5680 οὐδὲ
2408 5620 2672 5681 δοκέοῦσι.
2697 5643 2715 5675 ι
2748 5623 3002 5680 Heracliti
3029 5620 3389 5690 verordietuin

1827 5695 1956 5748 illud
1996 5695 2150 5749 valde
2201 5698 2439 5753 admiror
2486 5715 2498 5750 :

2561 5693 2774 5750 Manere
2827 5694 3102 5748 morientes
3156 5689 3390 5743 homines

175 5757 471 5838 roniingere
498 5757 765 5838 tit-lateat,
789 5766 985 5820 latendi
1021 5757 1148 5838 fides
1177 5781 1276 5818 non
1301 5776 1486 5835 potest.
1517 5785 1533 5838 ι
1571 5767 1724 5838 ιῊΑιιι
1825 5783 1885 5838 ea
1907 5806 1921 5828 ,
1972 5783 2094 5838 qua;
2139 5783 2298 5837 neque
2345 5775 2596 5838 sperant,
2642 5783 2801 5836 neque
2850 5767 3168 5831 exspectant.
3195 5757 3386 5813 vConf.

177 5843 222 5892 si
259 5837 371 5893 hoc
406 5840 564 5894 modo
596 5837 788 5891 melius
835 5838 978 5889 hunc
1026 5837 1281 5903 explicari
1318 5853 1473 5906 posse
1511 5837 1720 5905 jullicas

501 5938 766 5994 Ριτιιοι.
811 5919 924 5992 Cn.
960 5933 1125 5992 Vill.

1829 5835 2145 5902 I’rolreptici
2301 5839 2388 5903 18,
2419 5847 2528 5891 not.
2561 5836 2613 5892 ιι.

3001 5925 3078 5980 ιἰ3
