  <div class='ocr_page' id='page_1' title='image "/cluster/home/n/w/nwhite01/storage/ocr_20150623/8/hvd.32044073501306/685.png"; bbox 0 0 3948 6310; ppageno 0'>
   <div class='ocr_carea' id='block_1_1' title="bbox 509 369 653 427">
    <p class='ocr_par' dir='ltr' id='par_1_1' title="bbox 509 369 653 427">
     <span class='ocr_line' id='line_1_1' title="bbox 509 369 653 427; baseline 0.014 -2"><span class='ocrx_word' id='word_1_1' title='bbox 509 369 653 427; x_wconf 72' lang='grc'><strong>1355</strong></span> 
     </span>
    </p>
   </div>
   <div class='ocr_carea' id='block_1_2' title="bbox 1656 359 2555 421">
    <p class='ocr_par' dir='ltr' id='par_1_2' title="bbox 1656 359 2555 421">
     <span class='ocr_line' id='line_1_2' title="bbox 1656 359 2555 421; baseline 0.002 -4"><span class='ocrx_word' id='word_1_2' title='bbox 1656 359 2050 419; x_wconf 78' lang='lat' dir='ltr'><strong>CLEMENTIS</strong></span> <span class='ocrx_word' id='word_1_3' title='bbox 2081 360 2555 421; x_wconf 67' lang='lat' dir='ltr'><strong>ALEXANDBINI</strong></span> 
     </span>
    </p>
   </div>
   <div class='ocr_carea' id='block_1_3' title="bbox 3612 362 3743 423">
    <p class='ocr_par' dir='ltr' id='par_1_3' title="bbox 3612 362 3743 423">
     <span class='ocr_line' id='line_1_3' title="bbox 3612 362 3743 423; baseline 0.008 -1"><span class='ocrx_word' id='word_1_4' title='bbox 3612 362 3743 423; x_wconf 74' lang='grc'><strong>1356</strong></span> 
     </span>
    </p>
   </div>
   <div class='ocr_carea' id='block_1_4' title="bbox 494 477 2069 559">
    <p class='ocr_par' dir='ltr' id='par_1_4' title="bbox 494 477 2063 559">
     <span class='ocr_line' id='line_1_4' title="bbox 494 477 2063 559; baseline -0.003 -22"><span class='ocrx_word' id='word_1_5' title='bbox 494 479 852 555; x_wconf 76' lang='lat' dir='ltr'><strong>Pythagorei;</strong></span> <span class='ocrx_word' id='word_1_6' title='bbox 878 492 1006 559; x_wconf 81' lang='lat' dir='ltr'><strong>nam</strong></span> <span class='ocrx_word' id='word_1_7' title='bbox 1030 477 1108 533; x_wconf 93' lang='lat' dir='ltr'><strong>illi</strong></span> <span class='ocrx_word' id='word_1_8' title='bbox 1130 489 1351 549; x_wconf 90' lang='lat' dir='ltr'><strong>quoque</strong></span> <span class='ocrx_word' id='word_1_9' title='bbox 1380 491 1552 548; x_wconf 85' lang='lat' dir='ltr'><strong>spem,</strong></span> <span class='ocrx_word' id='word_1_10' title='bbox 1586 485 1846 548; x_wconf 78' lang='lat' dir='ltr'><strong>tanquam</strong></span> <span class='ocrx_word' id='word_1_11' title='bbox 1880 479 2063 545; x_wconf 85' lang='lat' dir='ltr'><strong>linem,</strong></span> 
     </span>
    </p>
   </div>
   <div class='ocr_carea' id='block_1_5' title="bbox 2171 477 3747 559">
    <p class='ocr_par' dir='ltr' id='par_1_5' title="bbox 2171 479 3747 554">
     <span class='ocr_line' id='line_1_5' title="bbox 2171 479 3747 554; baseline 0.005 -21"><span class='ocrx_word' id='word_1_12' title='bbox 2171 495 2329 549; x_wconf 83' lang='grc' dir='ltr'><strong>μενος</strong></span> <span class='ocrx_word' id='word_1_13' title='bbox 2349 497 2363 511; x_wconf 89' lang='grc'><strong>·</strong></span> <span class='ocrx_word' id='word_1_14' title='bbox 2417 500 2438 534; x_wconf 73' lang='grc' dir='ltr'><strong>ι</strong></span> <span class='ocrx_word' id='word_1_15' title='bbox 2488 479 2829 554; x_wconf 78' lang='grc' dir='ltr'><strong>’Δνθρώπους</strong></span> <span class='ocrx_word' id='word_1_16' title='bbox 2864 479 3014 552; x_wconf 82' lang='grc' dir='ltr'><strong>μένει</strong></span> <span class='ocrx_word' id='word_1_17' title='bbox 3052 481 3425 548; x_wconf 79' lang='grc' dir='ltr'><strong>ἀποθανόντας</strong></span> <span class='ocrx_word' id='word_1_18' title='bbox 3472 483 3616 539; x_wconf 70' lang='grc' dir='ltr'><strong>ἅσσα</strong></span> <span class='ocrx_word' id='word_1_19' title='bbox 3651 489 3747 541; x_wconf 73' lang='grc' dir='ltr'><strong>οὐκ</strong></span> 
     </span>
    </p>
   </div>
   <div class='ocr_carea' id='block_1_6' title="bbox 496 570 2067 650">
    <p class='ocr_par' dir='ltr' id='par_1_6' title="bbox 496 570 2067 650">
     <span class='ocr_line' id='line_1_6' title="bbox 496 570 2067 650; baseline -0.004 -17"><span class='ocrx_word' id='word_1_20' title='bbox 496 574 876 650; x_wconf 74' lang='lat' dir='ltr'><strong>proponebant</strong></span> <span class='ocrx_word' id='word_1_21' title='bbox 933 573 1001 629; x_wconf 87' lang='lat' dir='ltr'><strong>iis</strong></span> <span class='ocrx_word' id='word_1_22' title='bbox 1033 570 1127 644; x_wconf 86' lang='lat' dir='ltr'><strong>qui</strong></span> <span class='ocrx_word' id='word_1_23' title='bbox 1158 570 1712 641; x_wconf 80' lang='lat' dir='ltr'><strong>philosophabamur;</strong></span> <span class='ocrx_word' id='word_1_24' title='bbox 1747 586 1872 628; x_wconf 90' lang='lat' dir='ltr'><strong>cum</strong></span> <span class='ocrx_word' id='word_1_25' title='bbox 1904 573 2067 627; x_wconf 91' lang='lat' dir='ltr'><strong>etiam</strong></span> 
     </span>
    </p>
   </div>
   <div class='ocr_carea' id='block_1_7' title="bbox 497 663 2070 746">
    <p class='ocr_par' dir='ltr' id='par_1_7' title="bbox 497 663 2070 746">
     <span class='ocr_line' id='line_1_7' title="bbox 497 663 2070 746; baseline -0.004 -20"><span class='ocrx_word' id='word_1_26' title='bbox 497 669 754 746; x_wconf 78' lang='lat' dir='ltr'><strong>Socrates</strong></span> <span class='ocrx_word' id='word_1_27' title='bbox 802 666 950 722; x_wconf 81' lang='lat' dir='ltr'><strong>dicat</strong></span> <span class='ocrx_word' id='word_1_28' title='bbox 999 666 1056 720; x_wconf 86' lang='lat' dir='ltr'><strong>in</strong></span> <span class='ocrx_word' id='word_1_29' title='bbox 1098 663 1383 731; x_wconf 71' lang='lat' dir='ltr'><strong>Phwdone,</strong></span> <span class='ocrx_word' id='word_1_30' title='bbox 1423 682 1443 717; x_wconf 76' lang='grc' dir='ltr'><strong>ι</strong></span> <span class='ocrx_word' id='word_1_31' title='bbox 1481 664 1654 720; x_wconf 81' lang='lat' dir='ltr'><strong>bo&#39;nas</strong></span> <span class='ocrx_word' id='word_1_32' title='bbox 1688 664 1901 720; x_wconf 89' lang='lat' dir='ltr'><strong>animas</strong></span> <span class='ocrx_word' id='word_1_33' title='bbox 1942 664 2070 721; x_wconf 88' lang='lat' dir='ltr'><strong>hinc</strong></span> 
     </span>
    </p>
   </div>
   <div class='ocr_carea' id='block_1_8' title="bbox 495 755 2069 829">
    <p class='ocr_par' dir='ltr' id='par_1_8' title="bbox 495 755 2069 829">
     <span class='ocr_line' id='line_1_8' title="bbox 495 755 2069 829; baseline -0.004 -11"><span class='ocrx_word' id='word_1_34' title='bbox 495 778 622 826; x_wconf 87' lang='lat' dir='ltr'><strong>cum</strong></span> <span class='ocrx_word' id='word_1_35' title='bbox 660 766 719 825; x_wconf 60' lang='grc' dir='ltr'><strong>ἧς</strong></span> <span class='ocrx_word' id='word_1_36' title='bbox 773 760 919 814; x_wconf 91' lang='lat' dir='ltr'><strong>bona</strong></span> <span class='ocrx_word' id='word_1_37' title='bbox 971 773 1068 829; x_wconf 87' lang='lat' dir='ltr'><strong>spe</strong></span> <span class='ocrx_word' id='word_1_38' title='bbox 1116 755 1413 821; x_wconf 82' lang='lat' dir='ltr'><strong>excedere;</strong></span> <span class='ocrx_word' id='word_1_39' title='bbox 1472 773 1490 807; x_wconf 79' lang='grc' dir='ltr'><strong>ι</strong></span> <span class='ocrx_word' id='word_1_40' title='bbox 1538 764 1593 810; x_wconf 91' lang='lat' dir='ltr'><strong>et</strong></span> <span class='ocrx_word' id='word_1_41' title='bbox 1647 769 1839 811; x_wconf 85' lang='lat' dir='ltr'><strong>rursus</strong></span> <span class='ocrx_word' id='word_1_42' title='bbox 1893 756 2069 812; x_wconf 88' lang='lat' dir='ltr'><strong>malos</strong></span> 
     </span>
    </p>
   </div>
   <div class='ocr_carea' id='block_1_9' title="bbox 496 846 2107 924">
    <p class='ocr_par' dir='ltr' id='par_1_9' title="bbox 496 846 2107 924">
     <span class='ocr_line' id='line_1_9' title="bbox 496 846 2107 924; baseline -0.004 -16"><span class='ocrx_word' id='word_1_43' title='bbox 496 855 839 924; x_wconf 82' lang='lat' dir='ltr'><strong>vituperans,</strong></span> <span class='ocrx_word' id='word_1_44' title='bbox 872 850 957 906; x_wconf 91' lang='lat' dir='ltr'><strong>eis</strong></span> <span class='ocrx_word' id='word_1_45' title='bbox 987 848 1212 919; x_wconf 91' lang='lat' dir='ltr'><strong>opponit</strong></span> <span class='ocrx_word' id='word_1_46' title='bbox 1244 867 1257 903; x_wconf 91' lang='lat'><strong>:</strong></span> <span class='ocrx_word' id='word_1_47' title='bbox 1299 866 1317 899; x_wconf 76' lang='grc' dir='ltr'><strong>ι</strong></span> <span class='ocrx_word' id='word_1_48' title='bbox 1357 846 1562 902; x_wconf 80' lang='lat' dir='ltr'><strong>Vivunt</strong></span> <span class='ocrx_word' id='word_1_49' title='bbox 1592 847 1735 901; x_wconf 92' lang='lat' dir='ltr'><strong>enim</strong></span> <span class='ocrx_word' id='word_1_50' title='bbox 1768 862 1893 903; x_wconf 89' lang='lat' dir='ltr'><strong>eum</strong></span> <span class='ocrx_word' id='word_1_51' title='bbox 1925 847 2069 902; x_wconf 91' lang='lat' dir='ltr'><strong>mala</strong></span> <span class='ocrx_word' id='word_1_52' title='bbox 2104 888 2107 889; x_wconf 46' lang='grc' dir='ltr'><em>ν</em></span> 
     </span>
    </p>
   </div>
   <div class='ocr_carea' id='block_1_10' title="bbox 398 937 2067 1017">
    <p class='ocr_par' dir='ltr' id='par_1_10' title="bbox 398 937 2067 1017">
     <span class='ocr_line' id='line_1_10' title="bbox 398 937 2067 1017; baseline -0.004 -15"><span class='ocrx_word' id='word_1_53' title='bbox 398 986 424 1012; x_wconf 81' lang='grc'><strong>,</strong></span> <span class='ocrx_word' id='word_1_54' title='bbox 496 962 615 1017; x_wconf 88' lang='lat' dir='ltr'><strong>spe,</strong></span> <span class='ocrx_word' id='word_1_55' title='bbox 640 964 658 998; x_wconf 76' lang='grc' dir='ltr'><strong>ι</strong></span> <span class='ocrx_word' id='word_1_56' title='bbox 686 945 892 1000; x_wconf 87' lang='lat' dir='ltr'><strong>dicens.</strong></span> <span class='ocrx_word' id='word_1_57' title='bbox 918 941 980 996; x_wconf 87' lang='lat' dir='ltr'><strong>Ei</strong></span> <span class='ocrx_word' id='word_1_58' title='bbox 998 941 1210 996; x_wconf 86' lang='lat' dir='ltr'><strong>videtur</strong></span> <span class='ocrx_word' id='word_1_59' title='bbox 1229 940 1390 996; x_wconf 88' lang='lat' dir='ltr'><strong>etiam</strong></span> <span class='ocrx_word' id='word_1_60' title='bbox 1415 939 1718 995; x_wconf 89' lang='lat' dir='ltr'><strong>consentire</strong></span> <span class='ocrx_word' id='word_1_61' title='bbox 1740 937 2067 1008; x_wconf 83' lang='lat' dir='ltr'><strong>Heraclitus,</strong></span> 
     </span>
    </p>
   </div>
   <div class='ocr_carea' id='block_1_11' title="bbox 497 1029 2069 1106">
    <p class='ocr_par' dir='ltr' id='par_1_11' title="bbox 497 1029 2069 1106">
     <span class='ocr_line' id='line_1_11' title="bbox 497 1029 2069 1106; baseline -0.006 -13"><span class='ocrx_word' id='word_1_62' title='bbox 497 1039 553 1093; x_wconf 93' lang='lat' dir='ltr'><strong>in</strong></span> <span class='ocrx_word' id='word_1_63' title='bbox 606 1038 696 1101; x_wconf 90' lang='lat' dir='ltr'><strong>iis,</strong></span> <span class='ocrx_word' id='word_1_64' title='bbox 729 1051 852 1106; x_wconf 84' lang='lat' dir='ltr'><strong>quae</strong></span> <span class='ocrx_word' id='word_1_65' title='bbox 903 1035 1034 1090; x_wconf 89' lang='lat' dir='ltr'><strong>dicit</strong></span> <span class='ocrx_word' id='word_1_66' title='bbox 1070 1033 1344 1089; x_wconf 85' lang='lat' dir='ltr'><strong>disserens</strong></span> <span class='ocrx_word' id='word_1_67' title='bbox 1377 1032 1444 1087; x_wconf 93' lang='lat' dir='ltr'><strong>de</strong></span> <span class='ocrx_word' id='word_1_68' title='bbox 1478 1032 1792 1087; x_wconf 88' lang='lat' dir='ltr'><strong>hominibus</strong></span> <span class='ocrx_word' id='word_1_69' title='bbox 1843 1049 1857 1085; x_wconf 91' lang='lat'><strong>:</strong></span> <span class='ocrx_word' id='word_1_70' title='bbox 1898 1050 1918 1083; x_wconf 76' lang='grc' dir='ltr'><strong>ι</strong></span> <span class='ocrx_word' id='word_1_71' title='bbox 1960 1029 2069 1085; x_wconf 83' lang='lat' dir='ltr'><strong>Ho-</strong></span> 
     </span>
    </p>
   </div>
   <div class='ocr_carea' id='block_1_12' title="bbox 498 1129 2071 1199">
    <p class='ocr_par' dir='ltr' id='par_1_12' title="bbox 498 1129 2071 1199">
     <span class='ocr_line' id='line_1_12' title="bbox 498 1129 2071 1199; baseline -0.004 -15"><span class='ocrx_word' id='word_1_72' title='bbox 498 1129 674 1184; x_wconf 87' lang='lat' dir='ltr'><strong>mines</strong></span> <span class='ocrx_word' id='word_1_73' title='bbox 719 1134 967 1199; x_wconf 83' lang='lat' dir='ltr'><strong>mortuos</strong></span> <span class='ocrx_word' id='word_1_74' title='bbox 1017 1133 1275 1189; x_wconf 89' lang='lat' dir='ltr'><strong>manent,</strong></span> <span class='ocrx_word' id='word_1_75' title='bbox 1329 1136 1461 1194; x_wconf 67' lang='lat' dir='ltr'><strong>qua!</strong></span> <span class='ocrx_word' id='word_1_76' title='bbox 1501 1138 1608 1178; x_wconf 90' lang='lat' dir='ltr'><strong>non</strong></span> <span class='ocrx_word' id='word_1_77' title='bbox 1660 1131 1913 1193; x_wconf 85' lang='lat' dir='ltr'><strong>sperant,</strong></span> <span class='ocrx_word' id='word_1_78' title='bbox 1966 1136 2071 1177; x_wconf 89' lang='lat' dir='ltr'><strong>nec</strong></span> 
     </span>
    </p>
   </div>
   <div class='ocr_carea' id='block_1_13' title="bbox 508 1212 2070 1289">
    <p class='ocr_par' dir='ltr' id='par_1_13' title="bbox 508 1212 2070 1289">
     <span class='ocr_line' id='line_1_13' title="bbox 508 1212 2070 1289; baseline -0.004 -15"><span class='ocrx_word' id='word_1_79' title='bbox 508 1227 844 1289; x_wconf 83' lang='lat' dir='ltr'><strong>exspectant.</strong></span> <span class='ocrx_word' id='word_1_80' title='bbox 886 1234 906 1269; x_wconf 70' lang='grc' dir='ltr'><strong>ι</strong></span> <span class='ocrx_word' id='word_1_81' title='bbox 946 1214 1136 1271; x_wconf 86' lang='lat' dir='ltr'><strong>Divine</strong></span> <span class='ocrx_word' id='word_1_82' title='bbox 1167 1232 1297 1286; x_wconf 87' lang='lat' dir='ltr'><strong>ergo</strong></span> <span class='ocrx_word' id='word_1_83' title='bbox 1327 1215 1530 1271; x_wconf 89' lang='lat' dir='ltr'><strong>Paulus</strong></span> <span class='ocrx_word' id='word_1_84' title='bbox 1565 1225 1748 1287; x_wconf 91' lang='lat' dir='ltr'><strong>aperte</strong></span> <span class='ocrx_word' id='word_1_85' title='bbox 1779 1215 1967 1270; x_wconf 87' lang='lat' dir='ltr'><strong>scribit</strong></span> <span class='ocrx_word' id='word_1_86' title='bbox 2001 1212 2070 1268; x_wconf 91' lang='lat' dir='ltr'><strong>ad</strong></span> 
     </span>
    </p>
   </div>
   <div class='ocr_carea' id='block_1_14' title="bbox 498 1305 2071 1377">
    <p class='ocr_par' dir='ltr' id='par_1_14' title="bbox 498 1305 2071 1377">
     <span class='ocr_line' id='line_1_14' title="bbox 498 1305 2071 1377; baseline -0.003 -12"><span class='ocrx_word' id='word_1_87' title='bbox 498 1309 779 1365; x_wconf 81' lang='lat' dir='ltr'><strong>Romanos</strong></span> <span class='ocrx_word' id='word_1_88' title='bbox 805 1327 817 1363; x_wconf 88' lang='lat'><strong>:</strong></span> <span class='ocrx_word' id='word_1_89' title='bbox 843 1325 862 1360; x_wconf 75' lang='grc' dir='ltr'><strong>ι</strong></span> <span class='ocrx_word' id='word_1_90' title='bbox 887 1307 1122 1364; x_wconf 83' lang='lat' dir='ltr'><strong>Alliictio</strong></span> <span class='ocrx_word' id='word_1_91' title='bbox 1154 1307 1468 1377; x_wconf 80' lang='lat' dir='ltr'><strong>patientiam</strong></span> <span class='ocrx_word' id='word_1_92' title='bbox 1502 1313 1778 1376; x_wconf 84' lang='lat' dir='ltr'><strong>operatur,</strong></span> <span class='ocrx_word' id='word_1_93' title='bbox 1812 1305 2071 1375; x_wconf 85' lang='lat' dir='ltr'><strong>patientia</strong></span> 
     </span>
    </p>
   </div>
   <div class='ocr_carea' id='block_1_15' title="bbox 502 1399 2070 1472">
    <p class='ocr_par' dir='ltr' id='par_1_15' title="bbox 502 1399 2070 1472">
     <span class='ocr_line' id='line_1_15' title="bbox 502 1399 2070 1472; baseline -0.004 -14"><span class='ocrx_word' id='word_1_94' title='bbox 502 1418 634 1458; x_wconf 78' lang='lat' dir='ltr'><strong>vero</strong></span> <span class='ocrx_word' id='word_1_95' title='bbox 664 1402 1062 1472; x_wconf 82' lang='lat' dir='ltr'><strong>probationem,</strong></span> <span class='ocrx_word' id='word_1_96' title='bbox 1095 1399 1344 1470; x_wconf 84' lang='lat' dir='ltr'><strong>probatio</strong></span> <span class='ocrx_word' id='word_1_97' title='bbox 1375 1409 1553 1454; x_wconf 83' lang='lat' dir='ltr'><strong>autem</strong></span> <span class='ocrx_word' id='word_1_98' title='bbox 1587 1413 1760 1468; x_wconf 92' lang='lat' dir='ltr'><strong>spem,</strong></span> <span class='ocrx_word' id='word_1_99' title='bbox 1795 1413 1919 1469; x_wconf 86' lang='lat' dir='ltr'><strong>spes</strong></span> <span class='ocrx_word' id='word_1_100' title='bbox 1942 1412 2070 1454; x_wconf 87' lang='lat' dir='ltr'><strong>vero</strong></span> 
     </span>
    </p>
   </div>
   <div class='ocr_carea' id='block_1_16' title="bbox 496 1490 2069 1566">
    <p class='ocr_par' dir='ltr' id='par_1_16' title="bbox 496 1490 2069 1566">
     <span class='ocr_line' id='line_1_16' title="bbox 496 1490 2069 1566; baseline -0.002 -17"><span class='ocrx_word' id='word_1_101' title='bbox 496 1492 706 1566; x_wconf 89' lang='lat' dir='ltr'><strong>pudore</strong></span> <span class='ocrx_word' id='word_1_102' title='bbox 737 1508 845 1549; x_wconf 92' lang='lat' dir='ltr'><strong>non</strong></span> <span class='ocrx_word' id='word_1_103' title='bbox 872 1492 1035 1548; x_wconf 81' lang='lat' dir='ltr'><strong>allicit</strong></span> <span class='ocrx_word' id='word_1_104' title='bbox 1062 1503 1110 1545; x_wconf 70' lang='grc' dir='ltr'><strong>ε.</strong></span> <span class='ocrx_word' id='word_1_105' title='bbox 1150 1508 1168 1541; x_wconf 72' lang='grc' dir='ltr'><strong>ι</strong></span> <span class='ocrx_word' id='word_1_106' title='bbox 1206 1490 1433 1562; x_wconf 85' lang='lat' dir='ltr'><strong>Propter</strong></span> <span class='ocrx_word' id='word_1_107' title='bbox 1466 1506 1618 1562; x_wconf 89' lang='lat' dir='ltr'><strong>spem</strong></span> <span class='ocrx_word' id='word_1_108' title='bbox 1650 1490 1795 1546; x_wconf 89' lang='lat' dir='ltr'><strong>enim</strong></span> <span class='ocrx_word' id='word_1_109' title='bbox 1828 1490 2069 1546; x_wconf 78' lang='lat' dir='ltr'><strong>futuram</strong></span> 
     </span>
    </p>
   </div>
   <div class='ocr_carea' id='block_1_17' title="bbox 499 1582 2072 1656">
    <p class='ocr_par' dir='ltr' id='par_1_17' title="bbox 499 1582 2072 1656">
     <span class='ocr_line' id='line_1_17' title="bbox 499 1582 2072 1656; baseline 0 -16"><span class='ocrx_word' id='word_1_110' title='bbox 499 1593 584 1641; x_wconf 89' lang='lat' dir='ltr'><strong>est</strong></span> <span class='ocrx_word' id='word_1_111' title='bbox 612 1584 906 1656; x_wconf 84' lang='lat' dir='ltr'><strong>patientia;</strong></span> <span class='ocrx_word' id='word_1_112' title='bbox 952 1603 972 1636; x_wconf 78' lang='grc' dir='ltr'><strong>ι</strong></span> <span class='ocrx_word' id='word_1_113' title='bbox 1011 1599 1135 1654; x_wconf 87' lang='lat' dir='ltr'><strong>spes</strong></span> <span class='ocrx_word' id='word_1_114' title='bbox 1174 1603 1192 1635; x_wconf 85' lang='grc'><strong>›</strong></span> <span class='ocrx_word' id='word_1_115' title='bbox 1228 1592 1408 1638; x_wconf 89' lang='lat' dir='ltr'><strong>autem</strong></span> <span class='ocrx_word' id='word_1_116' title='bbox 1460 1592 1543 1638; x_wconf 91' lang='lat' dir='ltr'><strong>est</strong></span> <span class='ocrx_word' id='word_1_117' title='bbox 1585 1582 1746 1637; x_wconf 90' lang='lat' dir='ltr'><strong>etiam</strong></span> <span class='ocrx_word' id='word_1_118' title='bbox 1793 1584 2072 1654; x_wconf 70' lang='lat' dir='ltr'><strong>requivoce</strong></span> 
     </span>
    </p>
   </div>
   <div class='ocr_carea' id='block_1_18' title="bbox 500 1674 2071 1746">
    <p class='ocr_par' dir='ltr' id='par_1_18' title="bbox 500 1674 2071 1746">
     <span class='ocr_line' id='line_1_18' title="bbox 500 1674 2071 1746; baseline -0.002 -13"><span class='ocrx_word' id='word_1_119' title='bbox 500 1677 612 1746; x_wconf 86' lang='lat' dir='ltr'><strong>spei</strong></span> <span class='ocrx_word' id='word_1_120' title='bbox 658 1676 891 1731; x_wconf 87' lang='lat' dir='ltr'><strong>redditio</strong></span> <span class='ocrx_word' id='word_1_121' title='bbox 939 1684 994 1731; x_wconf 89' lang='lat' dir='ltr'><strong>et</strong></span> <span class='ocrx_word' id='word_1_122' title='bbox 1044 1674 1349 1741; x_wconf 89' lang='lat' dir='ltr'><strong>restitutio;</strong></span> <span class='ocrx_word' id='word_1_123' title='bbox 1396 1691 1516 1745; x_wconf 78' lang='lat' dir='ltr'><strong>quae</strong></span> <span class='ocrx_word' id='word_1_124' title='bbox 1571 1677 1735 1730; x_wconf 90' lang='lat' dir='ltr'><strong>etiam</strong></span> <span class='ocrx_word' id='word_1_125' title='bbox 1788 1693 1807 1725; x_wconf 72' lang='grc' dir='ltr'><strong>ι</strong></span> <span class='ocrx_word' id='word_1_126' title='bbox 1863 1675 2071 1744; x_wconf 89' lang='lat' dir='ltr'><strong>pudore</strong></span> 
     </span>
    </p>
   </div>
   <div class='ocr_carea' id='block_1_19' title="bbox 500 1766 2067 1837">
    <p class='ocr_par' dir='ltr' id='par_1_19' title="bbox 500 1766 2067 1837">
     <span class='ocr_line' id='line_1_19' title="bbox 500 1766 2067 1837; baseline -0.001 -15"><span class='ocrx_word' id='word_1_127' title='bbox 500 1784 610 1824; x_wconf 88' lang='lat' dir='ltr'><strong>non</strong></span> <span class='ocrx_word' id='word_1_128' title='bbox 643 1766 826 1834; x_wconf 73' lang='lat' dir='ltr'><strong>allicit,</strong></span> <span class='ocrx_word' id='word_1_129' title='bbox 880 1787 899 1820; x_wconf 74' lang='grc' dir='ltr'><strong>ι</strong></span> <span class='ocrx_word' id='word_1_130' title='bbox 933 1776 995 1822; x_wconf 90' lang='lat' dir='ltr'><strong>ut</strong></span> <span class='ocrx_word' id='word_1_131' title='bbox 1040 1783 1163 1837; x_wconf 66' lang='lat' dir='ltr'><strong>quae</strong></span> <span class='ocrx_word' id='word_1_132' title='bbox 1213 1767 1427 1837; x_wconf 89' lang='lat' dir='ltr'><strong>probris</strong></span> <span class='ocrx_word' id='word_1_133' title='bbox 1471 1775 1525 1821; x_wconf 84' lang='lat' dir='ltr'><strong>et</strong></span> <span class='ocrx_word' id='word_1_134' title='bbox 1567 1766 1911 1823; x_wconf 88' lang='lat' dir='ltr'><strong>contumeliis</strong></span> <span class='ocrx_word' id='word_1_135' title='bbox 1960 1784 2067 1821; x_wconf 89' lang='lat' dir='ltr'><strong>non</strong></span> 
     </span>
    </p>
   </div>
   <div class='ocr_carea' id='block_1_20' title="bbox 501 1857 2067 1930">
    <p class='ocr_par' dir='ltr' id='par_1_20' title="bbox 501 1857 2067 1930">
     <span class='ocr_line' id='line_1_20' title="bbox 501 1857 2067 1930; baseline -0.002 -16"><span class='ocrx_word' id='word_1_136' title='bbox 501 1860 734 1930; x_wconf 86' lang='lat' dir='ltr'><strong>amplius</strong></span> <span class='ocrx_word' id='word_1_137' title='bbox 767 1858 1051 1914; x_wconf 77' lang='lat' dir='ltr'><strong>aﬂiciatur.</strong></span> <span class='ocrx_word' id='word_1_138' title='bbox 1087 1857 1190 1925; x_wconf 87' lang='lat' dir='ltr'><strong>Qui</strong></span> <span class='ocrx_word' id='word_1_139' title='bbox 1213 1868 1391 1913; x_wconf 89' lang='lat' dir='ltr'><strong>autem</strong></span> <span class='ocrx_word' id='word_1_140' title='bbox 1419 1859 1577 1913; x_wconf 67' lang='lat' dir='ltr'><strong>nuda:</strong></span> <span class='ocrx_word' id='word_1_141' title='bbox 1607 1857 1897 1925; x_wconf 87' lang='lat' dir='ltr'><strong>vocationi,</strong></span> <span class='ocrx_word' id='word_1_142' title='bbox 1931 1874 2067 1928; x_wconf 89' lang='lat' dir='ltr'><strong>qua-</strong></span> 
     </span>
    </p>
   </div>
   <div class='ocr_carea' id='block_1_21' title="bbox 501 1950 2065 2021">
    <p class='ocr_par' dir='ltr' id='par_1_21' title="bbox 501 1950 2065 2021">
     <span class='ocr_line' id='line_1_21' title="bbox 501 1950 2065 2021; baseline -0.002 -14"><span class='ocrx_word' id='word_1_143' title='bbox 501 1963 658 2008; x_wconf 91' lang='lat' dir='ltr'><strong>tenus</strong></span> <span class='ocrx_word' id='word_1_144' title='bbox 689 1959 914 2007; x_wconf 90' lang='lat' dir='ltr'><strong>vocatus</strong></span> <span class='ocrx_word' id='word_1_145' title='bbox 947 1960 1051 2014; x_wconf 90' lang='lat' dir='ltr'><strong>est,</strong></span> <span class='ocrx_word' id='word_1_146' title='bbox 1087 1950 1292 2014; x_wconf 86' lang='lat' dir='ltr'><strong>obedit,</strong></span> <span class='ocrx_word' id='word_1_147' title='bbox 1346 1951 1392 2006; x_wconf 89' lang='lat' dir='ltr'><strong>is</strong></span> <span class='ocrx_word' id='word_1_148' title='bbox 1423 1966 1596 2021; x_wconf 89' lang='lat' dir='ltr'><strong>neque</strong></span> <span class='ocrx_word' id='word_1_149' title='bbox 1646 1962 1867 2021; x_wconf 87' lang='lat' dir='ltr'><strong>propter</strong></span> <span class='ocrx_word' id='word_1_150' title='bbox 1900 1952 2065 2005; x_wconf 86' lang='lat' dir='ltr'><strong>timo-</strong></span> 
     </span>
    </p>
   </div>
   <div class='ocr_carea' id='block_1_22' title="bbox 504 2042 2065 2113">
    <p class='ocr_par' dir='ltr' id='par_1_22' title="bbox 504 2042 2065 2113">
     <span class='ocr_line' id='line_1_22' title="bbox 504 2042 2065 2113; baseline -0.001 -16"><span class='ocrx_word' id='word_1_151' title='bbox 504 2059 636 2109; x_wconf 87' lang='lat' dir='ltr'><strong>rem,</strong></span> <span class='ocrx_word' id='word_1_152' title='bbox 669 2058 844 2113; x_wconf 86' lang='lat' dir='ltr'><strong>neque</strong></span> <span class='ocrx_word' id='word_1_153' title='bbox 876 2052 1097 2113; x_wconf 81' lang='lat' dir='ltr'><strong>propter</strong></span> <span class='ocrx_word' id='word_1_154' title='bbox 1130 2043 1454 2112; x_wconf 85' lang='lat' dir='ltr'><strong>voluptates,</strong></span> <span class='ocrx_word' id='word_1_155' title='bbox 1489 2042 1662 2097; x_wconf 86' lang='lat' dir='ltr'><strong>tendit</strong></span> <span class='ocrx_word' id='word_1_156' title='bbox 1693 2043 1758 2096; x_wconf 90' lang='lat' dir='ltr'><strong>ad</strong></span> <span class='ocrx_word' id='word_1_157' title='bbox 1793 2043 2065 2113; x_wconf 82' lang='lat' dir='ltr'><strong>cognitio-</strong></span> 
     </span>
    </p>
   </div>
   <div class='ocr_carea' id='block_1_23' title="bbox 501 2134 2065 2205">
    <p class='ocr_par' dir='ltr' id='par_1_23' title="bbox 501 2134 2065 2205">
     <span class='ocr_line' id='line_1_23' title="bbox 501 2134 2065 2205; baseline 0.001 -17"><span class='ocrx_word' id='word_1_158' title='bbox 501 2151 645 2191; x_wconf 89' lang='lat' dir='ltr'><strong>nem.</strong></span> <span class='ocrx_word' id='word_1_159' title='bbox 678 2134 796 2190; x_wconf 87' lang='lat' dir='ltr'><strong>Non</strong></span> <span class='ocrx_word' id='word_1_160' title='bbox 826 2135 970 2189; x_wconf 91' lang='lat' dir='ltr'><strong>enim</strong></span> <span class='ocrx_word' id='word_1_161' title='bbox 993 2135 1303 2190; x_wconf 80' lang='lat' dir='ltr'><strong>considerat</strong></span> <span class='ocrx_word' id='word_1_162' title='bbox 1354 2151 1421 2189; x_wconf 91' lang='lat' dir='ltr'><strong>an</strong></span> <span class='ocrx_word' id='word_1_163' title='bbox 1452 2134 1670 2205; x_wconf 84' lang='lat' dir='ltr'><strong>aliquod</strong></span> <span class='ocrx_word' id='word_1_164' title='bbox 1703 2136 1834 2190; x_wconf 89' lang='lat' dir='ltr'><strong>utile</strong></span> <span class='ocrx_word' id='word_1_165' title='bbox 1854 2136 2065 2189; x_wconf 89' lang='lat' dir='ltr'><strong>lucrum</strong></span> 
     </span>
    </p>
   </div>
   <div class='ocr_carea' id='block_1_24' title="bbox 500 2224 2065 2295">
    <p class='ocr_par' dir='ltr' id='par_1_24' title="bbox 500 2224 2065 2295">
     <span class='ocr_line' id='line_1_24' title="bbox 500 2224 2065 2295; baseline 0.001 -16"><span class='ocrx_word' id='word_1_166' title='bbox 500 2227 583 2282; x_wconf 87' lang='lat' dir='ltr'><strong>vel</strong></span> <span class='ocrx_word' id='word_1_167' title='bbox 622 2224 911 2283; x_wconf 86' lang='lat' dir='ltr'><strong>delectatio</strong></span> <span class='ocrx_word' id='word_1_168' title='bbox 956 2224 1139 2295; x_wconf 91' lang='lat' dir='ltr'><strong>aliqua</strong></span> <span class='ocrx_word' id='word_1_169' title='bbox 1170 2226 1511 2281; x_wconf 84' lang='lat' dir='ltr'><strong>extrinsecus</strong></span> <span class='ocrx_word' id='word_1_170' title='bbox 1546 2233 1935 2294; x_wconf 80' lang='lat' dir='ltr'><strong>consequatur,</strong></span> <span class='ocrx_word' id='word_1_171' title='bbox 1970 2225 2065 2280; x_wconf 85' lang='lat' dir='ltr'><strong>sed</strong></span> 
     </span>
    </p>
   </div>
   <div class='ocr_carea' id='block_1_25' title="bbox 503 2317 2068 2387">
    <p class='ocr_par' dir='ltr' id='par_1_25' title="bbox 503 2317 2068 2387">
     <span class='ocr_line' id='line_1_25' title="bbox 503 2317 2068 2387; baseline -0.003 -12"><span class='ocrx_word' id='word_1_172' title='bbox 503 2330 706 2376; x_wconf 83' lang='lat' dir='ltr'><strong>tractus</strong></span> <span class='ocrx_word' id='word_1_173' title='bbox 736 2335 766 2374; x_wconf 90' lang='lat' dir='ltr'><strong>a</strong></span> <span class='ocrx_word' id='word_1_174' title='bbox 798 2319 1086 2374; x_wconf 86' lang='lat' dir='ltr'><strong>dilectione</strong></span> <span class='ocrx_word' id='word_1_175' title='bbox 1117 2317 1259 2385; x_wconf 89' lang='lat' dir='ltr'><strong>ejus,</strong></span> <span class='ocrx_word' id='word_1_176' title='bbox 1294 2317 1388 2387; x_wconf 87' lang='lat' dir='ltr'><strong>qui</strong></span> <span class='ocrx_word' id='word_1_177' title='bbox 1420 2332 1549 2372; x_wconf 84' lang='lat' dir='ltr'><strong>vere</strong></span> <span class='ocrx_word' id='word_1_178' title='bbox 1578 2326 1663 2372; x_wconf 90' lang='lat' dir='ltr'><strong>est</strong></span> <span class='ocrx_word' id='word_1_179' title='bbox 1694 2317 1965 2380; x_wconf 86' lang='lat' dir='ltr'><strong>amabilis,</strong></span> <span class='ocrx_word' id='word_1_180' title='bbox 2014 2328 2068 2371; x_wconf 90' lang='lat' dir='ltr'><strong>et</strong></span> 
     </span>
    </p>
   </div>
   <div class='ocr_carea' id='block_1_26' title="bbox 501 2406 2068 2479">
    <p class='ocr_par' dir='ltr' id='par_1_26' title="bbox 501 2406 2068 2479">
     <span class='ocr_line' id='line_1_26' title="bbox 501 2406 2068 2479; baseline -0.003 -13"><span class='ocrx_word' id='word_1_181' title='bbox 501 2411 568 2465; x_wconf 85' lang='lat' dir='ltr'><strong>ad</strong></span> <span class='ocrx_word' id='word_1_182' title='bbox 618 2411 694 2478; x_wconf 88' lang='lat' dir='ltr'><strong>id,</strong></span> <span class='ocrx_word' id='word_1_183' title='bbox 728 2410 873 2479; x_wconf 91' lang='lat' dir='ltr'><strong>quod</strong></span> <span class='ocrx_word' id='word_1_184' title='bbox 919 2410 1037 2463; x_wconf 89' lang='lat' dir='ltr'><strong>lieri</strong></span> <span class='ocrx_word' id='word_1_185' title='bbox 1081 2415 1312 2478; x_wconf 88' lang='lat' dir='ltr'><strong>oportet,</strong></span> <span class='ocrx_word' id='word_1_186' title='bbox 1347 2407 1635 2474; x_wconf 90' lang='lat' dir='ltr'><strong>adductus,</strong></span> <span class='ocrx_word' id='word_1_187' title='bbox 1668 2408 1791 2477; x_wconf 90' lang='lat' dir='ltr'><strong>pius</strong></span> <span class='ocrx_word' id='word_1_188' title='bbox 1839 2416 1923 2463; x_wconf 87' lang='lat' dir='ltr'><strong>est</strong></span> <span class='ocrx_word' id='word_1_189' title='bbox 1971 2406 2068 2462; x_wconf 91' lang='lat' dir='ltr'><strong>Dei</strong></span> 
     </span>
    </p>
   </div>
   <div class='ocr_carea' id='block_1_27' title="bbox 501 2497 2067 2571">
    <p class='ocr_par' dir='ltr' id='par_1_27' title="bbox 501 2497 2067 2571">
     <span class='ocr_line' id='line_1_27' title="bbox 501 2497 2067 2571; baseline -0.001 -14"><span class='ocrx_word' id='word_1_190' title='bbox 501 2502 695 2557; x_wconf 85' lang='lat' dir='ltr'><strong>cultor.</strong></span> <span class='ocrx_word' id='word_1_191' title='bbox 734 2497 889 2554; x_wconf 91' lang='lat' dir='ltr'><strong>Unde</strong></span> <span class='ocrx_word' id='word_1_192' title='bbox 922 2514 1021 2555; x_wconf 89' lang='lat' dir='ltr'><strong>nec</strong></span> <span class='ocrx_word' id='word_1_193' title='bbox 1050 2499 1095 2553; x_wconf 90' lang='lat' dir='ltr'><strong>si</strong></span> <span class='ocrx_word' id='word_1_194' title='bbox 1128 2514 1223 2568; x_wconf 88' lang='lat' dir='ltr'><strong>per</strong></span> <span class='ocrx_word' id='word_1_195' title='bbox 1254 2498 1577 2570; x_wconf 87' lang='lat' dir='ltr'><strong>bypothesin</strong></span> <span class='ocrx_word' id='word_1_196' title='bbox 1610 2516 1640 2554; x_wconf 92' lang='lat' dir='ltr'><strong>a</strong></span> <span class='ocrx_word' id='word_1_197' title='bbox 1685 2500 1797 2555; x_wconf 91' lang='lat' dir='ltr'><strong>Deo</strong></span> <span class='ocrx_word' id='word_1_198' title='bbox 1840 2516 2067 2571; x_wconf 64' lang='lat' dir='ltr'><strong>accepe«</strong></span> 
     </span>
    </p>
   </div>
   <div class='ocr_carea' id='block_1_28' title="bbox 503 2587 2066 2662">
    <p class='ocr_par' dir='ltr' id='par_1_28' title="bbox 503 2587 2066 2662">
     <span class='ocr_line' id='line_1_28' title="bbox 503 2587 2066 2662; baseline 0.001 -18"><span class='ocrx_word' id='word_1_199' title='bbox 503 2594 572 2646; x_wconf 68' lang='lat' dir='ltr'><strong>rit</strong></span> <span class='ocrx_word' id='word_1_200' title='bbox 621 2599 940 2661; x_wconf 90' lang='lat' dir='ltr'><strong>potestatem</strong></span> <span class='ocrx_word' id='word_1_201' title='bbox 996 2587 1230 2644; x_wconf 78' lang='lat' dir='ltr'><strong>faciendi</strong></span> <span class='ocrx_word' id='word_1_202' title='bbox 1293 2605 1378 2653; x_wconf 89' lang='lat' dir='ltr'><strong>ea,</strong></span> <span class='ocrx_word' id='word_1_203' title='bbox 1419 2606 1542 2662; x_wconf 83' lang='lat' dir='ltr'><strong>quae</strong></span> <span class='ocrx_word' id='word_1_204' title='bbox 1592 2600 1720 2647; x_wconf 89' lang='lat' dir='ltr'><strong>sunt</strong></span> <span class='ocrx_word' id='word_1_205' title='bbox 1770 2592 2066 2661; x_wconf 87' lang='lat' dir='ltr'><strong>prohibita,</strong></span> 
     </span>
    </p>
   </div>
   <div class='ocr_carea' id='block_1_29' title="bbox 501 2676 2069 2755">
    <p class='ocr_par' dir='ltr' id='par_1_29' title="bbox 501 2676 2069 2755">
     <span class='ocr_line' id='line_1_29' title="bbox 501 2676 2069 2755; baseline 0.002 -18"><span class='ocrx_word' id='word_1_206' title='bbox 501 2676 638 2740; x_wconf 68' lang='lat' dir='ltr'><strong>citra</strong></span> <span class='ocrx_word' id='word_1_207' title='bbox 672 2684 838 2738; x_wconf 89' lang='lat' dir='ltr'><strong>ullam</strong></span> <span class='ocrx_word' id='word_1_208' title='bbox 881 2698 1143 2754; x_wconf 69' lang='lat' dir='ltr'><strong>pmnam;</strong></span> <span class='ocrx_word' id='word_1_209' title='bbox 1179 2699 1357 2754; x_wconf 89' lang='lat' dir='ltr'><strong>neque</strong></span> <span class='ocrx_word' id='word_1_210' title='bbox 1389 2685 1435 2739; x_wconf 90' lang='lat' dir='ltr'><strong>si</strong></span> <span class='ocrx_word' id='word_1_211' title='bbox 1468 2694 1751 2755; x_wconf 90' lang='lat' dir='ltr'><strong>propterea</strong></span> <span class='ocrx_word' id='word_1_212' title='bbox 1787 2685 2069 2740; x_wconf 85' lang='lat' dir='ltr'><strong>beatorum</strong></span> 
     </span>
    </p>
   </div>
   <div class='ocr_carea' id='block_1_30' title="bbox 503 2778 2067 2850">
    <p class='ocr_par' dir='ltr' id='par_1_30' title="bbox 503 2778 2067 2850">
     <span class='ocr_line' id='line_1_30' title="bbox 503 2778 2067 2850; baseline 0.003 -18"><span class='ocrx_word' id='word_1_213' title='bbox 503 2780 644 2834; x_wconf 84' lang='lat' dir='ltr'><strong>bona</strong></span> <span class='ocrx_word' id='word_1_214' title='bbox 678 2787 1033 2850; x_wconf 90' lang='lat' dir='ltr'><strong>accepturum</strong></span> <span class='ocrx_word' id='word_1_215' title='bbox 1064 2794 1188 2834; x_wconf 91' lang='lat' dir='ltr'><strong>eum</strong></span> <span class='ocrx_word' id='word_1_216' title='bbox 1220 2793 1365 2847; x_wconf 89' lang='lat' dir='ltr'><strong>esse,</strong></span> <span class='ocrx_word' id='word_1_217' title='bbox 1396 2778 1448 2833; x_wconf 90' lang='lat' dir='ltr'><strong>ei</strong></span> <span class='ocrx_word' id='word_1_218' title='bbox 1479 2779 1809 2847; x_wconf 87' lang='lat' dir='ltr'><strong>promissum</strong></span> <span class='ocrx_word' id='word_1_219' title='bbox 1860 2779 2026 2835; x_wconf 80' lang='lat' dir='ltr'><strong>fuerit</strong></span> <span class='ocrx_word' id='word_1_220' title='bbox 2053 2800 2067 2848; x_wconf 92' lang='lat'><strong>;</strong></span> 
     </span>
    </p>
   </div>
   <div class='ocr_carea' id='block_1_31' title="bbox 502 2870 2068 2947">
    <p class='ocr_par' dir='ltr' id='par_1_31' title="bbox 502 2870 2068 2947">
     <span class='ocr_line' id='line_1_31' title="bbox 502 2870 2068 2947; baseline 0.001 -21"><span class='ocrx_word' id='word_1_221' title='bbox 502 2871 597 2926; x_wconf 76' lang='lat' dir='ltr'><strong>sed</strong></span> <span class='ocrx_word' id='word_1_222' title='bbox 644 2887 746 2927; x_wconf 92' lang='lat' dir='ltr'><strong>nec</strong></span> <span class='ocrx_word' id='word_1_223' title='bbox 778 2871 826 2927; x_wconf 88' lang='lat' dir='ltr'><strong>si</strong></span> <span class='ocrx_word' id='word_1_224' title='bbox 856 2887 1180 2947; x_wconf 87' lang='lat' dir='ltr'><strong>persuasum</strong></span> <span class='ocrx_word' id='word_1_225' title='bbox 1212 2871 1465 2926; x_wconf 86' lang='lat' dir='ltr'><strong>habuerit</strong></span> <span class='ocrx_word' id='word_1_226' title='bbox 1496 2870 1635 2936; x_wconf 85' lang='lat' dir='ltr'><strong>fore,</strong></span> <span class='ocrx_word' id='word_1_227' title='bbox 1672 2880 1733 2925; x_wconf 88' lang='lat' dir='ltr'><strong>ut</strong></span> <span class='ocrx_word' id='word_1_228' title='bbox 1766 2871 1935 2927; x_wconf 90' lang='lat' dir='ltr'><strong>Deum</strong></span> <span class='ocrx_word' id='word_1_229' title='bbox 1986 2875 2068 2929; x_wconf 91' lang='lat' dir='ltr'><strong>la-</strong></span> 
     </span>
    </p>
   </div>
   <div class='ocr_carea' id='block_1_32' title="bbox 2172 568 3749 640">
    <p class='ocr_par' dir='ltr' id='par_1_32' title="bbox 2172 568 3749 640">
     <span class='ocr_line' id='line_1_32' title="bbox 2172 568 3749 640; baseline 0.007 -18"><span class='ocrx_word' id='word_1_230' title='bbox 2172 568 2442 635; x_wconf 75' lang='grc' dir='ltr'><strong>ἐλπονται,</strong></span> <span class='ocrx_word' id='word_1_231' title='bbox 2481 569 2602 625; x_wconf 85' lang='grc' dir='ltr'><strong>οὐδὲ</strong></span> <span class='ocrx_word' id='word_1_232' title='bbox 2652 570 2947 625; x_wconf 82' lang='grc' dir='ltr'><strong>δοκέουσιν.</strong></span> <span class='ocrx_word' id='word_1_233' title='bbox 2994 569 3167 637; x_wconf 86' lang='grc' dir='ltr'><strong>Θείως</strong></span> <span class='ocrx_word' id='word_1_234' title='bbox 3198 570 3293 629; x_wconf 83' lang='grc' dir='ltr'><strong>οὖν</strong></span> <span class='ocrx_word' id='word_1_235' title='bbox 3322 577 3353 627; x_wconf 99' lang='lat'><strong>6</strong></span> <span class='ocrx_word' id='word_1_236' title='bbox 3376 575 3594 640; x_wconf 77' lang='grc' dir='ltr'><strong>Παῦλος</strong></span> <span class='ocrx_word' id='word_1_237' title='bbox 3620 576 3749 633; x_wconf 81' lang='grc' dir='ltr'><strong>Ῥω-</strong></span> 
     </span>
    </p>
   </div>
   <div class='ocr_carea' id='block_1_33' title="bbox 2174 664 3746 743">
    <p class='ocr_par' dir='ltr' id='par_1_33' title="bbox 2174 664 3746 743">
     <span class='ocr_line' id='line_1_33' title="bbox 2174 664 3746 743; baseline 0.004 -26"><span class='ocrx_word' id='word_1_238' title='bbox 2174 664 2356 734; x_wconf 87' lang='grc' dir='ltr'><strong>μαίοις</strong></span> <span class='ocrx_word' id='word_1_239' title='bbox 2400 664 2657 737; x_wconf 80' lang='grc' dir='ltr'><strong>ἄντικρυς</strong></span> <span class='ocrx_word' id='word_1_240' title='bbox 2701 665 3022 720; x_wconf 91' lang='grc' dir='ltr'><strong>ἐπιστέλλει·</strong></span> <span class='ocrx_word' id='word_1_241' title='bbox 3064 685 3085 719; x_wconf 81' lang='lat'><strong>¢</strong></span> <span class='ocrx_word' id='word_1_242' title='bbox 3136 667 3202 720; x_wconf 85' lang='grc' dir='ltr'><strong>Ἦ</strong></span> <span class='ocrx_word' id='word_1_243' title='bbox 3245 666 3426 738; x_wconf 70' lang='grc' dir='ltr'><strong>θλίψις</strong></span> <span class='ocrx_word' id='word_1_244' title='bbox 3471 669 3746 743; x_wconf 73' lang='grc' dir='ltr'><strong>ὑπομονὴν</strong></span> 
     </span>
    </p>
   </div>
   <div class='ocr_carea' id='block_1_34' title="bbox 2171 755 3744 834">
    <p class='ocr_par' dir='ltr' id='par_1_34' title="bbox 2171 755 3744 834">
     <span class='ocr_line' id='line_1_34' title="bbox 2171 755 3744 834; baseline 0.003 -24"><span class='ocrx_word' id='word_1_245' title='bbox 2171 755 2583 826; x_wconf 82' lang='grc' dir='ltr'><strong>κατεργάζεται,</strong></span> <span class='ocrx_word' id='word_1_246' title='bbox 2618 758 2653 828; x_wconf 87' lang='grc' dir='ltr'>ἡ</span> <span class='ocrx_word' id='word_1_247' title='bbox 2693 756 2750 810; x_wconf 87' lang='grc' dir='ltr'><strong>δέ</strong></span> <span class='ocrx_word' id='word_1_248' title='bbox 2786 757 3029 832; x_wconf 83' lang='grc' dir='ltr'><strong>ὑπομονὴ</strong></span> <span class='ocrx_word' id='word_1_249' title='bbox 3064 758 3313 831; x_wconf 79' lang='grc' dir='ltr'><strong>δοκιμὴν,</strong></span> <span class='ocrx_word' id='word_1_250' title='bbox 3360 762 3395 832; x_wconf 75' lang='grc' dir='ltr'>ἡ</span> <span class='ocrx_word' id='word_1_251' title='bbox 3451 759 3511 813; x_wconf 84' lang='grc' dir='ltr'><strong>δὲ</strong></span> <span class='ocrx_word' id='word_1_252' title='bbox 3553 760 3744 834; x_wconf 76' lang='grc' dir='ltr'><strong>δοκιμὴ</strong></span> 
     </span>
    </p>
   </div>
   <div class='ocr_carea' id='block_1_35' title="bbox 2171 849 3748 926">
    <p class='ocr_par' dir='ltr' id='par_1_35' title="bbox 2171 849 3748 926">
     <span class='ocr_line' id='line_1_35' title="bbox 2171 849 3748 926; baseline 0.004 -24"><span class='ocrx_word' id='word_1_253' title='bbox 2171 849 2396 904; x_wconf 84' lang='grc' dir='ltr'><strong>ἐλπίδα·</strong></span> <span class='ocrx_word' id='word_1_254' title='bbox 2434 852 2468 922; x_wconf 81' lang='grc' dir='ltr'>ἡ</span> <span class='ocrx_word' id='word_1_255' title='bbox 2501 849 2559 903; x_wconf 83' lang='grc' dir='ltr'><strong>δὲ</strong></span> <span class='ocrx_word' id='word_1_256' title='bbox 2592 850 2749 915; x_wconf 75' lang='grc' dir='ltr'><strong>ἐλπὶς</strong></span> <span class='ocrx_word' id='word_1_257' title='bbox 2785 852 2846 905; x_wconf 84' lang='grc' dir='ltr'><strong>οὐ</strong></span> <span class='ocrx_word' id='word_1_258' title='bbox 2882 851 3254 923; x_wconf 83' lang='grc' dir='ltr'><strong>καταισχύνει,</strong></span> <span class='ocrx_word' id='word_1_259' title='bbox 3291 872 3310 905; x_wconf 75' lang='grc' dir='ltr'><strong>ι</strong></span> <span class='ocrx_word' id='word_1_260' title='bbox 3341 852 3410 906; x_wconf 87' lang='grc' dir='ltr'><strong>δι’</strong></span> <span class='ocrx_word' id='word_1_261' title='bbox 3436 853 3633 908; x_wconf 81' lang='grc' dir='ltr'><strong>ἐλπίδα</strong></span> <span class='ocrx_word' id='word_1_262' title='bbox 3655 855 3748 926; x_wconf 74' lang='grc' dir='ltr'><strong>μὲν</strong></span> 
     </span>
    </p>
   </div>
   <div class='ocr_carea' id='block_1_36' title="bbox 2171 940 3748 1018">
    <p class='ocr_par' dir='ltr' id='par_1_36' title="bbox 2171 940 3748 1018">
     <span class='ocr_line' id='line_1_36' title="bbox 2171 940 3748 1018; baseline 0.003 -22"><span class='ocrx_word' id='word_1_263' title='bbox 2171 940 2279 1014; x_wconf 83' lang='grc' dir='ltr'><strong>γὰρ</strong></span> <span class='ocrx_word' id='word_1_264' title='bbox 2310 940 2406 1014; x_wconf 80' lang='grc' dir='ltr'><strong>τὴν</strong></span> <span class='ocrx_word' id='word_1_265' title='bbox 2446 942 2746 1013; x_wconf 86' lang='grc' dir='ltr'><strong>μέλλουσαν</strong></span> <span class='ocrx_word' id='word_1_266' title='bbox 2780 945 2816 1016; x_wconf 80' lang='grc' dir='ltr'>ἡ</span> <span class='ocrx_word' id='word_1_267' title='bbox 2852 945 3119 1017; x_wconf 75' lang='grc' dir='ltr'><strong>ὑπομονὴ.</strong></span> <span class='ocrx_word' id='word_1_268' title='bbox 3160 945 3344 1010; x_wconf 79' lang='grc' dir='ltr'><strong>Ἐλπὶς</strong></span> <span class='ocrx_word' id='word_1_269' title='bbox 3368 944 3485 1018; x_wconf 77' lang='grc'>(25)</span> <span class='ocrx_word' id='word_1_270' title='bbox 3514 946 3574 1000; x_wconf 80' lang='grc' dir='ltr'><strong>δὲ</strong></span> <span class='ocrx_word' id='word_1_271' title='bbox 3607 949 3748 1017; x_wconf 78' lang='grc' dir='ltr'><strong>ὀμω-</strong></span> 
     </span>
    </p>
   </div>
   <div class='ocr_carea' id='block_1_37' title="bbox 2171 1032 3747 1106">
    <p class='ocr_par' dir='ltr' id='par_1_37' title="bbox 2171 1032 3747 1106">
     <span class='ocr_line' id='line_1_37' title="bbox 2171 1032 3747 1106; baseline 0.003 -20"><span class='ocrx_word' id='word_1_272' title='bbox 2171 1032 2357 1105; x_wconf 83' lang='grc' dir='ltr'><strong>νύμως</strong></span> <span class='ocrx_word' id='word_1_273' title='bbox 2389 1034 2484 1087; x_wconf 75' lang='grc' dir='ltr'><strong>καὶ</strong></span> <span class='ocrx_word' id='word_1_274' title='bbox 2515 1036 2550 1106; x_wconf 78' lang='grc' dir='ltr'>ἠ</span> <span class='ocrx_word' id='word_1_275' title='bbox 2584 1033 2687 1106; x_wconf 85' lang='grc' dir='ltr'><strong>τῆς</strong></span> <span class='ocrx_word' id='word_1_276' title='bbox 2724 1033 2935 1100; x_wconf 78' lang='grc' dir='ltr'><strong>ἐλπίδος</strong></span> <span class='ocrx_word' id='word_1_277' title='bbox 2973 1036 3228 1101; x_wconf 81' lang='grc' dir='ltr'><strong>ἀπόδοσίς</strong></span> <span class='ocrx_word' id='word_1_278' title='bbox 3253 1053 3313 1089; x_wconf 89' lang='grc' dir='ltr'><strong>τε</strong></span> <span class='ocrx_word' id='word_1_279' title='bbox 3352 1038 3446 1090; x_wconf 70' lang='grc' dir='ltr'><strong>καὶ</strong></span> <span class='ocrx_word' id='word_1_280' title='bbox 3472 1037 3747 1091; x_wconf 80' lang='grc' dir='ltr'><strong>ἀποκατά-</strong></span> 
     </span>
    </p>
   </div>
   <div class='ocr_carea' id='block_1_38' title="bbox 2173 1114 3743 1198">
    <p class='ocr_par' dir='ltr' id='par_1_38' title="bbox 2173 1114 3743 1198">
     <span class='ocr_line' id='line_1_38' title="bbox 2173 1114 3743 1198; baseline -0.002 -17"><span class='ocrx_word' id='word_1_281' title='bbox 2173 1142 2376 1191; x_wconf 71' lang='grc' dir='ltr'><strong>στασιςο</strong></span> <span class='ocrx_word' id='word_1_282' title='bbox 2465 1128 2557 1181; x_wconf 74' lang='grc' dir='ltr'><strong>καὶ</strong></span> <span class='ocrx_word' id='word_1_283' title='bbox 2591 1145 2609 1177; x_wconf 73' lang='grc' dir='ltr'><strong>ι</strong></span> <span class='ocrx_word' id='word_1_284' title='bbox 2630 1127 2691 1180; x_wconf 76' lang='grc' dir='ltr'><strong>οὐ</strong></span> <span class='ocrx_word' id='word_1_285' title='bbox 2710 1126 3080 1198; x_wconf 83' lang='grc' dir='ltr'><strong>καταισχύνει,</strong></span> <span class='ocrx_word' id='word_1_286' title='bbox 3107 1146 3126 1178; x_wconf 74' lang='grc' dir='ltr'><strong>ι</strong></span> <span class='ocrx_word' id='word_1_287' title='bbox 3258 1125 3627 1196; x_wconf 77' lang='grc' dir='ltr'><strong>ὀνειδιζομένη</strong></span> <span class='ocrx_word' id='word_1_288' title='bbox 3651 1125 3743 1179; x_wconf 74' lang='grc' dir='ltr'><strong>ἔτι.</strong></span> 
     </span>
    </p>
   </div>
   <div class='ocr_carea' id='block_1_39' title="bbox 2184 1214 3746 1289">
    <p class='ocr_par' dir='ltr' id='par_1_39' title="bbox 2184 1214 3746 1289">
     <span class='ocr_line' id='line_1_39' title="bbox 2184 1214 3746 1289; baseline -0.001 -18"><span class='ocrx_word' id='word_1_289' title='bbox 2184 1218 2240 1271; x_wconf 85' lang='lat'><strong>&#39;0</strong></span> <span class='ocrx_word' id='word_1_290' title='bbox 2260 1218 2317 1271; x_wconf 81' lang='grc' dir='ltr'><strong>δὲ</strong></span> <span class='ocrx_word' id='word_1_291' title='bbox 2337 1216 2463 1289; x_wconf 76' lang='grc' dir='ltr'><strong>ψιλῇ</strong></span> <span class='ocrx_word' id='word_1_292' title='bbox 2496 1217 2707 1288; x_wconf 81' lang='grc' dir='ltr'><strong>κλήσει,</strong></span> <span class='ocrx_word' id='word_1_293' title='bbox 2730 1216 2864 1270; x_wconf 89' lang='grc' dir='ltr'><strong>καθὸ</strong></span> <span class='ocrx_word' id='word_1_294' title='bbox 2883 1217 3161 1287; x_wconf 83' lang='grc' dir='ltr'><strong>κέκληται,</strong></span> <span class='ocrx_word' id='word_1_295' title='bbox 3187 1215 3479 1270; x_wconf 75' lang='grc' dir='ltr'><strong>ὑπακούων</strong></span> <span class='ocrx_word' id='word_1_296' title='bbox 3514 1214 3640 1269; x_wconf 72' lang='grc' dir='ltr'><strong>οὗτε</strong></span> <span class='ocrx_word' id='word_1_297' title='bbox 3665 1214 3746 1269; x_wconf 84' lang='grc' dir='ltr'><strong>διά</strong></span> 
     </span>
    </p>
   </div>
   <div class='ocr_carea' id='block_1_40' title="bbox 2174 1305 3745 1381">
    <p class='ocr_par' dir='ltr' id='par_1_40' title="bbox 2174 1305 3745 1381">
     <span class='ocr_line' id='line_1_40' title="bbox 2174 1305 3745 1381; baseline -0.002 -19"><span class='ocrx_word' id='word_1_298' title='bbox 2174 1309 2335 1381; x_wconf 76' lang='grc' dir='ltr'><strong>φόϐον</strong></span> <span class='ocrx_word' id='word_1_299' title='bbox 2374 1309 2496 1363; x_wconf 72' lang='grc' dir='ltr'><strong>οὔτε</strong></span> <span class='ocrx_word' id='word_1_300' title='bbox 2526 1308 2616 1362; x_wconf 86' lang='grc' dir='ltr'><strong>διὰ</strong></span> <span class='ocrx_word' id='word_1_301' title='bbox 2646 1307 2838 1380; x_wconf 78' lang='grc' dir='ltr'><strong>ἡδονὰς</strong></span> <span class='ocrx_word' id='word_1_302' title='bbox 2875 1309 2967 1362; x_wconf 72' lang='grc' dir='ltr'><strong>ἐπὶ</strong></span> <span class='ocrx_word' id='word_1_303' title='bbox 2991 1309 3089 1380; x_wconf 82' lang='grc' dir='ltr'><strong>τὴν</strong></span> <span class='ocrx_word' id='word_1_304' title='bbox 3115 1307 3315 1375; x_wconf 84' lang='grc' dir='ltr'><strong>γνῶσιν</strong></span> <span class='ocrx_word' id='word_1_305' title='bbox 3342 1308 3506 1360; x_wconf 76' lang='grc' dir='ltr'><strong>τεταιο</strong></span> <span class='ocrx_word' id='word_1_306' title='bbox 3542 1307 3606 1359; x_wconf 79' lang='grc' dir='ltr'><strong>οὐ</strong></span> <span class='ocrx_word' id='word_1_307' title='bbox 3642 1305 3745 1377; x_wconf 80' lang='grc' dir='ltr'><strong>γὰρ</strong></span> 
     </span>
    </p>
   </div>
   <div class='ocr_carea' id='block_1_41' title="bbox 2172 1397 3747 1475">
    <p class='ocr_par' dir='ltr' id='par_1_41' title="bbox 2172 1397 3747 1475">
     <span class='ocr_line' id='line_1_41' title="bbox 2172 1397 3747 1475; baseline -0.003 -20"><span class='ocrx_word' id='word_1_308' title='bbox 2172 1401 2612 1475; x_wconf 80' lang='grc' dir='ltr'><strong>περισκέπτεται,</strong></span> <span class='ocrx_word' id='word_1_309' title='bbox 2660 1400 2713 1453; x_wconf 77' lang='grc' dir='ltr'><strong>εἴ</strong></span> <span class='ocrx_word' id='word_1_310' title='bbox 2728 1419 2781 1454; x_wconf 88' lang='grc' dir='ltr'><strong>τι</strong></span> <span class='ocrx_word' id='word_1_311' title='bbox 2804 1399 3077 1464; x_wconf 81' lang='grc' dir='ltr'><strong>λυσιτελὲς</strong></span> <span class='ocrx_word' id='word_1_312' title='bbox 3114 1399 3309 1464; x_wconf 74' lang='grc' dir='ltr'><strong>ἔξωθεν</strong></span> <span class='ocrx_word' id='word_1_313' title='bbox 3345 1399 3540 1452; x_wconf 76' lang='grc' dir='ltr'><strong>ἕπεται</strong></span> <span class='ocrx_word' id='word_1_314' title='bbox 3564 1397 3747 1466; x_wconf 82' lang='grc' dir='ltr'><strong>κέρδος</strong></span> 
     </span>
    </p>
   </div>
   <div class='ocr_carea' id='block_1_42' title="bbox 2171 1490 3747 1568">
    <p class='ocr_par' dir='ltr' id='par_1_42' title="bbox 2171 1490 3747 1568">
     <span class='ocr_line' id='line_1_42' title="bbox 2171 1490 3747 1568; baseline -0.004 -19"><span class='ocrx_word' id='word_1_315' title='bbox 2171 1494 2205 1568; x_wconf 78' lang='grc' dir='ltr'>ἢ</span> <span class='ocrx_word' id='word_1_316' title='bbox 2247 1494 2542 1558; x_wconf 83' lang='grc' dir='ltr'><strong>ἀπόλαυσις</strong></span> <span class='ocrx_word' id='word_1_317' title='bbox 2570 1493 2683 1567; x_wconf 71' lang='grc'>(26)</span> <span class='ocrx_word' id='word_1_318' title='bbox 2716 1493 2861 1565; x_wconf 75' lang='grc' dir='ltr'><strong>αὐτῷ</strong></span> <span class='ocrx_word' id='word_1_319' title='bbox 2882 1510 2894 1523; x_wconf 89' lang='grc'><strong>·</strong></span> <span class='ocrx_word' id='word_1_320' title='bbox 2941 1493 3128 1566; x_wconf 81' lang='grc' dir='ltr'><strong>ἀγάπῃ</strong></span> <span class='ocrx_word' id='word_1_321' title='bbox 3172 1492 3229 1546; x_wconf 86' lang='grc' dir='ltr'><strong>δὲ</strong></span> <span class='ocrx_word' id='word_1_322' title='bbox 3256 1492 3350 1545; x_wconf 82' lang='grc' dir='ltr'><strong>τοῦ</strong></span> <span class='ocrx_word' id='word_1_323' title='bbox 3384 1491 3557 1555; x_wconf 75' lang='grc' dir='ltr'><strong>ὅντως</strong></span> <span class='ocrx_word' id='word_1_324' title='bbox 3600 1490 3747 1553; x_wconf 71' lang='grc' dir='ltr'><strong>ὄντος</strong></span> 
     </span>
    </p>
   </div>
   <div class='ocr_carea' id='block_1_43' title="bbox 2172 1579 3749 1658">
    <p class='ocr_par' dir='ltr' id='par_1_43' title="bbox 2172 1579 3749 1658">
     <span class='ocr_line' id='line_1_43' title="bbox 2172 1579 3749 1658; baseline -0.005 -19"><span class='ocrx_word' id='word_1_325' title='bbox 2172 1584 2397 1658; x_wconf 75' lang='grc' dir='ltr'><strong>ἐραστοῦ</strong></span> <span class='ocrx_word' id='word_1_326' title='bbox 2425 1584 2729 1655; x_wconf 75' lang='grc' dir='ltr'><strong>ἑλκόμενος,</strong></span> <span class='ocrx_word' id='word_1_327' title='bbox 2758 1584 2850 1636; x_wconf 73' lang='grc' dir='ltr'><strong>καὶ</strong></span> <span class='ocrx_word' id='word_1_328' title='bbox 2873 1582 3006 1654; x_wconf 83' lang='grc' dir='ltr'><strong>πρὸς</strong></span> <span class='ocrx_word' id='word_1_329' title='bbox 3038 1582 3098 1635; x_wconf 89' lang='grc' dir='ltr'><strong>τὸ</strong></span> <span class='ocrx_word' id='word_1_330' title='bbox 3118 1582 3234 1636; x_wconf 79' lang='grc' dir='ltr'><strong>δέον</strong></span> <span class='ocrx_word' id='word_1_331' title='bbox 3261 1582 3549 1652; x_wconf 79' lang='grc' dir='ltr'><strong>ἀγόμενος,</strong></span> <span class='ocrx_word' id='word_1_332' title='bbox 3574 1579 3749 1632; x_wconf 80' lang='grc' dir='ltr'><strong>θεοσε-</strong></span> 
     </span>
    </p>
   </div>
   <div class='ocr_carea' id='block_1_44' title="bbox 2172 1671 3747 1744">
    <p class='ocr_par' dir='ltr' id='par_1_44' title="bbox 2172 1671 3747 1744">
     <span class='ocr_line' id='line_1_44' title="bbox 2172 1671 3747 1744; baseline -0.003 -14"><span class='ocrx_word' id='word_1_333' title='bbox 2172 1677 2276 1732; x_wconf 79' lang='grc' dir='ltr'><strong>ϐεῖ.</strong></span> <span class='ocrx_word' id='word_1_334' title='bbox 2315 1678 2474 1732; x_wconf 84' lang='grc' dir='ltr'><strong>Ὅθεν</strong></span> <span class='ocrx_word' id='word_1_335' title='bbox 2500 1677 2606 1730; x_wconf 81' lang='grc' dir='ltr'><strong>οὐδ’</strong></span> <span class='ocrx_word' id='word_1_336' title='bbox 2638 1679 2687 1730; x_wconf 77' lang='grc' dir='ltr'><strong>εἰ</strong></span> <span class='ocrx_word' id='word_1_337' title='bbox 2721 1676 2842 1731; x_wconf 87' lang='grc' dir='ltr'><strong>καθ’</strong></span> <span class='ocrx_word' id='word_1_338' title='bbox 2872 1676 3124 1729; x_wconf 82' lang='grc' dir='ltr'><strong>ὑπόθεσιν</strong></span> <span class='ocrx_word' id='word_1_339' title='bbox 3155 1674 3403 1742; x_wconf 79' lang='grc' dir='ltr'><strong>ἐξουσίαν</strong></span> <span class='ocrx_word' id='word_1_340' title='bbox 3418 1672 3575 1727; x_wconf 81' lang='grc' dir='ltr'><strong>λάὸοι</strong></span> 
     </span>
    </p>
   </div>
   <div class='ocr_carea' id='block_1_45' title="bbox 2171 1766 3747 1842">
    <p class='ocr_par' dir='ltr' id='par_1_45' title="bbox 2171 1766 3747 1842">
     <span class='ocr_line' id='line_1_45' title="bbox 2171 1766 3747 1842; baseline -0.004 -16"><span class='ocrx_word' id='word_1_341' title='bbox 2171 1772 2266 1827; x_wconf 74' lang='grc' dir='ltr'><strong>τοῦ</strong></span> <span class='ocrx_word' id='word_1_342' title='bbox 2287 1771 2422 1826; x_wconf 82' lang='grc' dir='ltr'><strong>Θεοῦ</strong></span> <span class='ocrx_word' id='word_1_343' title='bbox 2455 1770 2715 1842; x_wconf 86' lang='grc' dir='ltr'><strong>πράττειν</strong></span> <span class='ocrx_word' id='word_1_344' title='bbox 2747 1769 2816 1824; x_wconf 81' lang='grc' dir='ltr'><strong>τὰ</strong></span> <span class='ocrx_word' id='word_1_345' title='bbox 2837 1770 3281 1842; x_wconf 77' lang='grc' dir='ltr'><strong>ἀπηγορευμένα,</strong></span> <span class='ocrx_word' id='word_1_346' title='bbox 3318 1766 3672 1839; x_wconf 74' lang='grc' dir='ltr'><strong>ἀτιμώρητός</strong></span> <span class='ocrx_word' id='word_1_347' title='bbox 3690 1783 3747 1819; x_wconf 79' lang='grc' dir='ltr'><strong>τε</strong></span> 
     </span>
    </p>
   </div>
   <div class='ocr_carea' id='block_1_46' title="bbox 2169 1859 3746 1943">
    <p class='ocr_par' dir='ltr' id='par_1_46' title="bbox 2169 1859 3746 1943">
     <span class='ocr_line' id='line_1_46' title="bbox 2169 1859 3746 1943; baseline -0.004 -25"><span class='ocrx_word' id='word_1_348' title='bbox 2169 1864 2263 1930; x_wconf 84' lang='grc' dir='ltr'><strong>ὢν,</strong></span> <span class='ocrx_word' id='word_1_349' title='bbox 2306 1864 2477 1918; x_wconf 78' lang='grc' dir='ltr'><strong>οὐδἐί</strong></span> <span class='ocrx_word' id='word_1_350' title='bbox 2500 1866 2593 1919; x_wconf 76' lang='grc' dir='ltr'><strong>καὶ</strong></span> <span class='ocrx_word' id='word_1_351' title='bbox 2623 1863 2809 1943; x_wconf 84' lang='grc' dir='ltr'><strong>μισθὸν</strong></span> <span class='ocrx_word' id='word_1_352' title='bbox 2840 1863 2910 1917; x_wconf 84' lang='grc' dir='ltr'><strong>τὰ</strong></span> <span class='ocrx_word' id='word_1_353' title='bbox 2957 1864 3218 1935; x_wconf 75' lang='grc' dir='ltr'><strong>μακάρων</strong></span> <span class='ocrx_word' id='word_1_354' title='bbox 3265 1861 3444 1930; x_wconf 83' lang='grc' dir='ltr'><strong>ἀγαθά</strong></span> <span class='ocrx_word' id='word_1_355' title='bbox 3483 1859 3746 1932; x_wconf 60' lang='grc' dir='ltr'><strong>λήψεσθαι</strong></span> 
     </span>
    </p>
   </div>
   <div class='ocr_carea' id='block_1_47' title="bbox 2169 1950 3747 2024">
    <p class='ocr_par' dir='ltr' id='par_1_47' title="bbox 2169 1950 3747 2024">
     <span class='ocr_line' id='line_1_47' title="bbox 2169 1950 3747 2024; baseline -0.004 -16"><span class='ocrx_word' id='word_1_356' title='bbox 2169 1955 2261 2008; x_wconf 78' lang='grc' dir='ltr'><strong>ἐπὶ</strong></span> <span class='ocrx_word' id='word_1_357' title='bbox 2292 1953 2467 2007; x_wconf 85' lang='grc' dir='ltr'><strong>τοῖσδε</strong></span> <span class='ocrx_word' id='word_1_358' title='bbox 2507 1953 2840 2023; x_wconf 83' lang='grc' dir='ltr'><strong>ἐπαγγελίαν</strong></span> <span class='ocrx_word' id='word_1_359' title='bbox 2876 1951 3189 2024; x_wconf 80' lang='grc' dir='ltr'><strong>προσλάϐοι,</strong></span> <span class='ocrx_word' id='word_1_360' title='bbox 3230 1950 3343 2005; x_wconf 83' lang='grc' dir='ltr'><strong>ἀλλ’</strong></span> <span class='ocrx_word' id='word_1_361' title='bbox 3371 1952 3420 2003; x_wconf 80' lang='grc' dir='ltr'><strong>εἰ</strong></span> <span class='ocrx_word' id='word_1_362' title='bbox 3457 1951 3556 2004; x_wconf 69' lang='grc' dir='ltr'><strong>καὶ</strong></span> <span class='ocrx_word' id='word_1_363' title='bbox 3580 1950 3747 2020; x_wconf 78' lang='grc' dir='ltr'><strong>λήσε-</strong></span> 
     </span>
    </p>
   </div>
   <div class='ocr_carea' id='block_1_48' title="bbox 2172 2039 3748 2117">
    <p class='ocr_par' dir='ltr' id='par_1_48' title="bbox 2172 2039 3748 2117">
     <span class='ocr_line' id='line_1_48' title="bbox 2172 2039 3748 2117; baseline -0.003 -19"><span class='ocrx_word' id='word_1_364' title='bbox 2172 2043 2296 2099; x_wconf 85' lang='grc' dir='ltr'><strong>σθαι</strong></span> <span class='ocrx_word' id='word_1_365' title='bbox 2325 2044 2415 2098; x_wconf 87' lang='grc' dir='ltr'><strong>τὸν</strong></span> <span class='ocrx_word' id='word_1_366' title='bbox 2441 2044 2572 2099; x_wconf 83' lang='grc' dir='ltr'><strong>Θεὸν</strong></span> <span class='ocrx_word' id='word_1_367' title='bbox 2602 2045 2686 2115; x_wconf 72' lang='grc' dir='ltr'><strong>ἐφ’</strong></span> <span class='ocrx_word' id='word_1_368' title='bbox 2715 2039 2797 2109; x_wconf 72' lang='grc' dir='ltr'><strong>οἷς</strong></span> <span class='ocrx_word' id='word_1_369' title='bbox 2830 2044 3058 2117; x_wconf 83' lang='grc' dir='ltr'><strong>πράττει</strong></span> <span class='ocrx_word' id='word_1_370' title='bbox 3092 2043 3337 2114; x_wconf 81' lang='grc' dir='ltr'><strong>πεισθείη</strong></span> <span class='ocrx_word' id='word_1_371' title='bbox 3358 2060 3372 2072; x_wconf 88' lang='grc'><strong>·</strong></span> <span class='ocrx_word' id='word_1_372' title='bbox 3418 2041 3580 2113; x_wconf 82' lang='grc' dir='ltr'><strong>(ὅπερ</strong></span> <span class='ocrx_word' id='word_1_373' title='bbox 3624 2040 3748 2095; x_wconf 77' lang='grc' dir='ltr'><strong>ἀδύ-</strong></span> 
     </span>
    </p>
   </div>
   <div class='ocr_carea' id='block_1_49' title="bbox 2168 2131 3751 2209">
    <p class='ocr_par' dir='ltr' id='par_1_49' title="bbox 2168 2131 3751 2209">
     <span class='ocr_line' id='line_1_49' title="bbox 2168 2131 3751 2209; baseline -0.004 -20"><span class='ocrx_word' id='word_1_374' title='bbox 2168 2136 2375 2204; x_wconf 87' lang='grc' dir='ltr'><strong>νατον·)</strong></span> <span class='ocrx_word' id='word_1_375' title='bbox 2396 2134 2599 2209; x_wconf 80' lang='grc' dir='ltr'><strong>πρᾶξαί</strong></span> <span class='ocrx_word' id='word_1_376' title='bbox 2628 2153 2683 2189; x_wconf 88' lang='grc' dir='ltr'><strong>τι</strong></span> <span class='ocrx_word' id='word_1_377' title='bbox 2718 2135 2868 2207; x_wconf 83' lang='grc' dir='ltr'><strong>παρά</strong></span> <span class='ocrx_word' id='word_1_378' title='bbox 2887 2136 2976 2189; x_wconf 86' lang='grc' dir='ltr'><strong>τὸν</strong></span> <span class='ocrx_word' id='word_1_379' title='bbox 3007 2134 3163 2202; x_wconf 83' lang='grc' dir='ltr'><strong>λόγον</strong></span> <span class='ocrx_word' id='word_1_380' title='bbox 3184 2134 3275 2188; x_wconf 85' lang='grc' dir='ltr'><strong>τὸν</strong></span> <span class='ocrx_word' id='word_1_381' title='bbox 3299 2132 3457 2205; x_wconf 81' lang='grc' dir='ltr'><strong>ὀρθὸν</strong></span> <span class='ocrx_word' id='word_1_382' title='bbox 3493 2131 3751 2203; x_wconf 79' lang='grc' dir='ltr'><strong>ἐθελήσαι</strong></span> 
     </span>
    </p>
   </div>
   <div class='ocr_carea' id='block_1_50' title="bbox 2166 2225 3749 2299">
    <p class='ocr_par' dir='ltr' id='par_1_50' title="bbox 2166 2225 3749 2299">
     <span class='ocr_line' id='line_1_50' title="bbox 2166 2225 3749 2299; baseline -0.002 -18"><span class='ocrx_word' id='word_1_383' title='bbox 2166 2231 2284 2283; x_wconf 83' lang='grc' dir='ltr'><strong>ποτ’</strong></span> <span class='ocrx_word' id='word_1_384' title='bbox 2315 2229 2399 2294; x_wconf 83' lang='grc' dir='ltr'><strong>ἂν,</strong></span> <span class='ocrx_word' id='word_1_385' title='bbox 2436 2228 2496 2283; x_wconf 90' lang='grc' dir='ltr'><strong>τὸ</strong></span> <span class='ocrx_word' id='word_1_386' title='bbox 2518 2229 2686 2292; x_wconf 77' lang='grc' dir='ltr'><strong>ὄντως</strong></span> <span class='ocrx_word' id='word_1_387' title='bbox 2716 2228 2878 2282; x_wconf 87' lang='grc' dir='ltr'><strong>καλὸν</strong></span> <span class='ocrx_word' id='word_1_388' title='bbox 2911 2230 3002 2282; x_wconf 73' lang='grc' dir='ltr'><strong>καὶ</strong></span> <span class='ocrx_word' id='word_1_389' title='bbox 3028 2228 3245 2299; x_wconf 76' lang='grc' dir='ltr'><strong>αἱρετὸν</strong></span> <span class='ocrx_word' id='word_1_390' title='bbox 3282 2226 3340 2295; x_wconf 83' lang='grc' dir='ltr'><strong>ἐξ</strong></span> <span class='ocrx_word' id='word_1_391' title='bbox 3383 2226 3610 2289; x_wconf 73' lang='grc' dir='ltr'><strong>ἑαυτοῦ,</strong></span> <span class='ocrx_word' id='word_1_392' title='bbox 3658 2225 3749 2278; x_wconf 78' lang='grc' dir='ltr'><strong>καὶ</strong></span> 
     </span>
    </p>
   </div>
   <div class='ocr_carea' id='block_1_51' title="bbox 2168 2310 3749 2395">
    <p class='ocr_par' dir='ltr' id='par_1_51' title="bbox 2168 2310 3749 2395">
     <span class='ocr_line' id='line_1_51' title="bbox 2168 2310 3749 2395; baseline -0.003 -21"><span class='ocrx_word' id='word_1_393' title='bbox 2168 2321 2340 2395; x_wconf 80' lang='grc' dir='ltr'><strong>ταύτῃ</strong></span> <span class='ocrx_word' id='word_1_394' title='bbox 2375 2321 2657 2394; x_wconf 84' lang='grc' dir='ltr'><strong>ἀγαπητὸν</strong></span> <span class='ocrx_word' id='word_1_395' title='bbox 2701 2310 3036 2385; x_wconf 66' lang='grc' dir='ltr'><strong>εἶναι’ἆπαξ</strong></span> <span class='ocrx_word' id='word_1_396' title='bbox 3084 2320 3353 2391; x_wconf 81' lang='grc' dir='ltr'><strong>ἐλόμενος.</strong></span> <span class='ocrx_word' id='word_1_397' title='bbox 3401 2320 3480 2372; x_wconf 80' lang='grc' dir='ltr'>Οὐ</span> <span class='ocrx_word' id='word_1_398' title='bbox 3531 2319 3647 2390; x_wconf 83' lang='grc' dir='ltr'><strong>γὰρ</strong></span> <span class='ocrx_word' id='word_1_399' title='bbox 3694 2320 3749 2370; x_wconf 83' lang='grc' dir='ltr'><strong>ὲν</strong></span> 
     </span>
    </p>
   </div>
   <div class='ocr_carea' id='block_1_52' title="bbox 2169 2408 3751 2485">
    <p class='ocr_par' dir='ltr' id='par_1_52' title="bbox 2169 2408 3751 2485">
     <span class='ocr_line' id='line_1_52' title="bbox 2169 2408 3751 2485; baseline -0.002 -19"><span class='ocrx_word' id='word_1_400' title='bbox 2169 2414 2403 2484; x_wconf 86' lang='grc' dir='ltr'><strong>γαστρὸς</strong></span> <span class='ocrx_word' id='word_1_401' title='bbox 2435 2412 2663 2485; x_wconf 56' lang='grc' dir='ltr'><strong>βορᾷετὸ</strong></span> <span class='ocrx_word' id='word_1_402' title='bbox 2705 2412 2939 2484; x_wconf 82' lang='grc' dir='ltr'><strong>χρηστὸν</strong></span> <span class='ocrx_word' id='word_1_403' title='bbox 2978 2408 3116 2466; x_wconf 77' lang='grc' dir='ltr'><strong>εἶναι</strong></span> <span class='ocrx_word' id='word_1_404' title='bbox 3156 2411 3537 2483; x_wconf 81' lang='grc' dir='ltr'><strong>διειλήφαμεν.</strong></span> <span class='ocrx_word' id='word_1_405' title='bbox 3592 2412 3751 2480; x_wconf 68' lang='grc' dir='ltr'><strong>’Δκή-</strong></span> 
     </span>
    </p>
   </div>
   <div class='ocr_carea' id='block_1_53' title="bbox 2170 2502 3750 2577">
    <p class='ocr_par' dir='ltr' id='par_1_53' title="bbox 2170 2502 3750 2577">
     <span class='ocr_line' id='line_1_53' title="bbox 2170 2502 3750 2577; baseline -0.003 -18"><span class='ocrx_word' id='word_1_406' title='bbox 2170 2510 2263 2559; x_wconf 85' lang='grc' dir='ltr'><strong>κοε</strong></span> <span class='ocrx_word' id='word_1_407' title='bbox 2325 2505 2369 2559; x_wconf 80' lang='grc' dir='ltr'><strong>δ’</strong></span> <span class='ocrx_word' id='word_1_408' title='bbox 2393 2507 2615 2570; x_wconf 87' lang='grc' dir='ltr'><strong>ἐκεῖνος,</strong></span> <span class='ocrx_word' id='word_1_409' title='bbox 2641 2506 2717 2569; x_wconf 82' lang='grc' dir='ltr'><strong>ὡς</strong></span> <span class='ocrx_word' id='word_1_410' title='bbox 2755 2504 2948 2576; x_wconf 84' lang='grc' dir='ltr'><strong>βρῶμα</strong></span> <span class='ocrx_word' id='word_1_411' title='bbox 2973 2506 3118 2575; x_wconf 77' lang='grc' dir='ltr'><strong>ἡμᾶς</strong></span> <span class='ocrx_word' id='word_1_412' title='bbox 3144 2507 3205 2559; x_wconf 80' lang='grc' dir='ltr'><strong>οὐ</strong></span> <span class='ocrx_word' id='word_1_413' title='bbox 3232 2505 3604 2577; x_wconf 78' lang='grc' dir='ltr'><strong>παραστήσει,</strong></span> <span class='ocrx_word' id='word_1_414' title='bbox 3632 2502 3750 2556; x_wconf 71' lang='grc' dir='ltr'><strong>οῦδὲ</strong></span> 
     </span>
    </p>
   </div>
   <div class='ocr_carea' id='block_1_54' title="bbox 2174 2592 3749 2671">
    <p class='ocr_par' dir='ltr' id='par_1_54' title="bbox 2174 2592 3749 2671">
     <span class='ocr_line' id='line_1_54' title="bbox 2174 2592 3749 2671; baseline -0.002 -20"><span class='ocrx_word' id='word_1_415' title='bbox 2174 2600 2280 2671; x_wconf 84' lang='grc' dir='ltr'><strong>μὴν</strong></span> <span class='ocrx_word' id='word_1_416' title='bbox 2304 2598 2501 2669; x_wconf 83' lang='grc' dir='ltr'><strong>γάμος,</strong></span> <span class='ocrx_word' id='word_1_417' title='bbox 2532 2592 2647 2650; x_wconf 86' lang='grc' dir='ltr'><strong>ἀλλ’</strong></span> <span class='ocrx_word' id='word_1_418' title='bbox 2673 2596 2794 2649; x_wconf 74' lang='grc' dir='ltr'><strong>οὐδὲ</strong></span> <span class='ocrx_word' id='word_1_419' title='bbox 2823 2596 3002 2667; x_wconf 83' lang='grc' dir='ltr'><strong>ἀποχὴ</strong></span> <span class='ocrx_word' id='word_1_420' title='bbox 3032 2597 3222 2668; x_wconf 58' lang='grc' dir='ltr'><strong>γάμου,</strong></span> <span class='ocrx_word' id='word_1_421' title='bbox 3246 2596 3359 2665; x_wconf 74' lang='lat'><strong>(27)</strong></span> <span class='ocrx_word' id='word_1_422' title='bbox 3391 2599 3451 2650; x_wconf 79' lang='grc' dir='ltr'><strong>ἐν</strong></span> <span class='ocrx_word' id='word_1_423' title='bbox 3478 2598 3749 2667; x_wconf 64' lang='grc' dir='ltr'><strong>ἀγνωσία,</strong></span> 
     </span>
    </p>
   </div>
   <div class='ocr_carea' id='block_1_55' title="bbox 2170 2688 3751 2761">
    <p class='ocr_par' dir='ltr' id='par_1_55' title="bbox 2170 2688 3751 2761">
     <span class='ocr_line' id='line_1_55' title="bbox 2170 2688 3751 2761; baseline -0.002 -17"><span class='ocrx_word' id='word_1_424' title='bbox 2170 2689 2304 2744; x_wconf 84' lang='grc' dir='ltr'><strong>ἀλλά</strong></span> <span class='ocrx_word' id='word_1_425' title='bbox 2329 2688 2390 2743; x_wconf 89' lang='grc' dir='ltr'><strong>τὸ</strong></span> <span class='ocrx_word' id='word_1_426' title='bbox 2425 2692 2543 2742; x_wconf 82' lang='grc' dir='ltr'><strong>κατ’</strong></span> <span class='ocrx_word' id='word_1_427' title='bbox 2577 2689 2776 2761; x_wconf 80' lang='grc' dir='ltr'><strong>ἀρετὴν</strong></span> <span class='ocrx_word' id='word_1_428' title='bbox 2800 2688 2958 2761; x_wconf 77' lang='grc' dir='ltr'><strong>ἔργον</strong></span> <span class='ocrx_word' id='word_1_429' title='bbox 2991 2689 3051 2742; x_wconf 89' lang='grc' dir='ltr'><strong>τὸ</strong></span> <span class='ocrx_word' id='word_1_430' title='bbox 3084 2689 3401 2758; x_wconf 84' lang='grc' dir='ltr'><strong>γνωστικόν·</strong></span> <span class='ocrx_word' id='word_1_431' title='bbox 3440 2689 3568 2742; x_wconf 71' lang='grc' dir='ltr'><strong>ἐπεὶ</strong></span> <span class='ocrx_word' id='word_1_432' title='bbox 3596 2690 3693 2741; x_wconf 72' lang='grc' dir='ltr'><strong>καὶ</strong></span> <span class='ocrx_word' id='word_1_433' title='bbox 3723 2691 3751 2741; x_wconf 90' lang='lat'><strong>6</strong></span> 
     </span>
    </p>
   </div>
   <div class='ocr_carea' id='block_1_56' title="bbox 2171 2778 3750 2853">
    <p class='ocr_par' dir='ltr' id='par_1_56' title="bbox 2171 2778 3750 2853">
     <span class='ocr_line' id='line_1_56' title="bbox 2171 2778 3750 2853; baseline -0.004 -17"><span class='ocrx_word' id='word_1_434' title='bbox 2171 2780 2426 2843; x_wconf 75' lang='grc' dir='ltr'><strong>κύων,τὸ</strong></span> <span class='ocrx_word' id='word_1_435' title='bbox 2474 2780 2610 2846; x_wconf 76' lang='grc' dir='ltr'><strong>ζῶον</strong></span> <span class='ocrx_word' id='word_1_436' title='bbox 2659 2779 2720 2832; x_wconf 88' lang='grc' dir='ltr'><strong>τὸ</strong></span> <span class='ocrx_word' id='word_1_437' title='bbox 2760 2778 2972 2848; x_wconf 78' lang='grc' dir='ltr'><strong>ἄλογον,</strong></span> <span class='ocrx_word' id='word_1_438' title='bbox 3023 2780 3287 2853; x_wconf 82' lang='grc' dir='ltr'><strong>ἐγκρατὲς</strong></span> <span class='ocrx_word' id='word_1_439' title='bbox 3336 2779 3608 2849; x_wconf 84' lang='grc' dir='ltr'><strong>λεγέσθω,</strong></span> <span class='ocrx_word' id='word_1_440' title='bbox 3662 2781 3750 2832; x_wconf 83' lang='grc' dir='ltr'><strong>τὸν</strong></span> 
     </span>
    </p>
   </div>
   <div class='ocr_carea' id='block_1_57' title="bbox 2171 2870 3747 2947">
    <p class='ocr_par' dir='ltr' id='par_1_57' title="bbox 2171 2870 3747 2947">
     <span class='ocr_line' id='line_1_57' title="bbox 2171 2870 3747 2947; baseline -0.003 -19"><span class='ocrx_word' id='word_1_441' title='bbox 2171 2874 2527 2947; x_wconf 81' lang='grc' dir='ltr'><strong>ἐπαιρόμενον</strong></span> <span class='ocrx_word' id='word_1_442' title='bbox 2550 2874 2647 2946; x_wconf 82' lang='grc' dir='ltr'><strong>τὴν</strong></span> <span class='ocrx_word' id='word_1_443' title='bbox 2676 2873 2975 2945; x_wconf 77' lang='grc' dir='ltr'><strong>βακτηρίαν</strong></span> <span class='ocrx_word' id='word_1_444' title='bbox 2994 2873 3181 2939; x_wconf 79' lang='grc' dir='ltr'><strong>δεδιὸς,</strong></span> <span class='ocrx_word' id='word_1_445' title='bbox 3219 2875 3311 2927; x_wconf 76' lang='grc' dir='ltr'><strong>καὶ</strong></span> <span class='ocrx_word' id='word_1_446' title='bbox 3343 2871 3433 2925; x_wconf 74' lang='grc' dir='ltr'><strong>διὰ</strong></span> <span class='ocrx_word' id='word_1_447' title='bbox 3464 2871 3629 2925; x_wconf 77' lang='grc' dir='ltr'><strong>τοῦτο</strong></span> <span class='ocrx_word' id='word_1_448' title='bbox 3657 2870 3747 2923; x_wconf 79' lang='grc' dir='ltr'><strong>τοῦ</strong></span> 
     </span>
    </p>
   </div>
   <div class='ocr_carea' id='block_1_58' title="bbox 504 2960 2069 3038">
    <p class='ocr_par' dir='ltr' id='par_1_58' title="bbox 504 2963 2066 3037">
     <span class='ocr_line' id='line_1_58' title="bbox 504 2963 2066 3037; baseline 0.003 -20"><span class='ocrx_word' id='word_1_449' title='bbox 504 2974 652 3019; x_wconf 84' lang='lat' dir='ltr'><strong>teant</strong></span> <span class='ocrx_word' id='word_1_450' title='bbox 681 2980 745 3021; x_wconf 84' lang='lat' dir='ltr'><strong>ea</strong></span> <span class='ocrx_word' id='word_1_451' title='bbox 774 2981 896 3036; x_wconf 67' lang='lat' dir='ltr'><strong>quae</strong></span> <span class='ocrx_word' id='word_1_452' title='bbox 926 2966 1065 3037; x_wconf 86' lang='lat' dir='ltr'><strong>gerit</strong></span> <span class='ocrx_word' id='word_1_453' title='bbox 1097 2963 1264 3037; x_wconf 91' lang='lat' dir='ltr'><strong>(quod</strong></span> <span class='ocrx_word' id='word_1_454' title='bbox 1299 2964 1518 3034; x_wconf 88' lang='lat' dir='ltr'><strong>quidem</strong></span> <span class='ocrx_word' id='word_1_455' title='bbox 1550 2964 1667 3019; x_wconf 79' lang='lat' dir='ltr'><strong>ﬁeri</strong></span> <span class='ocrx_word' id='word_1_456' title='bbox 1696 2981 1805 3019; x_wconf 92' lang='lat' dir='ltr'><strong>non</strong></span> <span class='ocrx_word' id='word_1_457' title='bbox 1840 2969 2066 3036; x_wconf 85' lang='lat' dir='ltr'><strong>potest),</strong></span> 
     </span>
    </p>
   </div>
   <div class='ocr_carea' id='block_1_59' title="bbox 2171 2960 3754 3038">
    <p class='ocr_par' dir='ltr' id='par_1_59' title="bbox 2171 2960 3754 3038">
     <span class='ocr_line' id='line_1_59' title="bbox 2171 2960 3754 3038; baseline -0.003 -19"><span class='ocrx_word' id='word_1_458' title='bbox 2171 2967 2302 3037; x_wconf 68' lang='grc' dir='ltr'><strong>ὕψου</strong></span> <span class='ocrx_word' id='word_1_459' title='bbox 2342 2964 2829 3038; x_wconf 84' lang='grc' dir='ltr'><strong>ἀπεχόμενον.Τῶν</strong></span> <span class='ocrx_word' id='word_1_460' title='bbox 2854 2964 3129 3029; x_wconf 82' lang='grc' dir='ltr'><strong>τοιούτων,</strong></span> <span class='ocrx_word' id='word_1_461' title='bbox 3153 2960 3211 3018; x_wconf 78' lang='grc' dir='ltr'><strong>εὖ</strong></span> <span class='ocrx_word' id='word_1_462' title='bbox 3254 2964 3382 3027; x_wconf 75' lang='grc' dir='ltr'><strong>ἴσθι,</strong></span> <span class='ocrx_word' id='word_1_463' title='bbox 3415 2965 3502 3017; x_wconf 81' lang='grc' dir='ltr'><strong>ὅτι</strong></span> <span class='ocrx_word' id='word_1_464' title='bbox 3534 2980 3754 3033; x_wconf 72' lang='grc' dir='ltr'><strong>περιει-</strong></span> 
     </span>
    </p>
   </div>
   <div class='ocr_carea' id='block_1_60' title="bbox 425 3056 2069 3133">
    <p class='ocr_par' dir='ltr' id='par_1_60' title="bbox 425 3056 2069 3128">
     <span class='ocr_line' id='line_1_60' title="bbox 425 3056 2069 3128; baseline 0.001 -18"><span class='ocrx_word' id='word_1_465' title='bbox 425 3119 429 3121; x_wconf 22' lang='grc' dir='ltr'>λ</span> <span class='ocrx_word' id='word_1_466' title='bbox 505 3058 559 3111; x_wconf 91' lang='lat' dir='ltr'><strong>in</strong></span> <span class='ocrx_word' id='word_1_467' title='bbox 591 3058 834 3114; x_wconf 89' lang='lat' dir='ltr'><strong>animum</strong></span> <span class='ocrx_word' id='word_1_468' title='bbox 861 3072 1100 3128; x_wconf 89' lang='lat' dir='ltr'><strong>unquam</strong></span> <span class='ocrx_word' id='word_1_469' title='bbox 1134 3065 1217 3111; x_wconf 89' lang='lat' dir='ltr'><strong>est</strong></span> <span class='ocrx_word' id='word_1_470' title='bbox 1244 3056 1590 3122; x_wconf 86' lang='lat' dir='ltr'><strong>inducturus,</strong></span> <span class='ocrx_word' id='word_1_471' title='bbox 1629 3070 1690 3111; x_wconf 89' lang='lat' dir='ltr'><strong>ut</strong></span> <span class='ocrx_word' id='word_1_472' title='bbox 1720 3057 1923 3127; x_wconf 86' lang='lat' dir='ltr'><strong>aliquid</strong></span> <span class='ocrx_word' id='word_1_473' title='bbox 1948 3067 2069 3128; x_wconf 83' lang='lat' dir='ltr'><strong>agat</strong></span> 
     </span>
    </p>
   </div>
   <div class='ocr_carea' id='block_1_61' title="bbox 2171 3056 3752 3133">
    <p class='ocr_par' dir='ltr' id='par_1_61' title="bbox 2176 3056 3752 3133">
     <span class='ocr_line' id='line_1_61' title="bbox 2176 3056 3752 3133; baseline -0.003 -20"><span class='ocrx_word' id='word_1_474' title='bbox 2176 3059 2394 3133; x_wconf 88' lang='grc' dir='ltr'><strong>ρεθεῖσα</strong></span> <span class='ocrx_word' id='word_1_475' title='bbox 2416 3061 2449 3130; x_wconf 84' lang='grc' dir='ltr'><strong>ή</strong></span> <span class='ocrx_word' id='word_1_476' title='bbox 2483 3058 2773 3129; x_wconf 84' lang='grc' dir='ltr'><strong>ὑπόσχεσις</strong></span> <span class='ocrx_word' id='word_1_477' title='bbox 2796 3060 2830 3130; x_wconf 82' lang='grc' dir='ltr'>ἡ</span> <span class='ocrx_word' id='word_1_478' title='bbox 2868 3056 3377 3130; x_wconf 78' lang='grc' dir='ltr'><strong>προεπηγγελμένη,</strong></span> <span class='ocrx_word' id='word_1_479' title='bbox 3403 3058 3502 3111; x_wconf 74' lang='grc' dir='ltr'><strong>καὶ</strong></span> <span class='ocrx_word' id='word_1_480' title='bbox 3527 3058 3561 3109; x_wconf 91' lang='lat'><strong>6</strong></span> <span class='ocrx_word' id='word_1_481' title='bbox 3590 3057 3752 3125; x_wconf 75' lang='grc' dir='ltr'><strong>φὸεος</strong></span> 
     </span>
    </p>
   </div>
   <div class='ocr_carea' id='block_1_62' title="bbox 502 3147 2069 3227">
    <p class='ocr_par' dir='ltr' id='par_1_62' title="bbox 502 3147 2069 3218">
     <span class='ocr_line' id='line_1_62' title="bbox 502 3147 2069 3218; baseline 0 -13"><span class='ocrx_word' id='word_1_482' title='bbox 502 3157 695 3218; x_wconf 63' lang='lat' dir='ltr'><strong>prater</strong></span> <span class='ocrx_word' id='word_1_483' title='bbox 738 3160 942 3205; x_wconf 86' lang='lat' dir='ltr'><strong>rectam</strong></span> <span class='ocrx_word' id='word_1_484' title='bbox 993 3150 1281 3212; x_wconf 83' lang='lat' dir='ltr'><strong>rationem,</strong></span> <span class='ocrx_word' id='word_1_485' title='bbox 1331 3163 1455 3202; x_wconf 90' lang='lat' dir='ltr'><strong>cum</strong></span> <span class='ocrx_word' id='word_1_486' title='bbox 1509 3147 1585 3213; x_wconf 90' lang='lat' dir='ltr'><strong>id,</strong></span> <span class='ocrx_word' id='word_1_487' title='bbox 1620 3148 1764 3217; x_wconf 90' lang='lat' dir='ltr'><strong>quod</strong></span> <span class='ocrx_word' id='word_1_488' title='bbox 1811 3164 1937 3203; x_wconf 85' lang='lat' dir='ltr'><strong>vere</strong></span> <span class='ocrx_word' id='word_1_489' title='bbox 1986 3159 2069 3205; x_wconf 89' lang='lat' dir='ltr'><strong>est</strong></span> 
     </span>
    </p>
   </div>
   <div class='ocr_carea' id='block_1_63' title="bbox 2171 3147 3755 3227">
    <p class='ocr_par' dir='ltr' id='par_1_63' title="bbox 2171 3149 3755 3222">
     <span class='ocr_line' id='line_1_63' title="bbox 2171 3149 3755 3222; baseline -0.001 -19"><span class='ocrx_word' id='word_1_490' title='bbox 2171 3149 2530 3222; x_wconf 68' lang='grc' dir='ltr'><strong>περιγράφεις</strong></span> <span class='ocrx_word' id='word_1_491' title='bbox 2559 3151 2587 3202; x_wconf 92' lang='lat'><strong>6</strong></span> <span class='ocrx_word' id='word_1_492' title='bbox 2607 3149 3061 3220; x_wconf 84' lang='grc' dir='ltr'><strong>ἐπηπειλημένος,</strong></span> <span class='ocrx_word' id='word_1_493' title='bbox 3095 3150 3187 3203; x_wconf 82' lang='grc' dir='ltr'><strong>καὶ</strong></span> <span class='ocrx_word' id='word_1_494' title='bbox 3207 3149 3498 3220; x_wconf 71' lang='grc' dir='ltr'><strong>χωρισθεὶς</strong></span> <span class='ocrx_word' id='word_1_495' title='bbox 3524 3152 3557 3202; x_wconf 92' lang='lat'><strong>6</strong></span> <span class='ocrx_word' id='word_1_496' title='bbox 3582 3149 3755 3202; x_wconf 79' lang='grc' dir='ltr'><strong>κίνδυ-</strong></span> 
     </span>
    </p>
   </div>
   <div class='ocr_carea' id='block_1_64' title="bbox 504 3235 2069 3314">
    <p class='ocr_par' dir='ltr' id='par_1_64' title="bbox 504 3235 2067 3305">
     <span class='ocr_line' id='line_1_64' title="bbox 504 3235 2067 3305; baseline 0.004 -16"><span class='ocrx_word' id='word_1_497' title='bbox 504 3237 814 3303; x_wconf 85' lang='lat' dir='ltr'><strong>honestum,</strong></span> <span class='ocrx_word' id='word_1_498' title='bbox 846 3246 901 3291; x_wconf 89' lang='lat' dir='ltr'><strong>et</strong></span> <span class='ocrx_word' id='word_1_499' title='bbox 950 3253 1015 3291; x_wconf 78' lang='lat' dir='ltr'><strong>ex</strong></span> <span class='ocrx_word' id='word_1_500' title='bbox 1066 3237 1245 3305; x_wconf 88' lang='lat' dir='ltr'><strong>seipso</strong></span> <span class='ocrx_word' id='word_1_501' title='bbox 1282 3235 1611 3305; x_wconf 79' lang='lat' dir='ltr'><strong>eligendum,</strong></span> <span class='ocrx_word' id='word_1_502' title='bbox 1646 3245 1701 3291; x_wconf 91' lang='lat' dir='ltr'><strong>et</strong></span> <span class='ocrx_word' id='word_1_503' title='bbox 1743 3253 1807 3291; x_wconf 90' lang='lat' dir='ltr'><strong>ea</strong></span> <span class='ocrx_word' id='word_1_504' title='bbox 1852 3239 2067 3296; x_wconf 90' lang='lat' dir='ltr'><strong>ratione</strong></span> 
     </span>
    </p>
   </div>
   <div class='ocr_carea' id='block_1_65' title="bbox 2171 3235 3414 3314">
    <p class='ocr_par' dir='ltr' id='par_1_65' title="bbox 2174 3240 3414 3314">
     <span class='ocr_line' id='line_1_65' title="bbox 2174 3240 3414 3314; baseline -0.001 -18"><span class='ocrx_word' id='word_1_505' title='bbox 2174 3259 2262 3305; x_wconf 89' lang='grc' dir='ltr'><strong>νος</strong></span> <span class='ocrx_word' id='word_1_506' title='bbox 2299 3240 2328 3293; x_wconf 86' lang='grc' dir='ltr'>ὁ</span> <span class='ocrx_word' id='word_1_507' title='bbox 2353 3240 2754 3313; x_wconf 83' lang='grc' dir='ltr'><strong>ἐπηρτημένος,</strong></span> <span class='ocrx_word' id='word_1_508' title='bbox 2773 3244 2872 3313; x_wconf 86' lang='grc' dir='ltr'><strong>τὴν</strong></span> <span class='ocrx_word' id='word_1_509' title='bbox 2895 3242 3146 3314; x_wconf 86' lang='grc' dir='ltr'><strong>πρόθεσιν</strong></span> <span class='ocrx_word' id='word_1_510' title='bbox 3184 3240 3414 3311; x_wconf 76' lang='grc' dir='ltr'><strong>ἐλέγχει.</strong></span> 
     </span>
    </p>
   </div>
   <div class='ocr_carea' id='block_1_66' title="bbox 502 3330 3750 3402">
    <p class='ocr_par' dir='ltr' id='par_1_66' title="bbox 502 3330 3750 3402">
     <span class='ocr_line' id='line_1_66' title="bbox 502 3330 3750 3402; baseline 0.001 -19"><span class='ocrx_word' id='word_1_511' title='bbox 502 3333 860 3401; x_wconf 71' lang='lat' dir='ltr'><strong>expetendum</strong></span> <span class='ocrx_word' id='word_1_512' title='bbox 884 3332 1307 3402; x_wconf 89' lang='lat' dir='ltr'><strong>amandumque,</strong></span> <span class='ocrx_word' id='word_1_513' title='bbox 1324 3330 1491 3386; x_wconf 89' lang='lat' dir='ltr'><strong>semel</strong></span> <span class='ocrx_word' id='word_1_514' title='bbox 1515 3331 1757 3402; x_wconf 85' lang='lat' dir='ltr'><strong>elegerit.</strong></span> <span class='ocrx_word' id='word_1_515' title='bbox 1776 3330 1892 3389; x_wconf 84' lang='lat' dir='ltr'><strong>Non</strong></span> <span class='ocrx_word' id='word_1_516' title='bbox 1920 3341 2063 3390; x_wconf 89' lang='lat' dir='ltr'><strong>enim</strong></span> <span class='ocrx_word' id='word_1_517' title='bbox 2098 3338 2155 3392; x_wconf 90' lang='lat' dir='ltr'><strong>in</strong></span> <span class='ocrx_word' id='word_1_518' title='bbox 2188 3351 2313 3392; x_wconf 88' lang='lat' dir='ltr'><strong>esca</strong></span> <span class='ocrx_word' id='word_1_519' title='bbox 2349 3334 2555 3390; x_wconf 86' lang='lat' dir='ltr'><strong>ventris</strong></span> <span class='ocrx_word' id='word_1_520' title='bbox 2586 3335 2786 3389; x_wconf 90' lang='lat' dir='ltr'><strong>bonum</strong></span> <span class='ocrx_word' id='word_1_521' title='bbox 2843 3349 2965 3389; x_wconf 88' lang='lat' dir='ltr'><strong>esse</strong></span> <span class='ocrx_word' id='word_1_522' title='bbox 3019 3334 3181 3389; x_wconf 90' lang='lat' dir='ltr'><strong>situm</strong></span> <span class='ocrx_word' id='word_1_523' title='bbox 3239 3332 3579 3402; x_wconf 89' lang='lat' dir='ltr'><strong>accepimus.</strong></span> <span class='ocrx_word' id='word_1_524' title='bbox 3636 3333 3750 3386; x_wconf 78' lang='lat' dir='ltr'><strong>Au-</strong></span> 
     </span>
    </p>
   </div>
   <div class='ocr_carea' id='block_1_67' title="bbox 499 3423 3755 3498">
    <p class='ocr_par' dir='ltr' id='par_1_67' title="bbox 499 3423 3755 3498">
     <span class='ocr_line' id='line_1_67' title="bbox 499 3423 3755 3498; baseline -0.001 -17"><span class='ocrx_word' id='word_1_525' title='bbox 499 3426 635 3482; x_wconf 84' lang='lat' dir='ltr'><strong>divit</strong></span> <span class='ocrx_word' id='word_1_526' title='bbox 685 3433 865 3495; x_wconf 82' lang='lat' dir='ltr'><strong>autem</strong></span> <span class='ocrx_word' id='word_1_527' title='bbox 906 3423 1013 3489; x_wconf 92' lang='lat' dir='ltr'><strong>ille,</strong></span> <span class='ocrx_word' id='word_1_528' title='bbox 1062 3424 1207 3495; x_wconf 89' lang='lat' dir='ltr'><strong>quod</strong></span> <span class='ocrx_word' id='word_1_529' title='bbox 1267 3442 1286 3476; x_wconf 77' lang='grc' dir='ltr'><strong>ι</strong></span> <span class='ocrx_word' id='word_1_530' title='bbox 1325 3423 1479 3479; x_wconf 89' lang='lat' dir='ltr'><strong>cibus</strong></span> <span class='ocrx_word' id='word_1_531' title='bbox 1540 3438 1640 3478; x_wconf 87' lang='lat' dir='ltr'><strong>nos</strong></span> <span class='ocrx_word' id='word_1_532' title='bbox 1684 3440 1794 3480; x_wconf 88' lang='lat' dir='ltr'><strong>non</strong></span> <span class='ocrx_word' id='word_1_533' title='bbox 1842 3429 2244 3484; x_wconf 85' lang='lat' dir='ltr'><strong>commendabit</strong></span> <span class='ocrx_word' id='word_1_534' title='bbox 2274 3429 2324 3492; x_wconf 70' lang='grc' dir='ltr'><strong>δ,</strong></span> <span class='ocrx_word' id='word_1_535' title='bbox 2383 3441 2557 3498; x_wconf 85' lang='lat' dir='ltr'><strong>neque</strong></span> <span class='ocrx_word' id='word_1_536' title='bbox 2618 3426 3049 3491; x_wconf 90' lang='lat' dir='ltr'><strong>matrimonium,</strong></span> <span class='ocrx_word' id='word_1_537' title='bbox 3084 3425 3178 3481; x_wconf 85' lang='lat' dir='ltr'><strong>sed</strong></span> <span class='ocrx_word' id='word_1_538' title='bbox 3233 3441 3405 3496; x_wconf 82' lang='lat' dir='ltr'><strong>neque</strong></span> <span class='ocrx_word' id='word_1_539' title='bbox 3466 3427 3755 3482; x_wconf 82' lang='lat' dir='ltr'><strong>abstineu-</strong></span> 
     </span>
    </p>
   </div>
   <div class='ocr_carea' id='block_1_68' title="bbox 474 3516 3753 3590">
    <p class='ocr_par' dir='ltr' id='par_1_68' title="bbox 474 3516 3753 3590">
     <span class='ocr_line' id='line_1_68' title="bbox 474 3516 3753 3590; baseline -0.001 -16"><span class='ocrx_word' id='word_1_540' title='bbox 474 3523 576 3575; x_wconf 37' lang='lat' dir='ltr'><strong>.tia</strong></span> <span class='ocrx_word' id='word_1_541' title='bbox 607 3537 638 3576; x_wconf 90' lang='lat' dir='ltr'><strong>a</strong></span> <span class='ocrx_word' id='word_1_542' title='bbox 670 3519 1017 3576; x_wconf 87' lang='lat' dir='ltr'><strong>matrimonio</strong></span> <span class='ocrx_word' id='word_1_543' title='bbox 1064 3519 1121 3573; x_wconf 92' lang='lat' dir='ltr'><strong>in</strong></span> <span class='ocrx_word' id='word_1_544' title='bbox 1152 3517 1511 3588; x_wconf 78' lang='lat' dir='ltr'><strong>ignoratione,</strong></span> <span class='ocrx_word' id='word_1_545' title='bbox 1544 3517 1640 3573; x_wconf 90' lang='lat' dir='ltr'><strong>sed</strong></span> <span class='ocrx_word' id='word_1_546' title='bbox 1672 3532 1808 3588; x_wconf 91' lang='lat' dir='ltr'><strong>opus</strong></span> <span class='ocrx_word' id='word_1_547' title='bbox 1851 3521 2161 3590; x_wconf 89' lang='lat' dir='ltr'><strong>gnosticum</strong></span> <span class='ocrx_word' id='word_1_548' title='bbox 2190 3536 2259 3576; x_wconf 82' lang='lat' dir='ltr'><strong>ex</strong></span> <span class='ocrx_word' id='word_1_549' title='bbox 2287 3519 2503 3575; x_wconf 90' lang='lat' dir='ltr'><strong>virtute.</strong></span> <span class='ocrx_word' id='word_1_550' title='bbox 2555 3516 2693 3572; x_wconf 85' lang='lat' dir='ltr'><strong>Nam</strong></span> <span class='ocrx_word' id='word_1_551' title='bbox 2748 3518 2903 3573; x_wconf 87' lang='lat' dir='ltr'><strong>canis</strong></span> <span class='ocrx_word' id='word_1_552' title='bbox 2955 3532 3207 3588; x_wconf 91' lang='lat' dir='ltr'><strong>quoque,</strong></span> <span class='ocrx_word' id='word_1_553' title='bbox 3260 3516 3355 3585; x_wconf 91' lang='lat' dir='ltr'><strong>qui</strong></span> <span class='ocrx_word' id='word_1_554' title='bbox 3405 3526 3493 3571; x_wconf 87' lang='lat' dir='ltr'><strong>est</strong></span> <span class='ocrx_word' id='word_1_555' title='bbox 3545 3517 3753 3572; x_wconf 81' lang='lat' dir='ltr'><strong>animal</strong></span> 
     </span>
    </p>
   </div>
   <div class='ocr_carea' id='block_1_69' title="bbox 500 3607 3750 3682">
    <p class='ocr_par' dir='ltr' id='par_1_69' title="bbox 500 3607 3750 3682">
     <span class='ocr_line' id='line_1_69' title="bbox 500 3607 3750 3682; baseline -0 -17"><span class='ocrx_word' id='word_1_556' title='bbox 500 3626 695 3682; x_wconf 79' lang='lat' dir='ltr'><strong>expers</strong></span> <span class='ocrx_word' id='word_1_557' title='bbox 744 3608 997 3673; x_wconf 90' lang='lat' dir='ltr'><strong>rationis,</strong></span> <span class='ocrx_word' id='word_1_558' title='bbox 1030 3608 1109 3663; x_wconf 89' lang='lat' dir='ltr'><strong>sic</strong></span> <span class='ocrx_word' id='word_1_559' title='bbox 1159 3607 1371 3663; x_wconf 88' lang='lat' dir='ltr'><strong>dicatur</strong></span> <span class='ocrx_word' id='word_1_560' title='bbox 1418 3622 1540 3662; x_wconf 90' lang='lat' dir='ltr'><strong>esse</strong></span> <span class='ocrx_word' id='word_1_561' title='bbox 1591 3609 1896 3673; x_wconf 91' lang='lat' dir='ltr'><strong>continens,</strong></span> <span class='ocrx_word' id='word_1_562' title='bbox 1933 3610 2063 3665; x_wconf 91' lang='lat' dir='ltr'><strong>dum</strong></span> <span class='ocrx_word' id='word_1_563' title='bbox 2084 3626 2208 3668; x_wconf 90' lang='lat' dir='ltr'><strong>eum</strong></span> <span class='ocrx_word' id='word_1_564' title='bbox 2239 3611 2391 3667; x_wconf 92' lang='lat' dir='ltr'><strong>timet</strong></span> <span class='ocrx_word' id='word_1_565' title='bbox 2414 3610 2509 3681; x_wconf 92' lang='lat' dir='ltr'><strong>qui</strong></span> <span class='ocrx_word' id='word_1_566' title='bbox 2539 3609 2679 3664; x_wconf 88' lang='lat' dir='ltr'><strong>tollit</strong></span> <span class='ocrx_word' id='word_1_567' title='bbox 2708 3608 2993 3676; x_wconf 89' lang='lat' dir='ltr'><strong>baculum,</strong></span> <span class='ocrx_word' id='word_1_568' title='bbox 3026 3618 3081 3663; x_wconf 92' lang='lat' dir='ltr'><strong>et</strong></span> <span class='ocrx_word' id='word_1_569' title='bbox 3135 3609 3255 3663; x_wconf 89' lang='lat' dir='ltr'><strong>ideo</strong></span> <span class='ocrx_word' id='word_1_570' title='bbox 3310 3623 3343 3662; x_wconf 87' lang='lat' dir='ltr'><strong>a</strong></span> <span class='ocrx_word' id='word_1_571' title='bbox 3384 3608 3511 3663; x_wconf 87' lang='lat' dir='ltr'><strong>cibo</strong></span> <span class='ocrx_word' id='word_1_572' title='bbox 3576 3609 3750 3664; x_wconf 85' lang='lat' dir='ltr'><strong>absti—</strong></span> 
     </span>
    </p>
   </div>
   <div class='ocr_carea' id='block_1_70' title="bbox 503 3696 3749 3771">
    <p class='ocr_par' dir='ltr' id='par_1_70' title="bbox 503 3696 3749 3771">
     <span class='ocr_line' id='line_1_70' title="bbox 503 3696 3749 3771; baseline -0.002 -13"><span class='ocrx_word' id='word_1_573' title='bbox 503 3713 614 3758; x_wconf 89' lang='lat' dir='ltr'><strong>net.</strong></span> <span class='ocrx_word' id='word_1_574' title='bbox 649 3701 807 3771; x_wconf 85' lang='lat' dir='ltr'><strong>Quod</strong></span> <span class='ocrx_word' id='word_1_575' title='bbox 839 3702 886 3757; x_wconf 91' lang='lat' dir='ltr'><strong>si</strong></span> <span class='ocrx_word' id='word_1_576' title='bbox 915 3700 1094 3756; x_wconf 88' lang='lat' dir='ltr'><strong>ablata</strong></span> <span class='ocrx_word' id='word_1_577' title='bbox 1124 3697 1290 3755; x_wconf 82' lang='lat' dir='ltr'><strong>fuerit</strong></span> <span class='ocrx_word' id='word_1_578' title='bbox 1331 3698 1627 3770; x_wconf 89' lang='lat' dir='ltr'><strong>promissio</strong></span> <span class='ocrx_word' id='word_1_579' title='bbox 1670 3698 1777 3754; x_wconf 90' lang='lat' dir='ltr'><strong>illis</strong></span> <span class='ocrx_word' id='word_1_580' title='bbox 1837 3700 2002 3767; x_wconf 76' lang='lat' dir='ltr'><strong>facta,</strong></span> <span class='ocrx_word' id='word_1_581' title='bbox 2055 3701 2102 3755; x_wconf 90' lang='lat' dir='ltr'><strong>si</strong></span> <span class='ocrx_word' id='word_1_582' title='bbox 2154 3700 2317 3757; x_wconf 90' lang='lat' dir='ltr'><strong>timor</strong></span> <span class='ocrx_word' id='word_1_583' title='bbox 2362 3701 2661 3755; x_wconf 89' lang='lat' dir='ltr'><strong>intentatus</strong></span> <span class='ocrx_word' id='word_1_584' title='bbox 2692 3698 2956 3769; x_wconf 69' lang='lat' dir='ltr'><strong>praecisus</strong></span> <span class='ocrx_word' id='word_1_585' title='bbox 3010 3696 3173 3753; x_wconf 82' lang='lat' dir='ltr'><strong>fuerit</strong></span> <span class='ocrx_word' id='word_1_586' title='bbox 3204 3707 3258 3753; x_wconf 89' lang='lat' dir='ltr'><strong>et</strong></span> <span class='ocrx_word' id='word_1_587' title='bbox 3300 3698 3610 3769; x_wconf 85' lang='lat' dir='ltr'><strong>periculum</strong></span> <span class='ocrx_word' id='word_1_588' title='bbox 3642 3699 3749 3753; x_wconf 86' lang='lat' dir='ltr'><strong>im-</strong></span> 
     </span>
    </p>
   </div>
   <div class='ocr_carea' id='block_1_71' title="bbox 486 3792 3005 3866">
    <p class='ocr_par' dir='ltr' id='par_1_71' title="bbox 486 3792 3005 3866">
     <span class='ocr_line' id='line_1_71' title="bbox 486 3792 3005 3866; baseline -0.001 -17"><span class='ocrx_word' id='word_1_589' title='bbox 486 3796 744 3866; x_wconf 60' lang='lat' dir='ltr'><strong>pendens</strong></span> <span class='ocrx_word' id='word_1_590' title='bbox 769 3795 1071 3862; x_wconf 88' lang='lat' dir='ltr'><strong>evanuerit,</strong></span> <span class='ocrx_word' id='word_1_591' title='bbox 1100 3801 1216 3851; x_wconf 89' lang='lat' dir='ltr'><strong>tum</strong></span> <span class='ocrx_word' id='word_1_592' title='bbox 1249 3801 1401 3851; x_wconf 89' lang='lat' dir='ltr'><strong>certo</strong></span> <span class='ocrx_word' id='word_1_593' title='bbox 1444 3794 1587 3851; x_wconf 86' lang='lat' dir='ltr'><strong>scias</strong></span> <span class='ocrx_word' id='word_1_594' title='bbox 1614 3794 1797 3849; x_wconf 88' lang='lat' dir='ltr'><strong>statim</strong></span> <span class='ocrx_word' id='word_1_595' title='bbox 1846 3795 2218 3865; x_wconf 87' lang='lat' dir='ltr'><strong>appariturum</strong></span> <span class='ocrx_word' id='word_1_596' title='bbox 2252 3794 2366 3850; x_wconf 82' lang='lat' dir='ltr'><strong>fore</strong></span> <span class='ocrx_word' id='word_1_597' title='bbox 2398 3794 2616 3848; x_wconf 88' lang='lat' dir='ltr'><strong>illorum</strong></span> <span class='ocrx_word' id='word_1_598' title='bbox 2640 3792 3005 3861; x_wconf 88' lang='lat' dir='ltr'><strong>propositum.</strong></span> 
     </span>
    </p>
   </div>
   <div class='ocr_carea' id='block_1_72' title="bbox 1936 3948 2376 4006">
    <p class='ocr_par' dir='ltr' id='par_1_72' title="bbox 1936 3948 2376 4006">
     <span class='ocr_line' id='line_1_72' title="bbox 1936 3948 2376 4006; baseline 0.002 -2"><span class='ocrx_word' id='word_1_599' title='bbox 1936 3948 2163 4006; x_wconf 83' lang='lat' dir='ltr'><strong>CAPUT</strong></span> <span class='ocrx_word' id='word_1_600' title='bbox 2189 3948 2376 4005; x_wconf 79' lang='lat' dir='ltr'><strong>XXIII.</strong></span> 
     </span>
    </p>
   </div>
   <div class='ocr_carea' id='block_1_73' title="bbox 506 4059 3751 4190">
    <p class='ocr_par' dir='ltr' id='par_1_73' title="bbox 506 4059 3751 4190">
     <span class='ocr_line' id='line_1_73' title="bbox 506 4059 3751 4190; baseline 0.001 -72"><span class='ocrx_word' id='word_1_601' title='bbox 506 4065 589 4124; x_wconf 68' lang='lat' dir='ltr'><strong>0h</strong></span> <span class='ocrx_word' id='word_1_602' title='bbox 623 4080 780 4136; x_wconf 84' lang='lat' dir='ltr'><strong>quam</strong></span> <span class='ocrx_word' id='word_1_603' title='bbox 812 4064 1067 4118; x_wconf 83' lang='lat' dir='ltr'><strong>rationem</strong></span> <span class='ocrx_word' id='word_1_604' title='bbox 1118 4059 1360 4133; x_wconf 70' lang='lat' dir='ltr'><strong>perfectis</strong></span> <span class='ocrx_word' id='word_1_605' title='bbox 1409 4079 1443 4118; x_wconf 90' lang='lat' dir='ltr'><strong>a</strong></span> <span class='ocrx_word' id='word_1_606' title='bbox 1475 4064 1628 4119; x_wconf 82' lang='lat' dir='ltr'><strong>rebus</strong></span> <span class='ocrx_word' id='word_1_607' title='bbox 1668 4065 1843 4117; x_wconf 82' lang='lat' dir='ltr'><strong>sensui</strong></span> <span class='ocrx_word' id='word_1_608' title='bbox 1878 4065 2348 4190; x_wconf 45' lang='lat' dir='ltr'><strong>jucurtais,.&amp;uam</strong></span> <span class='ocrx_word' id='word_1_609' title='bbox 2390 4066 2618 4120; x_wconf 76' lang='lat' dir='ltr'><strong>maxime</strong></span> <span class='ocrx_word' id='word_1_610' title='bbox 2641 4072 2831 4136; x_wconf 83' lang='lat' dir='ltr'><strong>potest,</strong></span> <span class='ocrx_word' id='word_1_611' title='bbox 2873 4063 3158 4129; x_wconf 78' lang='lat' dir='ltr'><strong>abstineat,</strong></span> <span class='ocrx_word' id='word_1_612' title='bbox 3214 4063 3491 4118; x_wconf 74' lang='lat' dir='ltr'><strong>meliorum</strong></span> <span class='ocrx_word' id='word_1_613' title='bbox 3543 4065 3751 4121; x_wconf 73' lang='lat' dir='ltr'><strong>scilicet</strong></span> 
     </span>
     <span class='ocr_line' id='line_1_74' title="bbox 730 4146 2262 4190; baseline 0.003 -5"><span class='ocrx_word' id='word_1_614' title='bbox 730 4181 734 4185; x_wconf 31' lang='lat'><strong>.</strong></span> <span class='ocrx_word' id='word_1_615' title='bbox 2043 4146 2178 4190; x_wconf 74' lang='lat' dir='ltr'><strong>mtut</strong></span> <span class='ocrx_word' id='word_1_616' title='bbox 2250 4177 2262 4189; x_wconf 91' lang='lat'><strong>.</strong></span> 
     </span>
    </p>
   </div>
   <div class='ocr_carea' id='block_1_74' title="bbox 2043 4146 2262 4191">
    <p class='ocr_par' dir='ltr' id='par_1_74' title="bbox 2043 4146 2262 4191">
     <span class='ocr_line' id='line_1_75' title="bbox 2043 4146 2262 4191; baseline 0 -2"><span class='ocrx_word' id='word_1_617' title='bbox 2043 4146 2262 4191; x_wconf 68' lang='lat' dir='ltr'><strong>intuitu.</strong></span> 
     </span>
    </p>
   </div>
   <div class='ocr_carea' id='block_1_75' title="bbox 572 4236 2069 4323">
    <p class='ocr_par' dir='ltr' id='par_1_75' title="bbox 572 4249 2069 4323">
     <span class='ocr_line' id='line_1_76' title="bbox 572 4249 2069 4323; baseline -0.004 -13"><span class='ocrx_word' id='word_1_618' title='bbox 572 4255 693 4312; x_wconf 86' lang='lat' dir='ltr'><strong>Non</strong></span> <span class='ocrx_word' id='word_1_619' title='bbox 739 4254 887 4311; x_wconf 89' lang='lat' dir='ltr'><strong>enim</strong></span> <span class='ocrx_word' id='word_1_620' title='bbox 938 4250 1040 4323; x_wconf 91' lang='lat' dir='ltr'><strong>ipsi</strong></span> <span class='ocrx_word' id='word_1_621' title='bbox 1087 4249 1167 4305; x_wconf 90' lang='lat' dir='ltr'><strong>rei</strong></span> <span class='ocrx_word' id='word_1_622' title='bbox 1198 4257 1404 4304; x_wconf 69' lang='lat' dir='ltr'><strong>natura:</strong></span> <span class='ocrx_word' id='word_1_623' title='bbox 1455 4265 1514 4305; x_wconf 89' lang='lat' dir='ltr'><strong>se</strong></span> <span class='ocrx_word' id='word_1_624' title='bbox 1546 4249 1981 4315; x_wconf 88' lang='lat' dir='ltr'><strong>accommodant,</strong></span> <span class='ocrx_word' id='word_1_625' title='bbox 2011 4258 2069 4306; x_wconf 92' lang='lat' dir='ltr'><strong>ut</strong></span> 
     </span>
    </p>
   </div>
   <div class='ocr_carea' id='block_1_76' title="bbox 2171 4236 3751 4323">
    <p class='ocr_par' dir='ltr' id='par_1_76' title="bbox 2255 4236 3751 4322">
     <span class='ocr_line' id='line_1_77' title="bbox 2255 4236 3751 4322; baseline -0.001 -18"><span class='ocrx_word' id='word_1_626' title='bbox 2255 4250 2329 4305; x_wconf 81' lang='grc' dir='ltr'><strong>Οὐ</strong></span> <span class='ocrx_word' id='word_1_627' title='bbox 2368 4248 2476 4322; x_wconf 91' lang='grc' dir='ltr'><strong>γάρ</strong></span> <span class='ocrx_word' id='word_1_628' title='bbox 2508 4249 2645 4320; x_wconf 80' lang='grc' dir='ltr'><strong>αὐτῇ</strong></span> <span class='ocrx_word' id='word_1_629' title='bbox 2804 4246 2963 4318; x_wconf 80' lang='grc' dir='ltr'><strong>φύσει</strong></span> <span class='ocrx_word' id='word_1_630' title='bbox 3007 4245 3102 4299; x_wconf 81' lang='grc' dir='ltr'><strong>τοῦ</strong></span> <span class='ocrx_word' id='word_1_631' title='bbox 3144 4244 3472 4318; x_wconf 82' lang='grc' dir='ltr'><strong>πράγματος</strong></span> <span class='ocrx_word' id='word_1_632' title='bbox 3514 4248 3751 4303; x_wconf 69' lang='grc' dir='ltr'><strong>οἰκειώ-</strong></span> 
     </span>
    </p>
   </div>
   <div class='ocr_carea' id='block_1_77' title="bbox 503 4336 2069 4418">
    <p class='ocr_par' dir='ltr' id='par_1_77' title="bbox 503 4338 2069 4418">
     <span class='ocr_line' id='line_1_78' title="bbox 503 4338 2069 4418; baseline -0.006 -15"><span class='ocrx_word' id='word_1_633' title='bbox 503 4361 691 4404; x_wconf 86' lang='lat' dir='ltr'><strong>revera</strong></span> <span class='ocrx_word' id='word_1_634' title='bbox 732 4345 979 4418; x_wconf 87' lang='lat' dir='ltr'><strong>gnostice</strong></span> <span class='ocrx_word' id='word_1_635' title='bbox 1008 4338 1493 4413; x_wconf 88' lang='lat' dir='ltr'><strong>comprehendant,</strong></span> <span class='ocrx_word' id='word_1_636' title='bbox 1522 4354 1647 4396; x_wconf 89' lang='lat' dir='ltr'><strong>esse</strong></span> <span class='ocrx_word' id='word_1_637' title='bbox 1674 4338 1895 4411; x_wconf 91' lang='lat' dir='ltr'><strong>quidem</strong></span> <span class='ocrx_word' id='word_1_638' title='bbox 1925 4340 2069 4395; x_wconf 90' lang='lat' dir='ltr'><strong>bona</strong></span> 
     </span>
    </p>
   </div>
   <div class='ocr_carea' id='block_1_78' title="bbox 2171 4336 3749 4418">
    <p class='ocr_par' dir='ltr' id='par_1_78' title="bbox 2171 4336 3749 4412">
     <span class='ocr_line' id='line_1_79' title="bbox 2171 4336 3749 4412; baseline -0.003 -17"><span class='ocrx_word' id='word_1_639' title='bbox 2171 4359 2261 4395; x_wconf 89' lang='grc' dir='ltr'><strong>ται</strong></span> <span class='ocrx_word' id='word_1_640' title='bbox 2308 4340 2453 4412; x_wconf 64' lang='grc'>(28),</span> <span class='ocrx_word' id='word_1_641' title='bbox 2507 4339 2583 4403; x_wconf 82' lang='grc' dir='ltr'><strong>ὡς</strong></span> <span class='ocrx_word' id='word_1_642' title='bbox 2628 4337 2707 4409; x_wconf 83' lang='grc' dir='ltr'><strong>τῷ</strong></span> <span class='ocrx_word' id='word_1_643' title='bbox 2757 4338 2875 4391; x_wconf 81' lang='grc' dir='ltr'><strong>ὄντι</strong></span> <span class='ocrx_word' id='word_1_644' title='bbox 2931 4336 3245 4406; x_wconf 83' lang='grc' dir='ltr'><strong>γνωστικῶς</strong></span> <span class='ocrx_word' id='word_1_645' title='bbox 3310 4337 3749 4399; x_wconf 74' lang='grc' dir='ltr'><strong>καταλαϐέσθαι,</strong></span> 
     </span>
    </p>
   </div>
   <div class='ocr_carea' id='block_1_79' title="bbox 502 4427 2069 4509">
    <p class='ocr_par' dir='ltr' id='par_1_79' title="bbox 502 4431 2069 4509">
     <span class='ocr_line' id='line_1_80' title="bbox 502 4431 2069 4509; baseline -0.006 -14"><span class='ocrx_word' id='word_1_646' title='bbox 502 4439 710 4503; x_wconf 88' lang='lat' dir='ltr'><strong>omnia,</strong></span> <span class='ocrx_word' id='word_1_647' title='bbox 742 4452 863 4509; x_wconf 65' lang='lat' dir='ltr'><strong>qua:</strong></span> <span class='ocrx_word' id='word_1_648' title='bbox 890 4447 1073 4492; x_wconf 90' lang='lat' dir='ltr'><strong>creata</strong></span> <span class='ocrx_word' id='word_1_649' title='bbox 1103 4440 1225 4489; x_wconf 88' lang='lat' dir='ltr'><strong>sunt</strong></span> <span class='ocrx_word' id='word_1_650' title='bbox 1263 4431 1331 4488; x_wconf 91' lang='lat' dir='ltr'><strong>ad</strong></span> <span class='ocrx_word' id='word_1_651' title='bbox 1366 4447 1528 4487; x_wconf 91' lang='lat' dir='ltr'><strong>usum</strong></span> <span class='ocrx_word' id='word_1_652' title='bbox 1558 4440 1810 4488; x_wconf 89' lang='lat' dir='ltr'><strong>nostrum</strong></span> <span class='ocrx_word' id='word_1_653' title='bbox 1835 4449 1851 4499; x_wconf 89' lang='lat'><strong>;</strong></span> <span class='ocrx_word' id='word_1_654' title='bbox 1875 4443 1937 4487; x_wconf 91' lang='lat' dir='ltr'><strong>ut</strong></span> <span class='ocrx_word' id='word_1_655' title='bbox 1960 4447 2069 4486; x_wconf 83' lang='lat' dir='ltr'><strong>ma-</strong></span> 
     </span>
    </p>
   </div>
   <div class='ocr_carea' id='block_1_80' title="bbox 2171 4427 3749 4509">
    <p class='ocr_par' dir='ltr' id='par_1_80' title="bbox 2172 4427 3749 4505">
     <span class='ocr_line' id='line_1_81' title="bbox 2172 4427 3749 4505; baseline -0.009 -18"><span class='ocrx_word' id='word_1_656' title='bbox 2172 4433 2313 4489; x_wconf 79' lang='grc' dir='ltr'><strong>καλὰ</strong></span> <span class='ocrx_word' id='word_1_657' title='bbox 2357 4434 2453 4505; x_wconf 80' lang='grc' dir='ltr'><strong>μὲν</strong></span> <span class='ocrx_word' id='word_1_658' title='bbox 2488 4427 2626 4484; x_wconf 81' lang='grc' dir='ltr'><strong>εἶναι</strong></span> <span class='ocrx_word' id='word_1_659' title='bbox 2658 4429 2854 4496; x_wconf 88' lang='grc' dir='ltr'><strong>πάντα,</strong></span> <span class='ocrx_word' id='word_1_660' title='bbox 2906 4430 3006 4482; x_wconf 78' lang='grc' dir='ltr'><strong>ὅσα</strong></span> <span class='ocrx_word' id='word_1_661' title='bbox 3046 4431 3126 4492; x_wconf 84' lang='grc' dir='ltr'><strong>είς</strong></span> <span class='ocrx_word' id='word_1_662' title='bbox 3162 4429 3360 4502; x_wconf 81' lang='grc' dir='ltr'><strong>χρῆσιν</strong></span> <span class='ocrx_word' id='word_1_663' title='bbox 3399 4428 3561 4499; x_wconf 73' lang='grc' dir='ltr'><strong>ἡμῶν</strong></span> <span class='ocrx_word' id='word_1_664' title='bbox 3605 4429 3749 4483; x_wconf 60' lang='lat' dir='ltr'><strong>bas-</strong></span> 
     </span>
    </p>
   </div>
   <div class='ocr_carea' id='block_1_81' title="bbox 505 4521 2069 4618">
    <p class='ocr_par' dir='ltr' id='par_1_81' title="bbox 505 4523 2068 4598">
     <span class='ocr_line' id='line_1_82' title="bbox 505 4523 2068 4598; baseline -0.004 -13"><span class='ocrx_word' id='word_1_665' title='bbox 505 4529 841 4595; x_wconf 88' lang='lat' dir='ltr'><strong>trimonium,</strong></span> <span class='ocrx_word' id='word_1_666' title='bbox 871 4528 1018 4584; x_wconf 89' lang='lat' dir='ltr'><strong>verbi</strong></span> <span class='ocrx_word' id='word_1_667' title='bbox 1057 4527 1250 4598; x_wconf 88' lang='lat' dir='ltr'><strong>gratia,</strong></span> <span class='ocrx_word' id='word_1_668' title='bbox 1290 4533 1345 4581; x_wconf 92' lang='lat' dir='ltr'><strong>et</strong></span> <span class='ocrx_word' id='word_1_669' title='bbox 1391 4523 1683 4579; x_wconf 90' lang='lat' dir='ltr'><strong>liberorum</strong></span> <span class='ocrx_word' id='word_1_670' title='bbox 1731 4523 2068 4594; x_wconf 89' lang='lat' dir='ltr'><strong>procreatio-</strong></span> 
     </span>
    </p>
   </div>
   <div class='ocr_carea' id='block_1_82' title="bbox 2171 4521 3748 4618">
    <p class='ocr_par' dir='ltr' id='par_1_82' title="bbox 2174 4521 3748 4597">
     <span class='ocr_line' id='line_1_83' title="bbox 2174 4521 3748 4597; baseline -0.003 -18"><span class='ocrx_word' id='word_1_671' title='bbox 2174 4525 2309 4597; x_wconf 84' lang='grc' dir='ltr'><strong>σθη·</strong></span> <span class='ocrx_word' id='word_1_672' title='bbox 2369 4524 2447 4589; x_wconf 83' lang='grc' dir='ltr'><strong>ὡς</strong></span> <span class='ocrx_word' id='word_1_673' title='bbox 2498 4523 2710 4594; x_wconf 87' lang='grc' dir='ltr'><strong>γάμον,</strong></span> <span class='ocrx_word' id='word_1_674' title='bbox 2757 4521 2889 4594; x_wconf 80' lang='grc' dir='ltr'><strong>φέρε</strong></span> <span class='ocrx_word' id='word_1_675' title='bbox 2936 4522 3148 4586; x_wconf 74' lang='grc' dir='ltr'><strong>εἰπεῖν,</strong></span> <span class='ocrx_word' id='word_1_676' title='bbox 3209 4521 3304 4574; x_wconf 68' lang='grc' dir='ltr'><strong>καὶ</strong></span> <span class='ocrx_word' id='word_1_677' title='bbox 3364 4521 3748 4583; x_wconf 78' lang='grc' dir='ltr'><strong>παιδοποιίαν,</strong></span> 
     </span>
    </p>
   </div>
   <div class='ocr_carea' id='block_1_83' title="bbox 503 4612 2069 4691">
    <p class='ocr_par' dir='ltr' id='par_1_83' title="bbox 503 4617 2069 4691">
     <span class='ocr_line' id='line_1_84' title="bbox 503 4617 2069 4691; baseline -0.005 -12"><span class='ocrx_word' id='word_1_678' title='bbox 503 4639 648 4691; x_wconf 88' lang='lat' dir='ltr'><strong>nem,</strong></span> <span class='ocrx_word' id='word_1_679' title='bbox 698 4623 744 4679; x_wconf 89' lang='lat' dir='ltr'><strong>si</strong></span> <span class='ocrx_word' id='word_1_680' title='bbox 783 4621 851 4678; x_wconf 89' lang='lat' dir='ltr'><strong>iis</strong></span> <span class='ocrx_word' id='word_1_681' title='bbox 891 4629 1169 4677; x_wconf 88' lang='lat' dir='ltr'><strong>uteremur</strong></span> <span class='ocrx_word' id='word_1_682' title='bbox 1191 4635 1315 4674; x_wconf 90' lang='lat' dir='ltr'><strong>cum</strong></span> <span class='ocrx_word' id='word_1_683' title='bbox 1340 4618 1714 4689; x_wconf 88' lang='lat' dir='ltr'><strong>temperantia,</strong></span> <span class='ocrx_word' id='word_1_684' title='bbox 1738 4617 1941 4672; x_wconf 92' lang='lat' dir='ltr'><strong>bonum</strong></span> <span class='ocrx_word' id='word_1_685' title='bbox 1972 4631 2069 4672; x_wconf 90' lang='lat' dir='ltr'><strong>au—</strong></span> 
     </span>
    </p>
   </div>
   <div class='ocr_carea' id='block_1_84' title="bbox 2171 4612 3751 4691">
    <p class='ocr_par' dir='ltr' id='par_1_84' title="bbox 2175 4612 3751 4690">
     <span class='ocr_line' id='line_1_85' title="bbox 2175 4612 3751 4690; baseline -0.001 -18"><span class='ocrx_word' id='word_1_686' title='bbox 2175 4618 2313 4690; x_wconf 87' lang='grc' dir='ltr'><strong>μετά</strong></span> <span class='ocrx_word' id='word_1_687' title='bbox 2368 4614 2721 4688; x_wconf 82' lang='grc' dir='ltr'><strong>σωφροσύνης</strong></span> <span class='ocrx_word' id='word_1_688' title='bbox 2771 4613 3216 4686; x_wconf 84' lang='grc' dir='ltr'><strong>παρειλημμένα·</strong></span> <span class='ocrx_word' id='word_1_689' title='bbox 3276 4613 3447 4669; x_wconf 81' lang='grc' dir='ltr'><strong>καλοῦ</strong></span> <span class='ocrx_word' id='word_1_690' title='bbox 3498 4614 3560 4668; x_wconf 79' lang='grc' dir='ltr'><strong>δὲ</strong></span> <span class='ocrx_word' id='word_1_691' title='bbox 3613 4612 3751 4671; x_wconf 75' lang='grc' dir='ltr'><strong>εἶναι</strong></span> 
     </span>
    </p>
   </div>
   <div class='ocr_carea' id='block_1_85' title="bbox 503 4703 2069 4782">
    <p class='ocr_par' dir='ltr' id='par_1_85' title="bbox 503 4706 2063 4782">
     <span class='ocr_line' id='line_1_86' title="bbox 503 4706 2063 4782; baseline -0.005 -12"><span class='ocrx_word' id='word_1_692' title='bbox 503 4726 611 4771; x_wconf 90' lang='lat' dir='ltr'><strong>tem</strong></span> <span class='ocrx_word' id='word_1_693' title='bbox 640 4720 699 4780; x_wconf 63' lang='grc' dir='ltr'><strong>»Β</strong></span> <span class='ocrx_word' id='word_1_694' title='bbox 733 4730 856 4770; x_wconf 89' lang='lat' dir='ltr'><strong>esse</strong></span> <span class='ocrx_word' id='word_1_695' title='bbox 881 4714 1096 4780; x_wconf 88' lang='lat' dir='ltr'><strong>melius,</strong></span> <span class='ocrx_word' id='word_1_696' title='bbox 1136 4722 1194 4768; x_wconf 91' lang='lat' dir='ltr'><strong>ut</strong></span> <span class='ocrx_word' id='word_1_697' title='bbox 1222 4711 1344 4782; x_wconf 90' lang='lat' dir='ltr'><strong>quis</strong></span> <span class='ocrx_word' id='word_1_698' title='bbox 1368 4725 1464 4781; x_wconf 92' lang='lat' dir='ltr'><strong>per</strong></span> <span class='ocrx_word' id='word_1_699' title='bbox 1485 4725 1628 4776; x_wconf 89' lang='lat' dir='ltr'><strong>eam,</strong></span> <span class='ocrx_word' id='word_1_700' title='bbox 1662 4723 1785 4778; x_wconf 64' lang='lat' dir='ltr'><strong>quae</strong></span> <span class='ocrx_word' id='word_1_701' title='bbox 1813 4718 1900 4764; x_wconf 90' lang='lat' dir='ltr'><strong>est</strong></span> <span class='ocrx_word' id='word_1_702' title='bbox 1931 4706 2063 4775; x_wconf 78' lang='lat' dir='ltr'><strong>Deo,</strong></span> 
     </span>
    </p>
   </div>
   <div class='ocr_carea' id='block_1_86' title="bbox 2171 4703 3753 4782">
    <p class='ocr_par' dir='ltr' id='par_1_86' title="bbox 2171 4703 3753 4782">
     <span class='ocr_line' id='line_1_87' title="bbox 2171 4703 3753 4782; baseline -0.001 -19"><span class='ocrx_word' id='word_1_703' title='bbox 2171 4710 2388 4779; x_wconf 80' lang='grc' dir='ltr'><strong>ἄμεινον</strong></span> <span class='ocrx_word' id='word_1_704' title='bbox 2435 4706 2546 4778; x_wconf 74' lang='grc'>(29)</span> <span class='ocrx_word' id='word_1_705' title='bbox 2579 4705 2677 4777; x_wconf 83' lang='grc' dir='ltr'><strong>τὴν</strong></span> <span class='ocrx_word' id='word_1_706' title='bbox 2729 4705 2865 4777; x_wconf 87' lang='grc' dir='ltr'><strong>πρὸς</strong></span> <span class='ocrx_word' id='word_1_707' title='bbox 2917 4705 2979 4758; x_wconf 89' lang='grc' dir='ltr'><strong>τὸ</strong></span> <span class='ocrx_word' id='word_1_708' title='bbox 3027 4704 3180 4759; x_wconf 83' lang='grc' dir='ltr'><strong>Θεῐον</strong></span> <span class='ocrx_word' id='word_1_709' title='bbox 3237 4703 3568 4782; x_wconf 71' lang='grc' dir='ltr'><strong>ἐξομοίωσιν</strong></span> <span class='ocrx_word' id='word_1_710' title='bbox 3610 4708 3753 4761; x_wconf 60' lang='lat'><strong>51:1-</strong></span> 
     </span>
    </p>
   </div>
   <div class='ocr_carea' id='block_1_87' title="bbox 502 4779 2069 4874">
    <p class='ocr_par' dir='ltr' id='par_1_87' title="bbox 502 4779 2065 4874">
     <span class='ocr_line' id='line_1_88' title="bbox 502 4779 2065 4874; baseline -0.004 -13"><span class='ocrx_word' id='word_1_711' title='bbox 502 4779 974 4872; x_wconf 86' lang='lat' dir='ltr'><strong>assimilationem,</strong></span> <span class='ocrx_word' id='word_1_712' title='bbox 1007 4779 1201 4861; x_wconf 78' lang='lat' dir='ltr'><strong>evadat</strong></span> <span class='ocrx_word' id='word_1_713' title='bbox 1230 4779 1547 4874; x_wconf 43' lang='lat' dir='ltr'><strong>i—tnpatibilis</strong></span> <span class='ocrx_word' id='word_1_714' title='bbox 1575 4811 1629 4857; x_wconf 91' lang='lat' dir='ltr'><strong>et</strong></span> <span class='ocrx_word' id='word_1_715' title='bbox 1650 4801 1847 4856; x_wconf 89' lang='lat' dir='ltr'><strong>virtute</strong></span> <span class='ocrx_word' id='word_1_716' title='bbox 1870 4801 2065 4871; x_wconf 62' lang='lat' dir='ltr'><strong>pradi-</strong></span> 
     </span>
    </p>
   </div>
   <div class='ocr_carea' id='block_1_88' title="bbox 2171 4779 3752 4874">
    <p class='ocr_par' dir='ltr' id='par_1_88' title="bbox 2171 4779 3752 4872">
     <span class='ocr_line' id='line_1_89' title="bbox 2171 4779 3752 4872; baseline -0.003 -18"><span class='ocrx_word' id='word_1_717' title='bbox 2171 4800 2237 4871; x_wconf 83' lang='grc' dir='ltr'>θῆ</span> <span class='ocrx_word' id='word_1_718' title='bbox 2267 4798 2376 4872; x_wconf 75' lang='grc'>(50)</span> <span class='ocrx_word' id='word_1_719' title='bbox 2424 4799 2519 4852; x_wconf 80' lang='grc' dir='ltr'><strong>καὶ</strong></span> <span class='ocrx_word' id='word_1_720' title='bbox 2553 4798 2806 4870; x_wconf 82' lang='grc' dir='ltr'><strong>ἐνάρετον</strong></span> <span class='ocrx_word' id='word_1_721' title='bbox 2850 4795 3125 4868; x_wconf 89' lang='grc' dir='ltr'><strong>γενέσθαι.</strong></span> <span class='ocrx_word' id='word_1_722' title='bbox 3158 4796 3283 4860; x_wconf 77' lang='grc' dir='ltr'><strong>Τοῖς</strong></span> <span class='ocrx_word' id='word_1_723' title='bbox 3322 4795 3381 4849; x_wconf 86' lang='grc' dir='ltr'><strong>δὲ</strong></span> <span class='ocrx_word' id='word_1_724' title='bbox 3431 4779 3638 4859; x_wconf 72' lang='grc' dir='ltr'><strong>ἔξωθεν</strong></span> <span class='ocrx_word' id='word_1_725' title='bbox 3663 4798 3752 4849; x_wconf 68' lang='grc' dir='ltr'><strong>εὓ-</strong></span> 
     </span>
    </p>
   </div>
   <div class='ocr_carea' id='block_1_89' title="bbox 563 4908 2069 5048">
    <p class='ocr_par' dir='ltr' id='par_1_89' title="bbox 563 4914 2069 5048">
     <span class='ocr_line' id='line_1_90' title="bbox 576 4914 2069 4986; baseline -0.008 -2"><span class='ocrx_word' id='word_1_726' title='bbox 576 4927 635 4984; x_wconf 64' lang='grc' dir='ltr'><strong>&gt;Ια</strong></span> <span class='ocrx_word' id='word_1_727' title='bbox 681 4920 743 4976; x_wconf 84' lang='lat' dir='ltr'><strong>P.</strong></span> <span class='ocrx_word' id='word_1_728' title='bbox 785 4922 891 4977; x_wconf 74' lang='lat'><strong>650</strong></span> <span class='ocrx_word' id='word_1_729' title='bbox 934 4920 1046 4975; x_wconf 86' lang='grc' dir='ltr'><strong>ΕΙ).</strong></span> <span class='ocrx_word' id='word_1_730' title='bbox 1084 4917 1384 4986; x_wconf 79' lang='lat' dir='ltr'><strong>POTTER,</strong></span> <span class='ocrx_word' id='word_1_731' title='bbox 1426 4918 1670 4974; x_wconf 71' lang='lat'><strong>532~555</strong></span> <span class='ocrx_word' id='word_1_732' title='bbox 1702 4917 1810 4971; x_wconf 80' lang='grc' dir='ltr'><strong>ΕΙ).</strong></span> <span class='ocrx_word' id='word_1_733' title='bbox 1843 4914 2069 4972; x_wconf 78' lang='lat' dir='ltr'><strong>PARlS.</strong></span> 
     </span>
     <span class='ocr_line' id='line_1_91' title="bbox 563 4989 1616 5048; baseline -0.001 -5"><span class='ocrx_word' id='word_1_734' title='bbox 563 4989 722 5048; x_wconf 79' lang='lat' dir='ltr'><strong>Rom.</strong></span> <span class='ocrx_word' id='word_1_735' title='bbox 747 5007 801 5048; x_wconf 75' lang='grc' dir='ltr'><strong>ν.</strong></span> <span class='ocrx_word' id='word_1_736' title='bbox 833 4993 891 5048; x_wconf 80' lang='grc'><strong>5.</strong></span> <span class='ocrx_word' id='word_1_737' title='bbox 917 4992 973 5048; x_wconf 72' lang='grc' dir='ltr'><strong>Δ.</strong></span> <span class='ocrx_word' id='word_1_738' title='bbox 1010 4993 1065 5048; x_wconf 85' lang='grc'><strong>5.</strong></span> <span class='ocrx_word' id='word_1_739' title='bbox 1141 4992 1170 5032; x_wconf 74' lang='lat' dir='ltr'><strong>b</strong></span> <span class='ocrx_word' id='word_1_740' title='bbox 1199 4993 1220 5047; x_wconf 91' lang='lat' dir='ltr'><strong>l</strong></span> <span class='ocrx_word' id='word_1_741' title='bbox 1249 4990 1376 5046; x_wconf 88' lang='lat' dir='ltr'><strong>Cor.</strong></span> <span class='ocrx_word' id='word_1_742' title='bbox 1411 5005 1530 5048; x_wconf 82' lang='lat' dir='ltr'><strong>vm.</strong></span> <span class='ocrx_word' id='word_1_743' title='bbox 1564 4990 1616 5044; x_wconf 91' lang='lat'><strong>8.</strong></span> 
     </span>
    </p>
   </div>
   <div class='ocr_carea' id='block_1_90' title="bbox 2171 4908 3750 5048">
    <p class='ocr_par' dir='ltr' id='par_1_90' title="bbox 2174 4908 3750 4979">
     <span class='ocr_line' id='line_1_92' title="bbox 2174 4908 3750 4979; baseline -0.004 -9"><span class='ocrx_word' id='word_1_744' title='bbox 2174 4922 2231 4979; x_wconf 78' lang='grc' dir='ltr'><strong>›Ι‹</strong></span> <span class='ocrx_word' id='word_1_745' title='bbox 2275 4914 2339 4969; x_wconf 92' lang='grc' dir='ltr'><strong>Ρ.</strong></span> <span class='ocrx_word' id='word_1_746' title='bbox 2397 4913 2496 4969; x_wconf 77' lang='grc'><strong>651</strong></span> <span class='ocrx_word' id='word_1_747' title='bbox 2548 4912 2658 4969; x_wconf 83' lang='lat' dir='ltr'><strong>ED.</strong></span> <span class='ocrx_word' id='word_1_748' title='bbox 2707 4913 2999 4979; x_wconf 76' lang='lat' dir='ltr'><strong>POTTER,</strong></span> <span class='ocrx_word' id='word_1_749' title='bbox 3057 4911 3301 4969; x_wconf 66' lang='lat'><strong>535-554</strong></span> <span class='ocrx_word' id='word_1_750' title='bbox 3353 4908 3468 4964; x_wconf 82' lang='grc' dir='ltr'><strong>ΕΙ).</strong></span> <span class='ocrx_word' id='word_1_751' title='bbox 3524 4908 3750 4964; x_wconf 78' lang='lat' dir='ltr'><strong>PARIS.</strong></span> 
     </span>
    </p>
   </div>
   <div class='ocr_carea' id='block_1_91' title="bbox 508 5005 3252 5060">
    <p class='ocr_par' dir='ltr' id='par_1_91' title="bbox 508 5005 3252 5060">
     <span class='ocr_line' id='line_1_93' title="bbox 508 5005 3252 5060; baseline 0 -17"><span class='ocrx_word' id='word_1_752' title='bbox 508 5008 535 5034; x_wconf 72' lang='grc' dir='ltr'><strong>ιι</strong></span> <span class='ocrx_word' id='word_1_753' title='bbox 563 5005 722 5048; x_wconf 75' lang='lat' dir='ltr'><strong>nom.</strong></span> <span class='ocrx_word' id='word_1_754' title='bbox 747 5007 801 5058; x_wconf 74' lang='grc' dir='ltr'><strong>ν,</strong></span> <span class='ocrx_word' id='word_1_755' title='bbox 833 5005 891 5055; x_wconf 68' lang='grc'><strong>6,</strong></span> <span class='ocrx_word' id='word_1_756' title='bbox 917 5005 973 5060; x_wconf 69' lang='grc'><strong>4,</strong></span> <span class='ocrx_word' id='word_1_757' title='bbox 1010 5005 1065 5049; x_wconf 79' lang='grc'><strong>5.</strong></span> <span class='ocrx_word' id='word_1_758' title='bbox 1141 5005 1170 5032; x_wconf 78' lang='grc' dir='ltr'><strong><em>ο</em></strong></span> <span class='ocrx_word' id='word_1_759' title='bbox 1199 5005 1220 5047; x_wconf 81' lang='grc' dir='ltr'><strong>ι</strong></span> <span class='ocrx_word' id='word_1_760' title='bbox 1249 5005 1376 5046; x_wconf 75' lang='lat' dir='ltr'><strong>uor.</strong></span> <span class='ocrx_word' id='word_1_761' title='bbox 1411 5005 1530 5054; x_wconf 82' lang='lat' dir='ltr'><strong>vtu,</strong></span> <span class='ocrx_word' id='word_1_762' title='bbox 1564 5005 1616 5044; x_wconf 79' lang='grc' dir='ltr'><strong>δ.</strong></span> <span class='ocrx_word' id='word_1_763' title='bbox 3243 5025 3252 5033; x_wconf 85' lang='lat'><strong><em>-</em></strong></span> 
     </span>
    </p>
   </div>
   <div class='ocr_carea' id='block_1_92' title="bbox 575 5094 2069 5176">
    <p class='ocr_par' dir='ltr' id='par_1_92' title="bbox 575 5104 2069 5176">
     <span class='ocr_line' id='line_1_94' title="bbox 575 5104 2069 5176; baseline -0.001 -17"><span class='ocrx_word' id='word_1_764' title='bbox 575 5104 688 5176; x_wconf 78' lang='lat'><strong>(25)</strong></span> <span class='ocrx_word' id='word_1_765' title='bbox 741 5106 963 5173; x_wconf 74' lang='grc' dir='ltr'><strong>Ἐλπίς.</strong></span> <span class='ocrx_word' id='word_1_766' title='bbox 997 5104 1125 5160; x_wconf 82' lang='lat' dir='ltr'><strong>Vult</strong></span> <span class='ocrx_word' id='word_1_767' title='bbox 1149 5115 1339 5161; x_wconf 90' lang='lat' dir='ltr'><strong>auctor</strong></span> <span class='ocrx_word' id='word_1_768' title='bbox 1363 5113 1465 5162; x_wconf 86' lang='lat' dir='ltr'><strong>hac</strong></span> <span class='ocrx_word' id='word_1_769' title='bbox 1489 5120 1622 5162; x_wconf 89' lang='lat' dir='ltr'><strong>voce</strong></span> <span class='ocrx_word' id='word_1_770' title='bbox 1652 5105 1919 5173; x_wconf 87' lang='lat' dir='ltr'><strong>denotari,</strong></span> <span class='ocrx_word' id='word_1_771' title='bbox 1963 5118 2069 5159; x_wconf 89' lang='lat' dir='ltr'><strong>non</strong></span> 
     </span>
    </p>
   </div>
   <div class='ocr_carea' id='block_1_93' title="bbox 2171 5094 3745 5176">
    <p class='ocr_par' dir='ltr' id='par_1_93' title="bbox 2171 5094 3745 5176">
     <span class='ocr_line' id='line_1_95' title="bbox 2171 5094 3745 5176; baseline -0.005 -20"><span class='ocrx_word' id='word_1_772' title='bbox 2171 5099 2436 5176; x_wconf 75' lang='grc' dir='ltr'><strong>κειοῦται,</strong></span> <span class='ocrx_word' id='word_1_773' title='bbox 2468 5100 2733 5157; x_wconf 80' lang='lat' dir='ltr'><strong>referetur</strong></span> <span class='ocrx_word' id='word_1_774' title='bbox 2761 5100 2836 5176; x_wconf 60' lang='lat' dir='ltr'><strong>ad</strong></span> <span class='ocrx_word' id='word_1_775' title='bbox 2869 5098 3128 5176; x_wconf 78' lang='grc' dir='ltr'><strong>πρόθεσιν</strong></span> <span class='ocrx_word' id='word_1_776' title='bbox 3173 5096 3230 5153; x_wconf 91' lang='lat' dir='ltr'><strong>in</strong></span> <span class='ocrx_word' id='word_1_777' title='bbox 3259 5094 3493 5176; x_wconf 68' lang='lat' dir='ltr'><strong>praeced.</strong></span> <span class='ocrx_word' id='word_1_778' title='bbox 3531 5105 3745 5151; x_wconf 77' lang='lat' dir='ltr'><strong>senten-</strong></span> 
     </span>
    </p>
   </div>
   <div class='ocr_carea' id='block_1_94' title="bbox 505 5168 3749 5245">
    <p class='ocr_par' dir='ltr' id='par_1_94' title="bbox 505 5168 3749 5245">
     <span class='ocr_line' id='line_1_96' title="bbox 505 5168 3749 5245; baseline -0.003 -15"><span class='ocrx_word' id='word_1_779' title='bbox 505 5168 683 5230; x_wconf 70' lang='lat' dir='ltr'><strong>sol&#39;uni</strong></span> <span class='ocrx_word' id='word_1_780' title='bbox 715 5193 733 5226; x_wconf 79' lang='grc' dir='ltr'><strong>ι</strong></span> <span class='ocrx_word' id='word_1_781' title='bbox 771 5168 1025 5245; x_wconf 77' lang='lat' dir='ltr'><strong>sperandi</strong></span> <span class='ocrx_word' id='word_1_782' title='bbox 1070 5196 1088 5229; x_wconf 77' lang='grc' dir='ltr'><strong>ι</strong></span> <span class='ocrx_word' id='word_1_783' title='bbox 1124 5176 1417 5243; x_wconf 90' lang='lat' dir='ltr'><strong>actionem,</strong></span> <span class='ocrx_word' id='word_1_784' title='bbox 1446 5177 1539 5231; x_wconf 86' lang='lat' dir='ltr'><strong>sed</strong></span> <span class='ocrx_word' id='word_1_785' title='bbox 1583 5172 1749 5230; x_wconf 90' lang='lat' dir='ltr'><strong>etiam</strong></span> <span class='ocrx_word' id='word_1_786' title='bbox 1778 5176 1852 5230; x_wconf 87' lang='lat' dir='ltr'><strong>rei</strong></span> <span class='ocrx_word' id='word_1_787' title='bbox 1890 5168 1913 5226; x_wconf 71' lang='grc' dir='ltr'><strong>ι</strong></span> <span class='ocrx_word' id='word_1_788' title='bbox 1950 5188 2077 5244; x_wconf 86' lang='lat' dir='ltr'><strong>spe-</strong></span> <span class='ocrx_word' id='word_1_789' title='bbox 2174 5173 2270 5237; x_wconf 90' lang='lat' dir='ltr'><strong>tia,</strong></span> <span class='ocrx_word' id='word_1_790' title='bbox 2317 5172 2424 5245; x_wconf 84' lang='lat' dir='ltr'><strong>hoe</strong></span> <span class='ocrx_word' id='word_1_791' title='bbox 2465 5186 2630 5227; x_wconf 89' lang='lat' dir='ltr'><strong>sensu</strong></span> <span class='ocrx_word' id='word_1_792' title='bbox 2659 5189 2672 5225; x_wconf 90' lang='lat'><strong>:</strong></span> <span class='ocrx_word' id='word_1_793' title='bbox 2708 5189 2728 5224; x_wconf 78' lang='grc' dir='ltr'><strong>ι</strong></span> <span class='ocrx_word' id='word_1_794' title='bbox 2760 5168 2878 5227; x_wconf 87' lang='lat' dir='ltr'><strong>Non</strong></span> <span class='ocrx_word' id='word_1_795' title='bbox 2914 5168 3068 5226; x_wconf 78' lang='lat' dir='ltr'><strong>enim</strong></span> <span class='ocrx_word' id='word_1_796' title='bbox 3105 5183 3291 5225; x_wconf 83' lang='lat' dir='ltr'><strong>rerum</strong></span> <span class='ocrx_word' id='word_1_797' title='bbox 3322 5174 3539 5221; x_wconf 72' lang='lat' dir='ltr'><strong>natura:</strong></span> <span class='ocrx_word' id='word_1_798' title='bbox 3566 5181 3628 5221; x_wconf 87' lang='lat' dir='ltr'><strong>se</strong></span> <span class='ocrx_word' id='word_1_799' title='bbox 3661 5180 3749 5219; x_wconf 61' lang='lat' dir='ltr'><strong>aco</strong></span> 
     </span>
    </p>
   </div>
   <div class='ocr_carea' id='block_1_95' title="bbox 510 5243 2549 5317">
    <p class='ocr_par' dir='ltr' id='par_1_95' title="bbox 510 5243 2549 5317">
     <span class='ocr_line' id='line_1_97' title="bbox 510 5243 2549 5317; baseline -0.003 -16"><span class='ocrx_word' id='word_1_800' title='bbox 510 5254 642 5302; x_wconf 73' lang='lat' dir='ltr'><strong>rata:</strong></span> <span class='ocrx_word' id='word_1_801' title='bbox 716 5243 1184 5317; x_wconf 78' lang='lat' dir='ltr'><strong>acquisitionem:</strong></span> <span class='ocrx_word' id='word_1_802' title='bbox 1230 5262 1394 5316; x_wconf 90' lang='lat' dir='ltr'><strong>quam</strong></span> <span class='ocrx_word' id='word_1_803' title='bbox 1420 5247 1512 5317; x_wconf 89' lang='lat' dir='ltr'><strong>qui</strong></span> <span class='ocrx_word' id='word_1_804' title='bbox 1539 5246 1766 5302; x_wconf 82' lang='lat' dir='ltr'><strong>feliciter</strong></span> <span class='ocrx_word' id='word_1_805' title='bbox 1817 5243 2074 5316; x_wconf 80' lang='lat' dir='ltr'><strong>attigerit,</strong></span> <span class='ocrx_word' id='word_1_806' title='bbox 2168 5243 2549 5317; x_wconf 52' lang='lat' dir='ltr'><strong>commodat.)</strong></span> 
     </span>
    </p>
   </div>
   <div class='ocr_carea' id='block_1_96' title="bbox 506 5306 2069 5386">
    <p class='ocr_par' dir='ltr' id='par_1_96' title="bbox 506 5306 2069 5386">
     <span class='ocr_line' id='line_1_98' title="bbox 506 5306 2069 5386; baseline -0.001 -13"><span class='ocrx_word' id='word_1_807' title='bbox 506 5306 865 5386; x_wconf 69' lang='lat' dir='ltr'><strong>contumeliis</strong></span> <span class='ocrx_word' id='word_1_808' title='bbox 884 5316 1138 5386; x_wconf 81' lang='lat' dir='ltr'><strong>deinceps</strong></span> <span class='ocrx_word' id='word_1_809' title='bbox 1166 5306 1415 5386; x_wconf 77' lang='lat' dir='ltr'><strong>superior</strong></span> <span class='ocrx_word' id='word_1_810' title='bbox 1438 5306 1579 5372; x_wconf 61' lang='lat' dir='ltr'><strong>&#39;erit.</strong></span> <span class='ocrx_word' id='word_1_811' title='bbox 1863 5384 1872 5386; x_wconf 98' lang='lat'><strong>_</strong></span> <span class='ocrx_word' id='word_1_812' title='bbox 2047 5306 2069 5386; x_wconf 14' lang='grc' dir='ltr'><strong>γ’</strong></span> 
     </span>
    </p>
   </div>
   <div class='ocr_carea' id='block_1_97' title="bbox 2171 5306 3748 5386">
    <p class='ocr_par' dir='ltr' id='par_1_97' title="bbox 2240 5306 3748 5386">
     <span class='ocr_line' id='line_1_99' title="bbox 2240 5306 3748 5386; baseline -0.008 -18"><span class='ocrx_word' id='word_1_813' title='bbox 2240 5311 2353 5385; x_wconf 74' lang='grc'>(29)</span> <span class='ocrx_word' id='word_1_814' title='bbox 2390 5311 2592 5386; x_wconf 69' lang='grc' dir='ltr'><strong>καλοῦ</strong></span> <span class='ocrx_word' id='word_1_815' title='bbox 2633 5308 2703 5365; x_wconf 78' lang='grc' dir='ltr'><strong>δὲ</strong></span> <span class='ocrx_word' id='word_1_816' title='bbox 2731 5306 2884 5386; x_wconf 61' lang='grc' dir='ltr'><strong>εἶναι</strong></span> <span class='ocrx_word' id='word_1_817' title='bbox 2902 5308 3179 5386; x_wconf 53' lang='grc' dir='ltr'><strong>ἀμεινων.</strong></span> <span class='ocrx_word' id='word_1_818' title='bbox 3217 5307 3358 5386; x_wconf 77' lang='lat' dir='ltr'><strong>Dicit</strong></span> <span class='ocrx_word' id='word_1_819' title='bbox 3387 5324 3408 5358; x_wconf 80' lang='grc' dir='ltr'><strong>ι</strong></span> <span class='ocrx_word' id='word_1_820' title='bbox 3465 5314 3748 5386; x_wconf 74' lang='lat' dir='ltr'><strong>creaturas</strong></span> 
     </span>
    </p>
   </div>
   <div class='ocr_carea' id='block_1_98' title="bbox 578 5378 2069 5459">
    <p class='ocr_par' dir='ltr' id='par_1_98' title="bbox 578 5378 2067 5459">
     <span class='ocr_line' id='line_1_100' title="bbox 578 5378 2067 5459; baseline -0.008 -11"><span class='ocrx_word' id='word_1_821' title='bbox 578 5384 691 5459; x_wconf 72' lang='grc'>(26)</span> <span class='ocrx_word' id='word_1_822' title='bbox 720 5384 1009 5459; x_wconf 37' lang='grc' dir='ltr'><strong>Κέρδος-’ἣ</strong></span> <span class='ocrx_word' id='word_1_823' title='bbox 1038 5378 1409 5459; x_wconf 64' lang='grc' dir='ltr'><strong>ἀπόλᾰυσις.</strong></span> <span class='ocrx_word' id='word_1_824' title='bbox 1451 5386 1600 5442; x_wconf 89' lang='lat' dir='ltr'><strong>Flor.</strong></span> <span class='ocrx_word' id='word_1_825' title='bbox 1631 5385 1785 5450; x_wconf 90' lang='lat' dir='ltr'><strong>edit.,</strong></span> <span class='ocrx_word' id='word_1_826' title='bbox 1812 5383 2002 5459; x_wconf 68' lang='grc' dir='ltr'><strong>κέρδος</strong></span> <span class='ocrx_word' id='word_1_827' title='bbox 2032 5385 2067 5456; x_wconf 81' lang='grc' dir='ltr'>ή</span> 
     </span>
    </p>
   </div>
   <div class='ocr_carea' id='block_1_99' title="bbox 2171 5378 3746 5459">
    <p class='ocr_par' dir='ltr' id='par_1_99' title="bbox 2171 5378 3746 5459">
     <span class='ocr_line' id='line_1_101' title="bbox 2171 5378 3746 5459; baseline -0.01 -19"><span class='ocrx_word' id='word_1_828' title='bbox 2171 5378 2292 5459; x_wconf 68' lang='lat' dir='ltr'><strong>esse</strong></span> <span class='ocrx_word' id='word_1_829' title='bbox 2333 5399 2423 5438; x_wconf 90' lang='lat' dir='ltr'><strong>res</strong></span> <span class='ocrx_word' id='word_1_830' title='bbox 2469 5383 2661 5459; x_wconf 81' lang='lat' dir='ltr'><strong>bonas,</strong></span> <span class='ocrx_word' id='word_1_831' title='bbox 2692 5381 2791 5459; x_wconf 82' lang='lat' dir='ltr'><strong>sed</strong></span> <span class='ocrx_word' id='word_1_832' title='bbox 2836 5378 2991 5459; x_wconf 56' lang='lat' dir='ltr'><strong>tubis</strong></span> <span class='ocrx_word' id='word_1_833' title='bbox 3023 5379 3181 5459; x_wconf 68' lang='lat' dir='ltr'><strong>bonis</strong></span> <span class='ocrx_word' id='word_1_834' title='bbox 3221 5378 3418 5433; x_wconf 85' lang='lat' dir='ltr'><strong>melius</strong></span> <span class='ocrx_word' id='word_1_835' title='bbox 3441 5391 3661 5459; x_wconf 30' lang='lat' dir='ltr'><strong>resse,</strong></span> <span class='ocrx_word' id='word_1_836' title='bbox 3691 5384 3746 5459; x_wconf 50' lang='lat' dir='ltr'><strong>‘It</strong></span> 
     </span>
    </p>
   </div>
   <div class='ocr_carea' id='block_1_100' title="bbox 504 5444 3746 5529">
    <p class='ocr_par' dir='ltr' id='par_1_100' title="bbox 504 5444 3746 5529">
     <span class='ocr_line' id='line_1_102' title="bbox 504 5444 3746 5529; baseline -0.004 -17"><span class='ocrx_word' id='word_1_837' title='bbox 504 5444 825 5523; x_wconf 65' lang='grc' dir='ltr'><strong>ἀπὸλάυσιξ,</strong></span> <span class='ocrx_word' id='word_1_838' title='bbox 860 5444 1091 5511; x_wconf 63' lang='grc' dir='ltr'><strong>εἰιίεὐὶο</strong></span> <span class='ocrx_word' id='word_1_839' title='bbox 1124 5472 1222 5527; x_wconf 92' lang='lat' dir='ltr'><strong>pro</strong></span> <span class='ocrx_word' id='word_1_840' title='bbox 1250 5444 1640 5529; x_wconf 65' lang='lat' dir='ltr'><strong>coniunctione</strong></span> <span class='ocrx_word' id='word_1_841' title='bbox 1678 5444 1895 5528; x_wconf 57' lang='lat' dir='ltr'><strong>posito:</strong></span> <span class='ocrx_word' id='word_1_842' title='bbox 1931 5444 2069 5509; x_wconf 52' lang='lat' dir='ltr'><strong>Siti</strong></span> <span class='ocrx_word' id='word_1_843' title='bbox 2168 5452 2280 5510; x_wconf 84' lang='lat' dir='ltr'><strong>Deo</strong></span> <span class='ocrx_word' id='word_1_844' title='bbox 2307 5468 2408 5529; x_wconf 69' lang='lat' dir='ltr'><strong>per</strong></span> <span class='ocrx_word' id='word_1_845' title='bbox 2432 5444 2701 5529; x_wconf 49' lang='lat' dir='ltr'><strong>virtutem</strong></span> <span class='ocrx_word' id='word_1_846' title='bbox 2747 5451 2959 5529; x_wconf 77' lang='lat' dir='ltr'><strong>similes</strong></span> <span class='ocrx_word' id='word_1_847' title='bbox 3002 5449 3338 5529; x_wconf 35' lang='lat' dir='ltr'><strong>evadamus:</strong></span> <span class='ocrx_word' id='word_1_848' title='bbox 3383 5467 3403 5498; x_wconf 73' lang='grc' dir='ltr'><strong>ι</strong></span> <span class='ocrx_word' id='word_1_849' title='bbox 3441 5444 3539 5501; x_wconf 88' lang='lat' dir='ltr'><strong>Sic</strong></span> <span class='ocrx_word' id='word_1_850' title='bbox 3570 5445 3746 5529; x_wconf 56' lang='lat' dir='ltr'><strong>paul:</strong></span> 
     </span>
    </p>
   </div>
   <div class='ocr_carea' id='block_1_101' title="bbox 504 5512 2069 5596">
    <p class='ocr_par' dir='ltr' id='par_1_101' title="bbox 504 5512 1824 5596">
     <span class='ocr_line' id='line_1_103' title="bbox 504 5512 1824 5596; baseline -0.002 -14"><span class='ocrx_word' id='word_1_851' title='bbox 504 5512 668 5585; x_wconf 68' lang='lat' dir='ltr'><strong>suae.</strong></span> <span class='ocrx_word' id='word_1_852' title='bbox 782 5512 824 5523; x_wconf 77' lang='grc'><em>”</em></span> <span class='ocrx_word' id='word_1_853' title='bbox 1090 5512 1140 5596; x_wconf 13' lang='grc' dir='ltr'><strong>γ’</strong></span> <span class='ocrx_word' id='word_1_854' title='bbox 1324 5512 1399 5529; x_wconf 41' lang='grc' dir='ltr'><em>τ</em></span> <span class='ocrx_word' id='word_1_855' title='bbox 1688 5512 1705 5528; x_wconf 83' lang='grc'><em>’</em></span> <span class='ocrx_word' id='word_1_856' title='bbox 1760 5512 1824 5596; x_wconf 49' lang='grc' dir='ltr'><strong>ξ,</strong></span> 
     </span>
    </p>
   </div>
   <div class='ocr_carea' id='block_1_102' title="bbox 2171 5512 3749 5596">
    <p class='ocr_par' dir='ltr' id='par_1_102' title="bbox 2171 5512 3749 5596">
     <span class='ocr_line' id='line_1_104' title="bbox 2171 5512 3749 5596; baseline -0.008 -18"><span class='ocrx_word' id='word_1_857' title='bbox 2171 5533 2292 5596; x_wconf 71' lang='lat' dir='ltr'><strong>post</strong></span> <span class='ocrx_word' id='word_1_858' title='bbox 2312 5512 2505 5596; x_wconf 80' lang='grc' dir='ltr'><strong>’καλῶν</strong></span> <span class='ocrx_word' id='word_1_859' title='bbox 2542 5521 2797 5596; x_wconf 75' lang='grc' dir='ltr'><strong>καλλίονα</strong></span> <span class='ocrx_word' id='word_1_860' title='bbox 2839 5519 3282 5596; x_wconf 78' lang='lat' dir='ltr'><strong>dixit.__Sed_hoc</strong></span> <span class='ocrx_word' id='word_1_861' title='bbox 3325 5518 3446 5572; x_wconf 90' lang='lat' dir='ltr'><strong>loco</strong></span> <span class='ocrx_word' id='word_1_862' title='bbox 3492 5512 3749 5596; x_wconf 45' lang='lat' dir='ltr'><strong>scanst</strong></span> 
     </span>
    </p>
   </div>
   <div class='ocr_carea' id='block_1_103' title="bbox 574 5587 2069 5671">
    <p class='ocr_par' dir='ltr' id='par_1_103' title="bbox 574 5587 2064 5671">
     <span class='ocr_line' id='line_1_105' title="bbox 574 5587 2064 5671; baseline -0.004 -17"><span class='ocrx_word' id='word_1_863' title='bbox 574 5598 690 5671; x_wconf 77' lang='grc'>(27)</span> <span class='ocrx_word' id='word_1_864' title='bbox 731 5595 1115 5671; x_wconf 24' lang='grc' dir='ltr'><strong>οὺὸὲᾼῴτοχὴ</strong></span> <span class='ocrx_word' id='word_1_865' title='bbox 1148 5620 1203 5670; x_wconf 79' lang='grc' dir='ltr'><strong>τ.</strong></span> <span class='ocrx_word' id='word_1_866' title='bbox 1248 5597 1407 5654; x_wconf 83' lang='lat' dir='ltr'><strong>Conl‘.</strong></span> <span class='ocrx_word' id='word_1_867' title='bbox 1450 5599 1706 5669; x_wconf 86' lang='lat' dir='ltr'><strong>superius</strong></span> <span class='ocrx_word' id='word_1_868' title='bbox 1745 5587 1946 5653; x_wconf 69' lang='lat' dir='ltr'><strong>Strom.</strong></span> <span class='ocrx_word' id='word_1_869' title='bbox 1981 5608 2064 5662; x_wconf 84' lang='lat' dir='ltr'><strong>nt,</strong></span> 
     </span>
    </p>
   </div>
   <div class='ocr_carea' id='block_1_104' title="bbox 2171 5587 3745 5671">
    <p class='ocr_par' dir='ltr' id='par_1_104' title="bbox 2171 5587 3745 5671">
     <span class='ocr_line' id='line_1_106' title="bbox 2171 5587 3745 5671; baseline -0.005 -24"><span class='ocrx_word' id='word_1_870' title='bbox 2171 5587 2311 5671; x_wconf 60' lang='grc' dir='ltr'><strong>εἶναι</strong></span> <span class='ocrx_word' id='word_1_871' title='bbox 2343 5593 2442 5665; x_wconf 74' lang='grc' dir='ltr'><strong>ἄμ.</strong></span> <span class='ocrx_word' id='word_1_872' title='bbox 2492 5592 2567 5671; x_wconf 88' lang='lat' dir='ltr'><strong>in_</strong></span> <span class='ocrx_word' id='word_1_873' title='bbox 2589 5593 2862 5671; x_wconf 77' lang='lat' dir='ltr'><strong>editiones</strong></span> <span class='ocrx_word' id='word_1_874' title='bbox 2913 5590 3289 5671; x_wconf 48' lang='lat' dir='ltr'><strong>.H‘ylburgiana</strong></span> <span class='ocrx_word' id='word_1_875' title='bbox 3307 5587 3652 5659; x_wconf 78' lang='lat' dir='ltr'><strong>posteriores</strong></span> <span class='ocrx_word' id='word_1_876' title='bbox 3682 5599 3745 5638; x_wconf 74' lang='lat' dir='ltr'><strong>es</strong></span> 
     </span>
    </p>
   </div>
   <div class='ocr_carea' id='block_1_105' title="bbox 504 5660 2069 5737">
    <p class='ocr_par' dir='ltr' id='par_1_105' title="bbox 504 5660 2055 5737">
     <span class='ocr_line' id='line_1_107' title="bbox 504 5660 2055 5737; baseline -0.001 -16"><span class='ocrx_word' id='word_1_877' title='bbox 504 5660 717 5737; x_wconf 55' lang='lat' dir='ltr'><strong>p.351,</strong></span> <span class='ocrx_word' id='word_1_878' title='bbox 749 5669 847 5725; x_wconf 81' lang='lat' dir='ltr'><strong>nn.</strong></span> <span class='ocrx_word' id='word_1_879' title='bbox 883 5669 973 5724; x_wconf 77' lang='lat'><strong>27.</strong></span> <span class='ocrx_word' id='word_1_880' title='bbox 1516 5660 1536 5669; x_wconf 84' lang='lat'>&#39;</span> <span class='ocrx_word' id='word_1_881' title='bbox 1931 5735 1939 5737; x_wconf 85' lang='lat'><strong><em>_</em></strong></span> <span class='ocrx_word' id='word_1_882' title='bbox 2051 5660 2055 5662; x_wconf 74' lang='lat'><strong><em>&#39;</em></strong></span> 
     </span>
    </p>
   </div>
   <div class='ocr_carea' id='block_1_106' title="bbox 2171 5660 3320 5737">
    <p class='ocr_par' dir='ltr' id='par_1_106' title="bbox 2171 5660 3320 5737">
     <span class='ocr_line' id='line_1_108' title="bbox 2171 5660 3320 5737; baseline -0.004 -21"><span class='ocrx_word' id='word_1_883' title='bbox 2171 5660 2396 5737; x_wconf 41' lang='lat' dir='ltr'><strong>Latina,&quot;</strong></span> <span class='ocrx_word' id='word_1_884' title='bbox 2427 5673 2485 5718; x_wconf 91' lang='lat' dir='ltr'><strong>ut</strong></span> <span class='ocrx_word' id='word_1_885' title='bbox 2518 5663 2755 5737; x_wconf 64' lang='lat' dir='ltr'><strong>videtur,</strong></span> <span class='ocrx_word' id='word_1_886' title='bbox 2780 5660 3046 5737; x_wconf 48' lang='lat' dir='ltr'><strong>versione</strong></span> <span class='ocrx_word' id='word_1_887' title='bbox 3079 5660 3320 5737; x_wconf 75' lang='lat' dir='ltr'><strong>irrepsit.</strong></span> 
     </span>
    </p>
   </div>
   <div class='ocr_carea' id='block_1_107' title="bbox 575 5722 3739 5808">
    <p class='ocr_par' dir='ltr' id='par_1_107' title="bbox 575 5722 3739 5808">
     <span class='ocr_line' id='line_1_109' title="bbox 575 5722 3739 5808; baseline -0.003 -17"><span class='ocrx_word' id='word_1_888' title='bbox 575 5722 683 5808; x_wconf 59' lang='grc' dir='ltr'>(ἑὲ)</span> <span class='ocrx_word' id='word_1_889' title='bbox 704 5722 1075 5795; x_wconf 56' lang='grc' dir='ltr'><strong>’όὶκειοῦταμ</strong></span> <span class='ocrx_word' id='word_1_890' title='bbox 1113 5738 1397 5808; x_wconf 88' lang='lat' dir='ltr'><strong>lnterpres_</strong></span> <span class='ocrx_word' id='word_1_891' title='bbox 1420 5739 1600 5803; x_wconf 90' lang='lat' dir='ltr'><strong>vertit,</strong></span> <span class='ocrx_word' id='word_1_892' title='bbox 1640 5753 1706 5793; x_wconf 89' lang='lat' dir='ltr'><strong>ae</strong></span> <span class='ocrx_word' id='word_1_893' title='bbox 1749 5738 1795 5790; x_wconf 90' lang='lat' dir='ltr'><strong>si</strong></span> <span class='ocrx_word' id='word_1_894' title='bbox 1842 5735 2061 5808; x_wconf 82' lang='lat' dir='ltr'><strong>legisset</strong></span> <span class='ocrx_word' id='word_1_895' title='bbox 2231 5733 2342 5808; x_wconf 74' lang='grc' dir='ltr'>(ὅθ)</span> <span class='ocrx_word' id='word_1_896' title='bbox 2364 5722 2624 5802; x_wconf 78' lang='grc' dir='ltr'><strong>”Απαθῆ.</strong></span> <span class='ocrx_word' id='word_1_897' title='bbox 2654 5722 2812 5788; x_wconf 73' lang='lat' dir='ltr'><strong>Coitl‘.</strong></span> <span class='ocrx_word' id='word_1_898' title='bbox 2846 5722 3403 5802; x_wconf 66' lang='grc' dir='ltr'><strong>Ρωάα9.1ὶῠ.ἰ,εερ.</strong></span> <span class='ocrx_word' id='word_1_899' title='bbox 3424 5726 3477 5795; x_wconf 74' lang='grc'><strong>2,</strong></span> <span class='ocrx_word' id='word_1_900' title='bbox 3495 5740 3623 5796; x_wconf 83' lang='lat' dir='ltr'><strong>pag.</strong></span> <span class='ocrx_word' id='word_1_901' title='bbox 3652 5722 3739 5782; x_wconf 82' lang='lat'><strong>99.</strong></span> 
     </span>
    </p>
   </div>
   <div class='ocr_carea' id='block_1_108' title="bbox 500 5805 2069 5879">
    <p class='ocr_par' dir='ltr' id='par_1_108' title="bbox 500 5805 2060 5879">
     <span class='ocr_line' id='line_1_110' title="bbox 500 5805 2060 5879; baseline -0.001 -19"><span class='ocrx_word' id='word_1_902' title='bbox 500 5805 823 5862; x_wconf 70' lang='grc' dir='ltr'><strong>οἰκειοῦνται</strong></span> <span class='ocrx_word' id='word_1_903' title='bbox 855 5813 907 5864; x_wconf 91' lang='lat' dir='ltr'><strong>in</strong></span> <span class='ocrx_word' id='word_1_904' title='bbox 950 5809 1144 5879; x_wconf 89' lang='lat' dir='ltr'><strong>plurali</strong></span> <span class='ocrx_word' id='word_1_905' title='bbox 1187 5805 1337 5862; x_wconf 79' lang='lat' dir='ltr'><strong>num.</strong></span> <span class='ocrx_word' id='word_1_906' title='bbox 1366 5806 1520 5874; x_wconf 84' lang='lat' dir='ltr'><strong>Quod</strong></span> <span class='ocrx_word' id='word_1_907' title='bbox 1556 5811 1602 5864; x_wconf 90' lang='lat' dir='ltr'><strong>si</strong></span> <span class='ocrx_word' id='word_1_908' title='bbox 1644 5808 1940 5863; x_wconf 83' lang='lat' dir='ltr'><strong>retineatur</strong></span> <span class='ocrx_word' id='word_1_909' title='bbox 1982 5807 2060 5859; x_wconf 84' lang='lat' dir='ltr'><strong>oi-</strong></span> 
     </span>
    </p>
   </div>
   <div class='ocr_carea' id='block_1_109' title="bbox 2171 5805 2353 5879">
    <p class='ocr_par' dir='ltr' id='par_1_109' title="bbox 2171 5805 2353 5860">
     <span class='ocr_line' id='line_1_111' title="bbox 2171 5805 2353 5860; baseline -0.005 -2"><span class='ocrx_word' id='word_1_910' title='bbox 2171 5814 2271 5860; x_wconf 85' lang='lat' dir='ltr'><strong>not.</strong></span> <span class='ocrx_word' id='word_1_911' title='bbox 2300 5805 2353 5859; x_wconf 75' lang='grc'><strong>4.</strong></span> 
     </span>
    </p>
   </div>
  </div>
